2782 4198
585 240 691 293 258
1058 253 1333 293 GREGoRn
1371 253 1451 290 vn
1487 251 1752 291 REGISTRI
1787 253 1845 290 1v
1872 252 1933 288 12.
1961 252 2052 288 122.

379 375 493 420 1077
584 371 875 426 severitatis
914 371 1226 439 gravitatem
1265 370 1357 423 sed
1383 370 1532 438 quasi
1558 363 1862 439 tyrannicae
1887 368 2140 422 feritatis‘*
2168 370 2528 424 crudelitatem

326 435 402 473 Im
422 436 471 474 2⁵
482 457 495 464 ”
506 437 554 474 2⁷
584 484 713 536 esse,
754 467 1040 520 clamarent
1051 465 1087 518 b.

730 562 966 630 Denique
1004 561 1258 614 instantia
1297 561 1707 631 compunctionis
1749 561 1858 614 eius
1900 564 1951 613 et
1987 564 2135 614 tanta
2175 561 2408 614 omnium
2439 561 2528 629 qui
2585 593 2597 600 =

405 669 482 707 Ian.
506 671 553 707 28
581 657 655 711 ibi
695 657 912 710 aderant
949 657 1328 727 supplicatione
1367 656 1575 723 devicti,
1615 657 1828 710 tandem
1867 673 2001 724 eum,
2041 656 2275 710 relaxato
2315 657 2528 710 anathe-

580 753 736 806 matis
774 751 1006 821 vincu10,
1055 753 1111 805 in
1153 753 1530 806 communionis
1571 753 1823 820 gratiamc
1862 756 1913 805 et
1959 753 2130 817 sinum
2169 757 2378 806 sanctae
2416 770 2528 806 ma-

580 848 693 901 tris,
717 847 965 902 ecclesiae
1003 849 1318 918 recepimus3
1361 850 1586 919 acceptis
1628 848 1722 902 abd
1759 865 1817 901 eo
1858 848 2238 916 securitatibUS,
2279 865 2410 917 quae
2447 850 2527 902 in-

579 943 740 997 ferius
781 944 1006 1013 scriptae
1049 948 1170 997 sunt
1185 941 1211 997 ¹.
1273 944 1503 1008 Quarum
1543 946 1703 998 etiam
1742 944 2184 998 confirmationem
2224 961 2317 1014 per
2341 960 2527 997 manus

582 1039 783 1093 abbatis
824 1037 1211 1094 Cluniacensis²
1252 1044 1331 1093 61;Θ
1370 1040 1598 1094 filiarum
1637 1045 1932 1094 nostrarum
1975 1039 2240 1092 Mathildis
2280 1043 2331 1092 et
2368 1039 2529 1093 comi-

580 1135 739 1189 tissae
765 1132 1044 1188 Adelaiae³
1071 1141 1122 1189 et
1161 1136 1382 1189 aliorum
1422 1138 1738 1207 principum,
1779 1137 2144 1206 episcoporum
2182 1139 2233 1189 et
2257 1135 2526 1204 laicorum,

582 1231 670 1300 qui
707 1231 857 1285 nobis
897 1231 964 1284 ad
1000 1230 1098 1285 hoc
1135 1231 1289 1286 utiles
1329 1233 1430 1286 visi
1470 1238 1606 1302 sunt,
1645 1234 1952 1303 recepimus,

727 1326 823 1379 His
871 1327 1049 1396 itaque
1098 1328 1173 1380 sic
1211 1329 1463 1398 peractis,
1517 1333 1576 1382 ut
1615 1330 1680 1382 ad
1718 1346 1902 1399 pacem
1941 1327 2187 1381 ecclesiae
2227 1331 2279 1380 et
2317 1343 2528 1381 concor-

581 1422 722 1475 diam
758 1422 933 1491 regni,
985 1422 1120 1476 sicut
1159 1423 1250 1476 diu
1290 1424 1724 1491 desideravimUS,
1774 1424 1949 1476 omnia
1987 1423 2189 1493 plenius
2227 1423 2339 1477 Deo
2381 1424 2528 1476 adiu-

579 1522 735 1570 vante
774 1521 1020 1587 coaptare
1058 1519 1347 1588 possimus,
1389 1521 1455 1573 ad
1492 1525 1667 1591 partes
1705 1524 1906 1573 vestras
1947 1519 2070 1573 data
2105 1519 2335 1589 primum
2375 1535 2527 1589 opor-

579 1613 801 1666 tunitate
855 1613 1081 1667 transire
1139 1615 1396 1684 cupimus,
1549 1616 1660 1669 Hoc
1717 1616 1855 1668 enim
1913 1615 2242 1668 dilectionem
2297 1619 2526 1669 vestram
2553 1654 2565 1660 -

578 1708 934 1762 indubitanter
973 1709 1106 1763 scire
1144 1710 1411 1779 volumuS,
1453 1712 1715 1780 quoniam,
1758 1711 1892 1763 sicut
1929 1711 1984 1762 in
2022 1711 2296 1780 descriptis
2335 1711 2528 1764 securi-

577 1805 772 1858 tatibus
800 1821 1110 1873 cognoscere
1137 1807 1372 1876 potestiS,
1395 1807 1472 1859 ita
1499 1807 1665 1860 adhuc
1691 1807 1850 1859 totius
1878 1807 2080 1874 negocii
2101 1823 2256 1860 causa
2275 1823 2528 1876 suspensa

580 1905 674 1969 est,
714 1905 773 1954 ut
811 1905 863 1954 et
901 1901 1154 1955 adventus
1194 1907 1373 1956 noster
1413 1908 1465 1956 et
1503 1903 1837 1956 consiliorum
1877 1902 2527 1955 vestrorumunanimitas
2602 1899 2604 1902 ’

577 1998 902 2067 permaxime
927 1999 1222 2051 necessaria
1249 2016 1361 2052 esse
1388 1999 1678 2052 videantur.
1721 1988 2049 2068 Quapropter
2074 1999 2131 2051 in
2157 2015 2219 2051 ea
2243 1997 2343 2051 fide
2371 2015 2527 2067 quam

578 2094 822 2163 coepistis
862 2098 913 2147 et
952 2111 1128 2147 amore
1167 2094 1425 2148 iustitiae‘
1452 2112 1630 2148 omnes
1665 2112 1971 2165 permanere
2009 2095 2237 2161 studete3
2278 2095 2524 2148 scientes:

577 2206 672 2242 nos
711 2206 816 2242 non
856 2190 1007 2243 aliter
1046 2191 1158 2258 regi
1199 2190 1455 2258 obligatos
1483 2208 1625 2258 esse,
1667 2191 1770 2243 nisi
1810 2191 1979 2259 quodg
2003 2207 2134 2260 puro
2164 2187 2429 2243 sermone⁴
2455 2220 2524 2226 —

580 2286 713 2338 sicut
750 2285 940 2339 michih
969 2303 1082 2339 mos
1123 2291 1202 2339 est
1242 2317 1310 2322 —
1351 2287 1406 2339 in
1434 2287 1514 2339 his
1548 2304 1666 2339 eum
1699 2287 1780 2339 dei
1807 2286 1957 2339 nobis
1986 2303 2195 2355 sperare
2223 2286 2524 2354 dixerimUS,

577 2380 633 2432 in
681 2380 866 2449 quibus
907 2398 1026 2434 611111
1065 2382 1131 2435 ad
1169 2382 1392 2435 salutem
1435 2386 1487 2435 et
1524 2382 1775 2435 honorem
1813 2399 1991 2450 suum,
2043 2387 2132 2435 aut
2171 2398 2287 2435 cum
2324 2382 2527 2435 iustitia

581 2479 671 2528 aut
708 2492 826 2529 cum
863 2477 1239 2547 misericordia,
1281 2478 1394 2532 sine
1435 2483 1646 2531 nostrae
1685 2482 1736 2531 et
1773 2478 1913 2531 illius
1945 2478 2149 2554 animae
2175 2478 2406 2548 periculo
2435 2478 2527 2531 ad-

578 2571 759 2624 iuvare
797 2572 1076 2641 possimus

579 2718 657 2783 IV
688 2724 762 2781 12
782 2739 832 2781 a.
876 2726 1331 2781 Iusiurandum
1375 2728 1650 2782 Henrici
1687 2729 1868 2796 regis
1909 2727 2483 2782 Teutonicorum¹¹⁵.

419 2834 531 2876 1077
724 2821 838 2890 Ego
876 2822 1132 2877 Henricus
1181 2841 1274 2878 rex
1326 2825 1389 2878 de
1428 2825 1841 2877 murmuratione
1881 2828 1934 2878 et
1972 2824 2318 2892 dissensione,
2368 2840 2523 2892 quam

403 2894 477 2930 Ian‘
502 2895 547 2930 ²8
579 2933 716 2971 nunc
753 2918 947 2973 habent
984 2923 1165 2973 contra
1203 2936 1286 2972 me
1326 2919 1704 2990 archiepiscopi
1741 2924 1792 2973 et
1819 2920 2085 2990 episcopi¹,
2126 2920 2280 2972 duces
2307 2918 2522 2972 comites

695 3032 727 3057 a.
765 3022 977 3059 severitatis
1014 3024 1049 3059 2.
1179 3022 1216 3059 b.
1250 3022 1476 3059 mirarentur
1511 3025 1546 3060 2.
1677 3035 1708 3060 c.
1743 3025 1784 3060 in
1817 3024 1974 3070 gratiam
2002 3022 2372 3068 communionemque
2399 3023 2421 3058 2
2452 3036 2522 3070 pro

578 3086 618 3123 in
650 3106 691 3111 -
723 3087 917 3124 ecclesiae.
1048 3088 1084 3125 d.
1119 3087 1164 3125 ab
1194 3098 1237 3124 eo
1266 3102 1335 3124 om.
1357 3089 1391 3124 2.
1530 3101 1560 3126 e.
1599 3091 1637 3126 et
1673 3109 1710 3114 —
1741 3091 1953 3126 nostrarum
1981 3102 2050 3125 om.
2069 3089 2104 3124 2.
2239 3086 2265 3123 f.
2299 3088 2524 3124 unanimiter

582 3153 673 3190 add.
693 3154 729 3190 3.
833 3164 868 3200 g.
896 3154 998 3202 quod
1024 3168 1094 3191 om.
1116 3155 1151 3190 2.
1264 3153 1302 3190 h.
1331 3154 1377 3190 de
1404 3155 1514 3191 nobis
1542 3157 1565 3192 2
1589 3170 1658 3203 pro
1686 3155 1819 3200 michi3
1847 3155 1957 3192 nobis
1986 3156 2021 3191 3.
2133 3153 2158 3189 i.
2186 3153 2232 3189 de
2260 3153 2369 3189 nobis
2397 3167 2466 3190 om.
2485 3155 2521 3190 2.

577 3217 615 3254 k.
642 3221 796 3269 Legitur
821 3222 933 3256 eliam
961 3220 1000 3263 2)
1027 3234 1074 3255 ex
1101 3220 1185 3256 cod.
1209 3220 1395 3258 Vaticano
1423 3236 1457 3256 n.
1479 3221 1578 3258 3835
1608 3236 1668 3270 ap.
1689 3222 1900 3258 Hartzheim
1924 3220 2092 3258 Concilia
2115 3221 2333 3256 Germaniae
2359 3222 2422 3256 III
2447 3220 2523 3257 184

579 3292 613 3320 et
640 3299 701 3332 ap.
722 3287 868 3321 Petrum
897 3287 1043 3330 Pisan„
1074 3288 1180 3322 Pont.
1203 3288 1313 3322 Rom,
1334 3287 1405 3322 Vit.
1426 3288 1484 3323 ed.
1507 3288 1716 3324 Waltericlz
1744 3290 1765 3324 I
1792 3287 1878 3331 297,
1916 3283 1953 3331 3)
1976 3299 2038 3332 ap.
2057 3287 2206 3334 Hugon·
2227 3285 2386 3328 Flavia„
2418 3288 2523 3323 Mon.

580 3352 696 3387 Germ.
715 3352 784 3389 SS.
807 3353 904 3388 VIII
928 3350 1017 3388 445.
1171 3351 1197 3388 l.
1232 3352 1386 3389 abbates
1415 3353 1508 3389 add.
1529 3354 1565 3389 2.

699 3415 737 3458 1.
772 3415 827 3459 V.
858 3413 974 3458 infra
1006 3416 1061 3459 12
1073 3429 1113 3459 a.
1265 3417 1306 3459 2.
1338 3416 1558 3472 Hugonis.
1709 3416 1751 3459 3.
1782 3413 2087 3458 Taurinensis.
2236 3414 2279 3456 4.
2317 3414 2346 3457 i.
2369 3426 2407 3457 e.
2441 3427 2523 3470 per

580 3485 862 3543 colloquium,
894 3500 984 3531 non
1013 3501 1095 3544 per
1123 3489 1309 3532 litteras.
1431 3490 1472 3532 5.
1507 3488 1846 3532 Sacramentum
1872 3486 1955 3530 hoc
1976 3499 2067 3529 non
2087 3484 2145 3529 ab
2166 3486 2264 3542 ipso
2286 3499 2407 3543 rege,
2440 3487 2522 3531 sed

580 3571 607 3600 a
636 3559 911 3614 principibus
940 3573 1021 3615 pro
1052 3573 1160 3616 rege
1191 3561 1359 3604 dictum
1393 3574 1507 3617 esse,
1541 3560 1833 3604 disertissime
1863 3558 2148 3602 tradiderunt
2175 3559 2444 3604 Lambertus
2475 3561 2522 3604 in

580 3632 726 3674 annal.
746 3633 857 3676 1077
881 3636 926 3676 et
945 3633 1215 3678 Bertholdus
1240 3635 1285 3677 in
1307 3635 1453 3678 annal.
1482 3635 1606 3690 1077,
1638 3634 1756 3677 Mon.
1775 3632 1924 3677 Germ.
1943 3630 2022 3676 SS.
2041 3633 2083 3678 V
2100 3632 2186 3676 259
2209 3636 2255 3676 et
2271 3634 2371 3677 289.
2417 3634 2521 3690 Ipse
