2782 4198
831 283 1106 323 GREGORII
1142 285 1222 321 vn
1259 283 1524 321 Raeisrm
1561 283 1626 320 111
1652 282 1714 318 11.
2136 267 2242 320 225

294 394 372 456 ΙΠ
401 399 499 456 11.
531 402 774 455 Amaldo
824 405 1065 473 episcopo
1110 402 1462 455 Acherontino
1509 402 1753 465 mandat,
1804 409 1863 451 ut
1900 399 2188 468 Roqerium
2214 399 2253 451 I

536 500 769 551 comite-m
809 499 1028 554 Siciliae
1067 510 1114 553 et
1151 497 1426 551 Calabriae
1469 507 1515 550 et
1553 499 1659 549 eius
1698 496 1885 548 milites
1925 505 2106 547 contra
2136 513 2243 564 pa-

531 613 699 664 9an03
737 607 1095 666 paynaturoe,
1151 597 1201 647 si
1237 595 1613 664 poenitentiam
1644 594 1968 662 pereyerint,
2012 593 2244 661 peccatis

535 691 783 744 absolvat.
833 691 904 746 Se
922 702 1173 762 paratam
1200 708 1320 755 esse,
1352 689 1637 741 Roboretum
1665 706 1868 757 quoque
1887 689 2067 740 ducem
2087 687 2243 757 Apa-

536 787 638 839 Ziae
682 789 739 839 in
783 790 1016 858 qratiam
1060 789 1302 857 recipere.
1372 785 1643 836 Baldaino
1695 786 1935 854 episcopo
1976 784 2244 851 Melfitaoio

537 885 891 953 episcopatum
926 885 1082 936 reddi
1116 883 1268 935 iubet.
2117 876 2120 878 ’

443 990 724 1060 Gregorius
764 994 1040 1063 episcopus
1080 1008 1260 1045 servus
1301 1006 1571 1044 servorum
1606 987 1707 1041 Dei
1731 987 1965 1041 Arnaldo
2004 988 2157 1041 fratri
2196 993 2247 1041 et

295 1088 601 1159 coepiscopo
626 1089 978 1142 Acherentino
1019 1088 1243 1142 salutem
1282 1091 1334 1140 et
1372 1083 1714 1155 apostolicam
1751 1083 2182 1138 benedictionem.

442 1185 659 1239 Noverit
703 1185 1003 1238 fraternitas
1051 1190 1166 1252 tua,
1218 1182 1465 1252 quoniam
1502 1180 1754 1248 Rogerius
1773 1176 1785 1200 ¹
1833 1197 2032 1248 comeS‚
2084 1181 2247 1233 frater

294 1277 536 1335 Roberti2
578 1281 740 1349 ducis⁷
789 1280 1105 1351 apostolicae
1139 1279 1282 1353 sedis
1321 1277 1739 1331 benedictionem
1779 1281 1831 1330 et
1869 1276 2248 1330 absolutionem

293 1377 515 1446 requirit
562 1378 775 1445 eiusque
813 1376 951 1430 filius
990 1375 1166 1429 vocari
1206 1379 1257 1428 et
1296 1391 1409 1428 esse
1449 1373 1725 1426 desiderat.
1787 1371 2117 1442 Quapropter
2154 1390 2247 1442 pa-

296 1473 478 1526 storali
516 1490 642 1526 cura
678 1472 775 1526 hoc
812 1473 1006 1526 laboris
1057 1489 1186 1525 onus
1233 1470 1331 1524 tibi
1376 1470 1722 1540 imponimuS‚
1771 1469 1933 1521 immo
1983 1486 2047 1522 ex
2098 1474 2248 1539 parte

294 1567 435 1621 beati
458 1567 602 1621 Petri
640 1569 986 1639 imperamus:
1028 1573 1087 1622 ut
1125 1567 1418 1639 postposita
1449 1566 1591 1619 omni
1617 1565 1844 1635 torporis
1873 1565 2074 1618 desidia
2098 1565 2248 1617 illum

297 1663 478 1730 adeas;
520 1682 756 1734 eumque,
797 1666 950 1718 huius
976 1665 1145 1718 nostri
1168 1663 1436 1734 praecepti
1475 1662 1784 1716 auctoritate
1810 1661 1988 1728 fultus,
2029 1662 2073 1714 si
2099 1660 2248 1713 nobis

295 1777 480 1829 parere
529 1761 664 1814 sicut
708 1761 971 1831 pollicitus
1023 1764 1102 1814 est
1148 1759 1373 1813 voluerit
1420 1764 1472 1812 et
1518 1758 1897 1828 poenitentiam
1945 1761 2004 1810 ut
2042 1761 2250 1826 oportet

297 1855 637 1909 christianum
678 1858 858 1924 egerit,
900 1855 964 1909 ab
1005 1856 1147 1908 omni
1184 1859 1518 1925 peccatorum
1558 1871 1770 1907 suorum
1806 1852 2012 1906 vinculo
2041 1883 2106 1889 —-
2138 1857 2249 1905 tam

297 1951 447 2004 illum
485 1968 639 2020 quam
681 1954 838 2006 etiam
878 1968 998 2005 suos
1037 1951 1247 2020 milites,
1289 1951 1378 2020 qui
1417 1968 1537 2004 cum
1575 1967 1634 2003 eo
1675 1954 1858 2003 contra
1883 1965 2133 2019 paganOS‚
2173 1949 2249 2001 ita

297 2052 473 2100 tamen
521 2052 579 2100 ut
626 2053 783 2116 agant
820 2048 1223 2118 poenitentiam,
1272 2047 1557 2117 pugnaturi
1597 2051 1719 2099 sunt
1758 2076 1828 2082 -—
1868 2045 2096 2115 peccatis
2137 2061 2247 2096 ma-

297 2143 466 2196 xime‘¹
506 2143 759 2197 absolvas,
831 2144 1089 2196 Addimus
1138 2147 1434 2213 praeterea,
1485 2147 1544 2195 ut
1593 2160 1712 2195 eum
1757 2143 1848 2212 pia
1897 2141 2248 2194 admonitione

298 2238 594 2307 admoneas,
637 2243 889 2308 quatenus
930 2256 985 2292 se
1019 2257 1050 2292 a
1076 2239 1387 2309 capitalibus
1416 2238 1721 2291 criminibus
1750 2238 2009 2292 custodiat
2035 2242 2087 2291 et
2113 2237 2248 2290 chri-

297 2335 454 2388 stiani
491 2335 716 2388 nominis
757 2335 1015 2388 culturam
1054 2335 1192 2388 inter
1225 2352 1458 2405 paganos
1490 2334 1810 2405 amplificare
1838 2334 2060 2402 studeat,
2101 2340 2159 2387 ut
2185 2334 2248 2387 de

298 2430 493 2484 eisdem
531 2431 766 2484 hostibus
803 2431 1076 2485 victoriam
1117 2433 1363 2500 consequi
1400 2435 1678 2485 mereatur.

446 2527 715 2596 Amplius,
767 2527 812 2580 si
859 2527 922 2581 de
960 2527 1184 2581 Roberto
1233 2528 1362 2582 duee
1399 2529 1562 2581 fratre
1603 2543 1696 2579 suo
1738 2526 1934 2595 aliquid
1973 2525 2069 2579 tibi
2107 2530 2248 2579 retu-

298 2619 443 2688 lerit,
494 2623 810 2691 respondeas
850 2624 922 2676 ei:
973 2624 1217 2692 quoniam
1257 2623 1522 2677 Romanae
1562 2623 1810 2676 ecclesiae
1847 2623 2007 2675 ianua
2043 2622 2249 2674 miseri-

300 2716 505 2770 cordiae
546 2717 784 2771 omnibus
822 2724 983 2788 patet,
1032 2720 1344 2789 quicumque
1381 2719 1736 2790 poenitentiae
1777 2735 1954 2772 amore
1992 2718 2135 2771 ducti
2173 2718 2248 2770 of-

298 2812 546 2866 fensionis
587 2813 831 2866 scandala
869 2814 1114 2867 deserunt
1149 2819 1200 2868 et
1228 2816 1291 2868 ad
1317 2816 1644 2869 rectitudinis
1670 2815 1811 2869 viam
1836 2813 2088 2867 inoffenso
2119 2814 2248 2883 pede

2310 1003 2424 1046 1076

2276 1063 2385 1100 Mart.
2405 1064 2454 1100 14

298 2908 505 2976 regredi
552 2909 940 2979 concupiscunt.
1003 2908 1059 2962 Si
1097 2910 1258 2978 igitur
1296 2911 1403 2964 dux
1439 2910 1695 2964 Robertus
1736 2916 1945 2964 sanctae
1983 2910 2248 2963 Romanae
2288 2974 2290 2977 Ι

301 3004 547 3058 ecclesiae
587 3005 720 3059 sicut
744 3004 881 3058 filius
908 3022 1092 3075 parere
1120 3011 1350 3076 exoptat,
1390 3011 1606 3078 paratus
1643 3024 1783 3061 sum:
1825 3011 2042 3077 paterno
2072 3022 2249 3058 amore

301 3117 419 3153 eum
446 3101 726 3171 suscipere,
767 3106 936 3179 etsuo
964 3101 1180 3154 consilio
1221 3103 1270 3155 ei
1306 3103 1564 3156 iustitiam
1603 3120 1930 3170 conservare,
1971 3107 2024 3155 et
2063 3101 2126 3154 ab
2157 3118 2247 3154 ex-

300 3197 783 3250 communicationis
822 3197 1027 3263 vinculo
1065 3198 1277 3267 penitus
1318 3198 1586 3252 absolvere
1626 3203 1677 3252 et
1713 3200 1852 3252 inter
1891 3198 2092 3251 divinas
2126 3213 2246 3250 oves

301 3309 420 3346 eum
460 3310 821 3347 annumerare.
881 3293 1029 3357 Quod
1068 3294 1112 3346 si
1150 3295 1382 3348 renuerit
1419 3295 1559 3348 idem
1584 3294 1842 3348 Robertus
1882 3294 2004 3361 dux,
2044 3298 2103 3345 ut
2129 3309 2248 3345 cum

302 3403 360 3441 eo
406 3388 546 3443 ultra
594 3391 965 3459 communicet,
1015 3407 1080 3443 ex
1117 3395 1267 3460 parte
1307 3390 1622 3460 apostolicae
1662 3390 1800 3444 sedis
1838 3389 2105 3444 licentiam
2143 3406 2248 3442 non

300 3485 494 3552 poterit
528 3486 826 3556 impetrare.

417 3612 450 3637 a.
486 3603 553 3639 sio.

421 3673 460 3715 1.
493 3673 514 3716 I
534 3686 685 3718 comes
707 3673 884 3719 Siciliae
907 3679 953 3719 et
974 3674 1223 3720 Calabriae.
1344 3676 1385 3718 2.
1418 3673 1604 3718 Roberti
1625 3673 1864 3719 Guiscardi
1888 3673 2017 3719 ducis
2037 3657 2245 3732 Apuliae.

376 3751 504 3794 ,μη-ἐ,
531 3754 765 3790 Bibliotheca
791 3757 836 3791 11.
1838 3756 1891 3799 15
