2730 4198
804 292 1079 331 GREGORH
1116 293 1195 329 vn
1232 292 1496 330 REGISTRI
1533 293 1613 328 vn
1641 291 1676 328 5.
1703 292 1739 328 6.
2134 277 2240 330 385

447 410 659 465 Sincero
698 410 931 463 caritatis
969 408 1154 463 affectu
1181 408 1447 462 dilectioni
1472 412 1592 462 tuae
1619 406 2058 475 congratulamur,
2101 407 2239 474 quia,

298 507 419 562 licet
462 507 518 560 in
566 506 765 559 ultimis
812 510 1073 559 terrarum
1122 504 1310 558 finibus
1359 505 1588 574 posituS,
1639 520 1701 556 ea
1747 507 1952 570 tamen,
2004 518 2136 570 quae
2176 502 2242 554 ad

298 603 609 656 christianae
647 601 913 669 religionis
953 601 1149 655 cultum
1186 600 1447 670 pertinere
1485 602 1786 665 noscuntur,
1826 598 2105 665 vigilanter
2132 601 2241 651 stu-

299 699 387 752 des
435 698 723 767 inquirere3
774 702 825 751 et
872 697 1035 766 quod,
1087 700 1320 749 sanctam
1360 695 1650 747 Romanam
1701 693 1971 746 ecclesiam
2018 698 2242 747 matrem

297 799 441 848 tuam
480 798 532 847 et
556 794 920 847 universorum
945 806 1333 860 recognoscenS,
1373 790 1538 859 ipsius
1567 789 1876 841 documenta
1902 788 1999 841 tibi
2025 793 2241 859 exoptas

299 895 350 944 et
398 891 652 960 exposcis,
713 889 963 943 Volumus
1004 888 1162 941 etiam
1201 890 1354 954 atque
1393 901 1689 937 monemus:
1743 888 1800 937 ut
1838 885 1893 936 in
1931 884 2013 937 his
2053 885 2240 938 studiis

299 990 351 1040 et
397 985 666 1039 desideriis
714 985 919 1039 devotio
967 988 1057 1037 tua
1102 982 1387 1052 persistens
1437 984 1514 1048 et,
1565 983 1816 1048 quantum
1855 980 2024 1049 pietas
2065 981 2243 1035 divina

298 1081 643 1152 praestiterit,
697 1097 932 1134 crescens
971 1079 1265 1131 nullatenus
1307 1094 1337 1129 a
1378 1076 1643 1146 proposito
1683 1079 1824 1128 recto
1865 1074 2098 1143 deficiat3
2151 1077 2242 1130 sed

298 1177 364 1230 ad
401 1177 618 1230 meliora
656 1176 860 1243 cotidie,
901 1175 1034 1227 sicut
1072 1173 1380 1243 prudentem
1421 1173 1592 1224 virum
1632 1176 1683 1225 et
1720 1172 1918 1239 regiam
1945 1172 2094 1225 decet
2120 1189 2241 1226 con-

298 1273 573 1340 stantiam,
612 1272 896 1325 roboretur.
971 1268 1404 1322 Animadvertere
1444 1268 1700 1336 siquidem
1742 1267 1894 1320 debet
1934 1268 2243 1322 excellentia

297 1371 402 1436 tua,
443 1367 596 1436 quod,
637 1370 828 1435 quanto
868 1365 1102 1435 pluribus
1142 1365 1494 1434 supereminet
1520 1381 1579 1417 ac
1606 1364 1918 1432 dominatur,
1959 1369 2102 1418 tanto
2130 1382 2241 1418 ma-

295 1463 373 1530 gis
413 1462 511 1515 sibi
550 1461 782 1515 subditos
822 1465 996 1532 potest
1035 1460 1272 1531 exemplo
1314 1478 1406 1513 suo
1447 1464 1537 1513 aut
1577 1461 1641 1513 ad
1681 1461 1908 1513 deterius
1942 1461 2079 1528 quod
2106 1460 2242 1514 absit

293 1556 555 1610 inflectere
594 1561 685 1610 aut
725 1556 790 1610 ad
829 1574 1014 1610 sanum
1054 1556 1330 1610 consilium
1368 1557 1583 1624 ignavos
1613 1558 1767 1609 etiam
1796 1573 2094 1626 provocare.
2157 1557 2240 1609 In-

293 1653 429 1706 tueri
468 1669 668 1722 quoque
707 1653 1039 1723 prudentiam
1078 1658 1224 1705 tuam
1264 1669 1472 1706 necesse
1501 1657 1608 1706 est:
1650 1652 1953 1722 temporalis
1981 1653 2087 1706 vite
2113 1669 2240 1720 gau-

295 1749 382 1802 dia
420 1767 575 1818 quam
615 1750 720 1802 sint
758 1749 975 1816 caduca,
1028 1766 1184 1817 quam
1222 1749 1468 1823 fugitiva3
1521 1766 1677 1817 quae,
1720 1749 1817 1802 etsi
1854 1748 1965 1801 vita
2003 1748 2092 1801 diu
2130 1765 2240 1802 cre-

296 1845 503 1899 deretur
540 1862 804 1912 mansura,
844 1849 1036 1912 tamen,
1078 1861 1234 1914 saepe
1271 1845 1449 1898 multis
1480 1845 1711 1898 adversis
1740 1861 1805 1898 ex
1829 1844 2097 1914 inproviso
2127 1862 2240 1898 sur-

295 1941 559 2009 gentibuS,
610 1957 792 1994 secura
838 1945 975 1993 stare
1023 1957 1128 1993 non
1175 1945 1409 2010 possunt.
1489 1940 1638 1993 Unde
1687 1958 2016 2011 summopere
2056 1957 2240 1994 curare

297 2040 517 2107 oportet,
557 2041 615 2090 ut
653 2036 719 2089 ad
754 2036 861 2104 illa,
904 2053 1035 2105 quae
1076 2038 1298 2090 transire
1339 2038 1577 2090 nesciunt
1617 2041 1668 2090 et
1693 2036 1968 2090 habentem
2000 2036 2238 2090 deserere

294 2137 573 2201 nequeunt,
613 2149 821 2200 gressus
860 2136 975 2185 tuos
1016 2137 1314 2186 constanter
1354 2133 1547 2200 dirigas
1589 2138 1640 2186 et
1675 2131 1916 2186 affectum
1942 2133 2132 2186 mentis
2158 2133 2239 2186 in-

293 2228 492 2281 tendas.
651 2227 970 2298 Cuperemus
1019 2228 1266 2281 nimium:
1317 2233 1484 2282 certe⁰
1525 2229 1587 2282 de
1625 2229 1813 2281 vestris
1854 2228 2080 2296 aliquem
2115 2246 2239 2298 pru-

294 2323 502 2378 dentem
540 2323 785 2377 clericum
826 2324 892 2376 ad
928 2340 1023 2377 nos
1063 2324 1256 2392 venire,
1299 2325 1386 2393 qui
1422 2329 1473 2378 et
1498 2328 1702 2378 vestrae
1738 2324 1908 2392 gentis
1945 2341 2115 2376 mores
2148 2341 2240 2378 seu

293 2419 672 2473 concinentiasb
713 2420 869 2473 sciret
905 2419 1055 2473 nobis
1094 2420 1318 2490 pleniter
1354 2421 1615 2488 intimare,
1657 2424 1708 2473 et
1748 2420 2064 2490 apostolicae
2102 2421 2239 2473 sedis

295 2515 603 2568 documenta
640 2516 748 2569 sive
787 2516 1035 2569 mandata
1072 2516 1276 2586 plenius
1317 2517 1548 2570 eruditus
1579 2517 1646 2569 ad
1670 2533 1762 2569 vos
1787 2521 1965 2586 posset
1990 2517 2236 2587 perferre.

295 2609 434 2663 Data
469 2610 630 2664 Rome
669 2611 843 2665 Idibus
882 2611 1137 2666 Octubris.

294 2780 398 2844 VII
427 2786 481 2843 6.
513 2788 776 2857 Adefonsi
810 2788 893 2841 VI
931 2793 1066 2859 reyis
1106 2789 1353 2860 Leyionis
1393 2800 1440 2842 et
1476 2787 1720 2842 Caeciliae
1759 2791 1987 2842 studium
2027 2808 2150 2859 esi-qa
2189 2790 2235 2842 b.

516 2886 730 2938 Petrum
770 2885 966 2938 laudat.
1029 2886 1354 2938 Richardum
1393 2886 1714 2938 cardinalem
1747 2886 2107 2955 presbyterum
2141 2887 2235 2938 ite—

514 3000 631 3033 rum
669 2983 848 3042 mittim-
888 2983 974 3033 oui
1009 2991 1066 3033 ut
1104 2982 1322 3046 obediat,
1364 2982 1614 3034 hortatur.
1694 2983 1861 3034 Mittit
1895 2982 2163 3051 reliquiae.

2289 412 2402 455 1079

2271 470 2349 508 Oct.
2371 473 2418 510 15

441 3089 720 3159 Gregorius
747 3091 1021 3161 episcopus
1051 3108 1230 3144 servus
1252 3108 1519 3144 servorum
1541 3090 1641 3145 Dei
1663 3091 1930 3144 carissimo
1953 3092 2006 3143 in
2030 3090 2235 3143 Christo
2284 3097 2397 3141 1079

292 3185 425 3255 filio,
472 3186 697 3255 glorioso
736 3187 849 3255 regi
889 3186 1262 3256 Hispaniarum
1279 3183 1307 3254 ¹,
1349 3187 1568 3240 salutem
1611 3191 1662 3240 et
1701 3187 2042 3257 apostolicam
2081 3187 2235 3240 bene-

294 3282 588 3336 dictionem.

441 3377 798 3448 Omnipotenti
824 3378 934 3432 Deo
966 3378 1154 3431 'laudes
1195 3381 1246 3431 et
1283 3378 1477 3445 gratias
1519 3379 1737 3446 agimus,
1779 3378 1868 3447 qui
1902 3377 2123 3446 gloriam
2148 3395 2236 3431 ve-

294 3475 458 3526 stram
496 3475 665 3541 gratia
704 3491 827 3528 suae
853 3474 1170 3527 visitationis
1196 3473 1480 3542 illustranS,
1522 3474 1673 3528 beato
1699 3473 1853 3527 Petro
1882 3473 2236 3544 apostolorum

414 3607 447 3634 a.
476 3613 524 3634 an
552 3598 651 3636 cito?
805 3598 841 3636 b.
870 3598 1119 3636 continentias
1148 3613 1179 3635 c.

414 3675 454 3719 1.
485 3674 718 3722 Adefonso
742 3677 809 3723 VI
837 3677 934 3734 regi
963 3677 1178 3734 Legionis
1209 3680 1255 3721 et
1285 3675 1496 3722 Castiliae
1527 3675 1603 3732 (cf.
1625 3677 1677 3722 L.
1693 3677 1802 3723 VIII
1824 3678 1866 3734 2,
1889 3678 1916 3721 3
1947 3676 2095 3732 infra).

367 3753 496 3796 sunt.
523 3757 756 3794 Bibliotheca
781 3760 826 3794 11.
1824 3757 1882 3803 25

2265 3157 2345 3195 Oct.
2366 3157 2413 3195 15
