2782 4198
834 256 1108 295 GREGORII
1145 256 1225 293 v11
1260 253 1525 293 REGISTRI
1561 255 1604 291 11
1631 250 1692 290 76.
1718 250 1778 290 77.
2172 237 2274 289 201

340 376 440 431 sibi
477 391 654 430 curam
692 374 1019 444 impendere,
1069 376 1260 442 quanto
1308 371 1617 426 familiarius
1666 367 1980 440 apostolicae
2029 368 2165 421 sedis
2204 372 2284 421 est
2338 372 2452 416 1075

338 472 626 526 munimine
648 470 953 524 contuenda.
994 469 1159 538 Unde,
1189 469 1311 537 quia
1331 465 1540 537 quidam
1566 465 1730 518 idiota
1745 462 1758 486 ¹
1775 464 2094 535 praedictam
2123 463 2285 517 eccle·
2311 431 2400 480 ΑΝ
2420 433 2469 470 2⁰

341 569 490 637 siam,
530 567 859 638 symoniacae
889 564 1104 636 perfidie
1130 564 1360 618 heretica
1385 561 1644 632 pravitate
1670 560 1965 629 subversuS,
2003 561 2284 628 invaserat,

341 675 454 718 eam
496 681 527 717 a
550 656 683 731 'iugo
723 661 1003 729 sacrilegae
1049 658 1372 730 pervasionis
1418 656 1558 709 illius
1605 655 1826 725 provida
1875 655 2287 710 consideratione

339 752 562 814 liberare
584 759 892 813 studuimus
919 752 1267 811 Exeruim'us‘,
1285 753 1495 822 quidem
1515 750 1746 819 gladium
1769 751 2122 821 apostolorum
2141 750 2287 821 prin-

342 850 471 927 cipis
488 898 489 901 η
507 855 669 924 Petri,
711 849 763 908 et
798 849 854 906 in
894 869 1014 907 eum
1052 849 1339 921 apostolica
1373 847 1682 900 auctoritate
1722 847 2033 900 sententiam
2074 847 2289 900 damna-

256 1012 258 1015 ,
342 952 530 1006 tionisb
567 946 1028 1022 promulgavimus
1086 943 1282 999 Verum
1322 944 1443 1013 quia
1479 943 1535 995 in
1574 942 1872 995 exclusione
1908 942 2092 996 talium
2122 942 2291 996 solent

344 1048 590 1102 ecclesiae
627 1046 794 1100 multa
832 1045 1023 1098 damna
1059 1042 1170 1112 pati
1209 1039 1261 1094 et
1296 1040 1434 1094 bona
1472 1055 1652 1092 earum
1691 1037 1909 1091 distrahi
1950 1042 2003 1092 et
2040 1038 2287 1109 disperdi,

344 1137 558 1212 dignum
579 1136 838 1209 duximus,
850 1135 1146 1193 imminenti
1167 1137 1356 1189 damno
1378 1134 1624 1188 ecclesiae
1645 1151 1976 1205 praecavere3
2001 1150 2060 1187 ac
2071 1134 2290 1204 proinde

346 1232 613 1306 sacrilegis
632 1242 683 1292 et
707 1236 942 1307 tyrannis
971 1233 1259 1303 apostolica
1285 1231 1594 1284 auctoritate
1619 1231 1879 1299 resistere,
1906 1230 2288 1284 interdicendo:

343 1329 410 1389 ne
449 1327 716 1388 occasione
755 1329 1066 1385 exclusionis
1104 1328 1246 1381 illius
1284 1344 1369 1381 res
1409 1327 1657 1380 ecclesiae
1697 1326 1901 1380 auferre
1938 1325 2023 1380 vel
2063 1325 2293 1395 quolibet

343 1424 498 1484 modo
536 1423 765 1483 alienare
800 1428 1156 1497 praesumant.
1222 1423 1551 1494 Quapropter
1592 1440 1656 1476 ex
1694 1426 1845 1493 parte
1870 1422 1970 1476 Dei
2007 1426 2058 1476 et
2085 1425 2292 1492 aposto·

342 1519 513 1579 lorum
550 1520 693 1578 Petri
733 1527 784 1576 et
821 1521 972 1575 Pauli
1017 1520 1406 1574 interdicimus:
1456 1523 1516 1572 ut
1562 1518 1708 1572 nulla
1755 1518 1972 1572 alicuius
2022 1518 2292 1586 dignitatis

345 1637 436 1675 seu
472 1617 747 1691 potestatis
788 1618 897 1672 sive
936 1616 1213 1671 cuiuslibet
1249 1615 1566 1670 condicionis
1605 1631 1832 1685 persona
1868 1631 1952 1668 res
1990 1615 2096 1668 iam
2136 1631 2293 1684 saepe

343 1710 483 1771 fatae
522 1712 787 1783 eccleSiae,
827 1714 1057 1767 maxime
1094 1713 1398 1766 thesaurum
1429 1715 1480 1764 et
1505 1710 1740 1780 praedia,
1782 1710 1985 1764 auferre
2009 1710 2093 1763 vel
2119 1709 2292 1778 aliquo

345 1812 498 1865 modo
538 1810 764 1865 alienare
802 1808 995 1863 iniuste
1034 1808 1328 1879 diripiendo
1366 1810 1714 1878 praesumat⁶,
1764 1806 1927 1859 donec
1966 1806 2293 1876 omnipotens

344 1908 488 1962 Deus
508 1902 510 1904 ’
527 1924 621 1977 per
658 1908 1013 1960 interventum
1038 1905 1178 1959 beati
1204 1904 1347 1957 Petri
1377 1903 1624 1957 ecclesiae
1654 1902 1733 1955 illi
1757 1902 2003 1955 idoneum
2029 1905 2294 1972 pastorem

346 2004 634 2075 provideat.
695 2002 753 2056 Si
791 2003 906 2072 quis
946 2018 1067 2055 vero
1106 2004 1288 2054 contra
1323 2000 1478 2053 huius
1515 1999 1896 2053 interdictionis
1934 1999 2182 2069 paginam
2206 2015 2295 2051 ve-

346 2101 460 2154 nire
497 2095 859 2170 temptaverit,
906 2098 1140 2166 noverit,
1194 2114 1249 2150 se
1296 2096 1520 2164 gratiam
1570 2096 1736 2149 sancti
1772 2094 1916 2148 Petri
1967 2095 2206 2148 amittere
2245 2098 2298 2148 et

349 2196 665 2267 apostolicae
724 2193 1193 2248 animadversionis
1249 2192 1446 2246 ultione
1501 2191 1851 2262 plectendum.
1934 2191 2080 2245 -Data
2133 2190 2296 2244 Rome

354 2295 418 2346 12
457 2291 720 2346 Kalendas
759 2290 902 2359 Maii,
941 2289 1223 2343 indictione
1268 2290 1349 2341 13.

349 2464 400 2524 ΙῙ
437 2468 537 2525 77.
576 2467 910 2524 Geboardum
955 2468 1404 2538 archiepiscopum
1444 2465 1876 2536 Salzburyensem
1923 2466 2186 2530 hortatur,
2235 2484 2299 2517 ne

571 2585 704 2618 novo
752 2567 1018 2636 episcopO,
1074 2561 1358 2619 Guntherio
1403 2560 1684 2627 Gurcen8i,
1734 2561 2035 2614 Alexandri
2071 2561 2141 2614 II
2170 2579 2298 2631 per-

573 2663 736 2713 missu
774 2663 1044 2713 constituto
1084 2662 1309 2721 decimas
1348 2659 1562 2712 adimat.

502 2770 784 2838 Gregorius
836 2770 1109 2840 episcopus
1158 2786 1337 2823 servus
1385 2785 1655 2822 servorum
1692 2767 1794 2822 Dei
1842 2766 2112 2821 Geboardo
2154 2765 2300 2820 Salz-
2347 2780 2462 2824 1075

353 2867 600 2935 burgensi
640 2865 1026 2935 archiepiscopo
1067 2865 1290 2919 salutem
1328 2869 1381 2918 et
1419 2864 1759 2934 apostolicam
1797 2863 2224 2917 benedictionem.
2330 2841 2409 2878 1¹²³·
2430 2841 2480 2878 1⁷

500 2962 853 3031 Meminimus,
882 2961 1213 3015 dilectionem
1237 2965 1385 3014 tuam
1411 2960 1559 3013 annis
1588 2959 1942 3030 superioribus
1964 2958 2302 3029 apostolicam

356 3060 532 3114 sedem
592 3058 782 3112 adiisse
842 3062 995 3126 atque
1045 3074 1076 3110 a
1123 3056 1521 3126 praedecessore
1567 3059 1747 3108 nostro
1803 3055 1970 3109 bonae
2019 3054 2302 3108 memoriae

356 3155 683 3223 AlexandrO,
731 3171 815 3207 me
856 3154 1011 3207 etiam
1051 3153 1258 3206 favente
1297 3155 1452 3220 atque
1491 3168 1760 3205 assensum
1797 3151 2105 3220 praebente,
2154 3150 2302 3220 inpe-
2365 3162 2480 3206 1070

357 3256 548 3305 trasse:
589 3254 650 3304 ut
685 3249 1019 3320 parroechiae
1057 3253 1179 3302 tuae
1216 3247 1510 3318 portionem
1547 3263 1676 3316 prae
1711 3246 2055 3316 amplitudine
2095 3245 2176 3298 sui
2215 3245 2303 3299 de-
2330 3221 2440 3260 Mart.
2459 3223 2506 3260 ²¹

358 3347 582 3415 cidereS,
632 3350 786 3415 atque
823 3346 881 3398 in
919 3362 980 3398 ea
1019 3344 1375 3414 episcopatum
1414 3345 1467 3395 et
1504 3342 1806 3412 episcopum
1843 3341 1910 3394 ad
1947 3341 2303 3411 superhabun-

475 3512 506 3537 a.
542 3499 757 3537 Exemimus
792 3514 823 3536 c.
1032 3498 1068 3535 b.
1106 3496 1356 3534 damnationis
1392 3496 1544 3532 addidi.
1595 3498 1654 3539 Cf.
1693 3497 1775 3533 Lib.
1796 3497 1861 3532 III
1891 3508 1946 3543 ep.
1966 3495 1987 3531 1
2026 3497 2127 3539 infra
2158 3508 2197 3543 p.
2217 3495 2304 3531 203.

361 3577 393 3602 c.
425 3567 664 3613 praesumant
690 3581 721 3602 c.

481 3645 520 3687 1.
552 3643 852 3687 Herimannus
882 3644 904 3687 I
935 3643 1174 3699 episcopus
1205 3638 1567 3696 Bambergensis.
