2730 4198
846 269 1122 308 GREGORII
1157 270 1238 306 v11
1274 269 1539 308 REGIs'rm
1575 269 1612 305 v
1639 269 1674 305 4.
1702 268 1737 306 5.
2157 255 2261 307 291

315 384 478 438 nichil
513 385 724 454 penitus
764 385 1098 439 subiectionis
1139 390 1228 439 aut
1266 385 1623 439 oboedientiae
1657 385 1809 438 beato
1835 383 1990 437 Petro
2018 383 2265 437 exhiben-

316 484 396 534 tes
434 510 503 517 —
543 484 848 550 tenuerunt,
901 486 1067 536 semet
1112 483 1255 552 ipsos
1304 482 1520 535 crimine
1569 480 1829 547 sacrilegii
1880 484 1932 534 et
1971 480 2265 533 animarum

317 592 530 630 suarum
577 578 725 644 gravi
773 578 1006 647 periculo
1057 577 1433 645 obligaverunt.
1514 576 1894 645 Cognoscentes
1945 579 2120 629 autem
2170 592 2265 645 per

317 671 566 741 quosdam
615 671 794 727 fideles
841 678 1048 726 nostros
1087 677 1138 727 et
1174 677 1376 726 vestros
1417 673 1636 725 amicos:
1686 689 1777 725 vos
1818 673 1884 724 ad
1922 672 2174 725 honorem
2214 675 2266 724 et

314 767 569 820 iustitiam
611 769 884 839 apostolici
920 769 1263 839 principatuS‚
1311 769 1446 821 sicut
1484 771 1724 837 oportere
1763 768 2091 835 cognoscitiS‚
2131 767 2265 820 velle

314 863 509 916 reverti
557 867 608 918 et
657 864 747 918 diu
785 865 1107 918 subtractam
1146 863 1210 917 ab
1248 863 1580 916 invasoribus
1619 863 1878 915 iustitiam
1917 862 2068 916 beato
2108 862 2263 916 Petro

313 959 502 1012 vestris
550 961 874 1031 temporibus
913 961 1203 1028 vestrisque
1253 959 1439 1013 studiis
1477 959 1734 1027 rediberi,
1783 958 1935 1011 valde
1974 959 2140 1027 gavisi
2179 977 2265 1012 su-

314 1071 455 1120 mus3
507 1057 753 1125 scientes,
802 1056 949 1110 vobis
998 1055 1095 1108 hoc
1141 1071 1245 1108 non
1291 1055 1457 1108 solum
1501 1055 1567 1107 ad
1605 1058 1937 1124 praesentem
1975 1055 2068 1108 sed
2107 1056 2265 1108 etiam

315 1150 382 1204 ad
419 1151 649 1204 futuram
686 1153 963 1222 provenire
1001 1151 1282 1204 utilitatem
1325 1156 1378 1204 et
1415 1151 1651 1218 gloriam.
1730 1151 1838 1204 Nec
1876 1150 2111 1204 diffidere
2152 1152 2265 1220 qui-

313 1247 434 1300 dem
473 1251 562 1300 aut
601 1249 878 1317 quicquam
916 1247 972 1300 in
1010 1246 1110 1300 hac
1147 1263 1306 1300 causa
1342 1265 1433 1301 vos
1462 1247 1701 1300 dubitare
1729 1251 1949 1317 oportet.
2008 1247 2264 1310 Quoniam

314 1372 383 1379 —
423 1343 469 1396 si
507 1343 661 1396 modo
701 1347 877 1396 vestra
912 1343 1153 1397 voluntas
1191 1342 1345 1395 firma
1383 1347 1435 1397 et
1474 1360 1597 1411 erga
1634 1344 1844 1396 beatum
1882 1343 2098 1397 Petrum
2137 1343 2263 1396 fides

311 1438 531 1491 immota
555 1440 905 1509 permanserit
931 1469 999 1476 —-
1030 1439 1280 1493 habemus
1307 1456 1402 1509 per
1428 1440 1842 1493 misericordiam
1867 1439 1967 1493 Dei
1994 1440 2048 1493 in
2076 1439 2265 1492 Tuscia

310 1534 504 1587 multas
553 1535 801 1588 comitum
850 1540 902 1589 et
949 1536 1203 1590 nobilium
1243 1536 1475 1589 virorum
1523 1537 1699 1606 copias
1739 1536 1806 1589 ad
1843 1539 2074 1589 vestrum
2116 1536 2263 1588 adiu-

310 1630 520 1699 torium,
562 1631 606 1683 si
643 1648 855 1685 necesse
893 1632 1068 1700 fuerit,
1115 1632 1571 1700 defensionemque
1609 1636 1836 1702 paratas.
1916 1631 2262 1701 Quapropter,

312 1726 450 1795 quod
495 1726 552 1779 in
598 1726 695 1780 hac
742 1744 799 1780 re
848 1728 1315 1797 oportunissimum
1365 1728 1515 1780 nobis
1555 1728 1724 1780 visum
1765 1732 1869 1795 est,
1917 1727 2156 1780 misimus
2197 1727 2262 1780 ad

310 1839 403 1875 vos
440 1823 658 1876 fratrem
694 1828 931 1876 nostrum
957 1823 1291 1891 Landulfum‚
1332 1822 1553 1876 Pisanae
1594 1823 1842 1876 ecclesiae
1875 1823 1931 1876 in
1958 1823 2259 1893 episcopum

312 1917 576 1972 electum⁸.
655 1918 752 1972 Cui
801 1919 959 1972 etiam
1006 1920 1144 1972 inter
1183 1936 1274 1972 vos
1313 1919 1479 1972 vicem
1527 1923 1758 1972 nostram
1806 1919 1861 1971 in
1902 1918 2260 1989 spiritualibus

312 2015 692 2067 commisimus:
732 2019 792 2068 ut
828 2019 1023 2072 terram
1063 2032 1129 2067 ex
1164 2019 1314 2084 parte
1340 2015 1479 2069 beati
1505 2015 1649 2068 Petri
1677 2019 1728 2068 et
1751 2019 1934 2068 nostra
1959 2015 2071 2068 vice
2098 2015 2260 2067 susci-

310 2109 422 2179 piat
463 2114 514 2163 et
551 2127 667 2163 eam
705 2126 822 2164 cum
862 2111 1003 2163 omni
1043 2110 1214 2163 studio
1255 2115 1306 2164 et
1344 2111 1616 2178 diligentia
1653 2115 1803 2178 regat
1842 2115 1893 2164 et
1927 2111 1990 2164 de
2019 2111 2258 2163 omnibus

309 2204 464 2259 rebus
514 2222 573 2259 ac
623 2207 820 2273 causiS‚
872 2206 1022 2259 beato
1063 2206 1218 2260 Petro
1260 2211 1311 2260 et
1347 2207 1497 2260 nobis
1537 2225 1632 2277 per
1669 2207 1819 2259 illum
1857 2207 2256 2276 pertinentibuS,

310 2317 364 2354 se
403 2301 734 2354 intromittat.
806 2301 903 2355 Cui
941 2319 1033 2355 vos
1073 2319 1167 2371 pro
1208 2319 1383 2356 amore
1423 2307 1475 2356 et
1511 2303 1808 2356 reverentia
1847 2302 2079 2355 eiusdem
2117 2302 2259 2356 beati

308 2396 452 2450 Petri
492 2397 846 2467 apostolorum
884 2398 1138 2468 principis
1179 2398 1421 2452 oboedire
1462 2403 1513 2452 et
1550 2398 1773 2452 fideliter
1812 2399 1868 2451 in
1907 2399 2147 2451 omnibus
2176 2416 2257 2451 as—

311 2492 494 2546 sistere
529 2493 767 2546 volumus
809 2498 860 2547 et
898 2494 1184 2564 apostolica
1223 2496 1532 2549 auctoritate
1559 2512 1846 2549 monemus,
1907 2494 1978 2547 Et
2003 2499 2062 2547 ut
2088 2495 2255 2562 magis

312 2603 522 2640 securus
561 2589 829 2657 magisque
870 2589 935 2642 ad
974 2591 1150 2643 omnia
1175 2591 1313 2644 inter
1338 2609 1430 2644 vos
1458 2595 1733 2661 promptus
1761 2608 1874 2645 esse
1900 2591 2089 2659 valeat,
2129 2590 2256 2645 fide-

309 2682 511 2735 litatem
551 2699 770 2751 quoque‚
812 2685 857 2736 si
893 2686 1239 2754 postulaverit
1278 2717 1344 2723 —
1387 2688 1676 2757 praemissa
1713 2692 1893 2740 tamen
1919 2688 2087 2740 sancti
2112 2686 2256 2741 Petri

310 2783 362 2831 et
399 2782 579 2831 nostra
615 2782 1013 2849 nostrorumque
1053 2780 1439 2836 successoruml
1471 2813 1539 2819 ——
1576 2800 1679 2836 non
1721 2784 1985 2851 denegetis
2025 2800 2121 2836 nec
2161 2783 2254 2835 ali-

310 2890 412 2942 qua
459 2874 728 2927 occasione
778 2874 877 2927 sibi
925 2876 1094 2930 facere
1137 2879 1405 2932 recusetis.
1484 2879 1624 2932 Data
1660 2879 1855 2933 Romae
1900 2881 1964 2933 16
2005 2878 2253 2932 Kalendis

309 2955 564 3038 OctobriS‚
603 2970 884 3024 indictione
929 2974 973 3024 1.

306 3140 358 3203 V
387 3147 442 3202 5.
490 3148 912 3218 Aquileiensibus
940 3148 1131 3218 Zeyatos
1156 3151 1328 3214 mittit,
1371 3153 1465 3219 qui
1488 3151 1797 3203 Heinrieum
1825 3154 2121 3221 episcopum
2161 3162 2254 3204 aut

491 3245 789 3312 confirment
825 3225 915 3297 aab
950 3255 1259 3297 removeant.
1320 3246 1373 3297 A
1412 3249 1619 3299 servitio
1661 3258 1706 3299 ez}
1736 3249 1907 3300 debita
1933 3250 2048 3316 φερέ
2070 3248 2248 3314 fideli-

489 3350 590 3393 tate
627 3342 879 3410 impedire
919 3359 1000 3392 eos
1038 3359 1144 3392 non
1182 3341 1306 3393 vult.

452 3447 733 3517 Gregorius
773 3451 1045 3520 episcopus
1094 3466 1272 3503 servus
1312 3466 1580 3503 servorum
1619 3451 1719 3503 Dei
1769 3451 1906 3505 clero
1957 3457 2009 3506 et
2054 3453 2248 3523 populo

303 3542 687 3612 Aquilegiensis
728 3546 973 3600 ecclesiae
1013 3545 1232 3599 salutem
1273 3550 1324 3599 et
1364 3546 1704 3615 apostolicam
1743 3547 2172 3602 benedictionem.

423 3653 462 3695 1.
496 3665 558 3696 sc.
580 3652 811 3698 fidelitate.
1095 3675 1127 3700 a.
1156 3663 1316 3700 electum
1345 3664 1494 3700 addidi.
1540 3667 1601 3709 cf.
1629 3678 1684 3712 ep.
1706 3666 1729 3701 2
1755 3679 1872 3713 supra
1894 3681 1933 3714 p.
1954 3667 2041 3704 289.

1796 3736 1893 3780 194ε

2327 390 2441 434 1077

2296 448 2401 497 Sept.
2421 451 2469 488 16

2313 3469 2427 3512 1077

2281 3529 2385 3576 Sept.
2406 3531 2422 3564 1
2432 3530 2454 3565 7
