2730 4198
383 442 495 486 1077

357 502 443 539 Mai.
463 503 507 539 31

543 305 648 358 278
1059 315 1333 354 GREGORII
1370 316 1449 352 vn
1487 314 1751 352 REGIS'rm
1787 315 1843 351 1v
1872 315 1933 351 24.

544 441 797 507 quatenus
843 435 982 488 viam
1029 432 1217 486 miehi⁸
1267 448 1363 501 pro
1415 429 1735 484 discutiendo
1785 431 2023 501 negocio,
2074 431 2210 501 quod
2253 431 2480 502 peccatis

541 531 848 586 facientibus
887 532 1023 584 inter
1063 546 1149 584 eos
1191 531 1362 582 ortum
1402 530 1496 594 est,
1538 526 1605 579 ad
1641 532 1734 579 v'os
1773 525 1885 579 Deo
1923 526 2162 581 faventeb
2190 543 2368 581 secure
2392 544 2481 581 ve·

541 628 748 682 111011011ο
786 625 1085 696 praebeant.
1144 625 1204 678 In
1230 639 1422 691 magna
1447 622 1587 677 enim
1611 621 1828 676 tristitia
1853 626 1905 676 et
1931 622 2107 676 dolore
2133 639 2220 677 cor
2244 626 2482 677 nostrum

542 723 772 791 fluctuat,
814 723 859 775 si
896 738 992 792 per
1016 721 1171 774 unius
1196 719 1424 773 hominis
1451 718 1746 789 superbiam
1776 721 1855 771 tot
1879 717 2027 772 milia
2050 718 2318 772 hominum
2347 718 2483 773 chri-

544 817 863 872 stianorum‘¹
895 816 1174 888 temporali
1213 820 1264 870 et
1303 819 1544 869 aeternae
1582 814 1739 867 morti
1775 814 2070 883 traduntur,
2110 818 2162 868 et
2200 814 2485 869 christiana

542 915 725 981 religio
755 913 1105 981 confunditur,
1145 911 1539 980 Romanumque
1564 910 1845 980 imperium
1875 910 1940 964 ad
1965 910 2336 980 perditionem⁰
2362 916 2484 982 per-

545 1009 786 1063 ducitur‘.
845 1009 1075 1078 Uterque
1114 1024 1320 1077 nanque
1357 1024 1452 1060 rex
1492 1023 1522 1060 a
1558 1007 1708 1060 nobis
1746 1006 1906 1059 immo
1944 1006 2007 1059 ab
2036 1006 2319 1086 apostolica
2344 1006 2483 1076 sede,

545 1106 627 1159 cui
664 1105 787 1158 licet
822 1105 1025 1173 indigni
1063 1104 1446 1175 praesidemus,
1497 1102 1811 1156 adiutorium
1849 1101 2085 1171 requirit.
2146 1100 2217 1155 Et
2253 1119 2374 1171 nos,
2421 1102 2486 1156 de

543 1200 900 1254 misericordia
938 1200 1309 1271 omnipotentis
1347 1198 1448 1252 Dei
1469 1202 1539 1252 -et
1577 1198 1833 1252 adiutorio
1870 1197 2012 1251 beati
2041 1197 2186 1251 Petri
2224 1196 2485 1252 confiden-

543 1301 648 1365 108,
697 1298 870 1366 parati
918 1313 1123 1349 sumus:
1175 1312 1295 1350 cum
1331 1298 1534 1348 vestrog
1572 1293 1813 1362 001181110,
1865 1294 1954 1362 qui
1990 1293 2162 1347 Deum
2199 1294 2394 1348 timetis
2435 1299 2487 1349 et

544 1393 884 1446 christianam
920 1391 1078 1446 fidem
1117 1391 1350 1459 diligitis,
1392 1390 1708 1459 aequitatem
1746 1390 1962 1443 causaeh
1998 1390 2279 1459 utrimquei
2308 1390 2486 1444 decer-

542 1505 691 1554 nere3
733 1492 785 1541 et
823 1488 871 1541 ei
907 1487 1160 1558 praebere
1200 1486 1470 1554 auxilium,
1511 1486 1594 1539 cui
1619 1485 1822 1539 iustitia
1849 1485 1914 1539 ad
1950 1486 2099 1554 regni
2137 1485 2487 1562 gubernacula

542 1584 717 1637 favere
756 1583 1058 1637 dinoscitur.

690 1678 1035 1749 Quapropter,
1076 1679 1120 1732 si
1159 1678 1408 1732 alteruter
1448 1693 1627 1731 eorum
1666 1676 1909 1747 superbia
1944 1675 2156 1731 inflatus
2195 1676 2368 1747 aliquo
2405 1677 2486 1731 in-

542 1775 710 1842 genio,
752 1775 1027 1843 quominus
1068 1775 1133 1827 ad
1171 1791 1264 1828 vos
1291 1773 1470 1827 venire
1507 1772 1767 1842 possimus
1778 1771 1815 1841 ¹²,
1858 1772 2142 1840 obstiterit3
2181 1777 2250 1841 et,
2290 1773 2354 1827 de
2392 1789 2488 1828 sua

541 1870 799 1923 iniustitia
835 1870 1043 1939 timenS,
1082 1870 1333 1923 iudicium
1373 1869 1541 1922 sancti
1581 1867 1807 1938 Spiritus
1844 1868 2112 1937 refugerit,
2150 1868 2486 1923 inoboediens
2550 1900 2552 1902 >

542 1967 709 2020 factus
757 1966 1046 2020 resistendo
1096 1969 1306 2019 sanctae
1366 1968 1417 2018 et
1464 1964 1749 2017 universali
1797 1964 1977 2017 matri¹
2025 1964 2297 2032 ecclesiae3
2350 1965 2488 2035 hunc

543 2062 686 2115 velut
730 2062 1021 2116 membrum
1063 2061 1356 2115 antichristi
1395 2066 1446 2116 et
1484 2061 1830 2116 desolatorem
1869 2060 2182 2114 christianae
2219 2044 2486 2129 religionis

544 2158 883 2225 contemnite3
925 2163 977 2212 et
1002 2158 1330 2226 sententiam,
1361 2175 1516 2227 quam
1540 2157 1709 2211 nostri
1732 2157 1893 2224 legati
1919 2161 2099 2209 contra
2125 2174 2243 2210 eum
2268 2162 2487 2211 nostram

544 2255 656 2307 vice
692 2254 945 2321 dederint,
986 2258 1312 2320 conservate3
1355 2255 1575 2307 scientes
1589 2262 1624 2321 ¹¹,
1666 2252 1788 2321 quia
1812 2251 1955 2306 Deus
1995 2251 2232 2322 superbis
2270 2252 2484 2321 resistit,

544 2350 827 2403 humilibus
875 2352 1048 2402 autem
1096 2334 1186 2402 dat
1231 2349 1456 2417 gratiam
1471 2345 1498 2401 ¹.
1575 2347 1746 2401 Alteri
1782 2364 1906 2400 vero
1921 2389 1935 2415 ,
1985 2348 2075 2416 qui
2119 2333 2386 2402 humiliter
2431 2365 2486 2402 se

543 2428 800 2513 habuerit,
842 2449 892 2498 et
929 2445 1196 2514 iudicium,
1237 2445 1502 2498 decretum
1534 2451 1687 2497 vero⁰
1724 2460 1755 2496 a
1781 2442 1981 2513 Spiritu
2017 2447 2194 2497 sancto
2235 2460 2328 2513 per
2364 2450 2487 2497 vos*

548 2544 719 2593 autem
767 2539 1032 2610 prolatum
1042 2545 1076 2609 ¹¹,
1125 2557 1230 2593 non
1278 2539 1651 2609 contempserit
1688 2569 1757 2575 --
1796 2539 2153 2593 indubitanter
2201 2539 2340 2593 enim
2377 2556 2486 2594 cre-

548 2635 743 2688 dimus:
790 2635 1102 2704 ubicumque
1148 2635 1249 2688 duo
1288 2635 1372 2689 vel
1417 2639 1523 2688 tres
1573 2635 1630 2687 in
1675 2634 1886 2688 nomine
1924 2634 2139 2688 Domini
2187 2636 2487 2704 congregati

546 2728 783 2799 fuerint²,
823 2731 1147 2801 praesentia‘
1172 2732 1281 2784 eius
1306 2731 1685 2784 inluminantur
1716 2760 1783 2767 —-
1813 2729 1909 2798 illi,
1947 2730 2180 2800 inquam,
2216 2716 2486 2786 servitium

549 2829 600 2880 et
636 2827 998 2895 reverentiam,
1040 2826 1323 2880 secundum
1361 2827 1497 2896 quod
1522 2826 1689 2880 nostri
1712 2812 1935 2896 praefati
1959 2826 2119 2894 legati
2146 2827 2483 2895 decreverint,

549 2905 786 2976 exhibete
798 2905 813 2988 ;ι
854 2922 1146 2976 annitentes
1186 2926 1238 2976 et
1273 2923 1441 2976 modis
1469 2922 1707 2976 omnibus
1736 2922 1783 2976 ei
1809 2922 2166 2991 obsequenteS,
2203 2926 2263 2975 ut
2286 2921 2484 2990 regiam

549 3002 856 3086 dignitatem
893 3017 1107 3072 honeste
1144 3018 1314 3088 possit
1351 3018 1584 3072 obtinere
1624 3021 1676 3071 et
1715 3022 1921 3072 sanctae
1949 3018 2195 3071 ecclesiae
2218 3017 2324 3070 iam
2349 3033 2484 3087 pene

547 3113 769 3167 labenti·
809 3130 1124 3167 succurrere.
1199 3113 1318 3167 Non
1366 3115 1505 3167 enim
1553 3131 1584 3167 a
1621 3114 1775 3167 eorde
1811 3117 1984 3167 vestro
2032 3112 2184 3167 debet
2229 3112 2482 3182 excidere,

549 3210 702 3278 quod,
743 3210 831 3279 qui
871 3209 1184 3280 apostolicae
1211 3210 1323 3264 sedi
1350 3210 1590 3264 oboedire
1615 3209 1951 3280 contempnit,
1992 3208 2156 3262 scelus
2182 3205 2483 3262 idolatriae³

665 3368 698 3392 a.
723 3356 833 3393 nobis
861 3359 897 3394 3.
999 3357 1037 3394 b.
1064 3357 1263 3395 adiuvante
1290 3358 1327 3394 4.
1433 3368 1464 3394 0.
1489 3356 1736 3405 perveniendi
1757 3357 1792 3401 3,
1818 3354 2036 3392 transeundi
2062 3354 2098 3390 4.
2203 3354 2240 3391 d.
2269 3356 2306 3391 et
2333 3356 2427 3393 add.
2445 3357 2483 3394 4.

550 3433 582 3458 e.
608 3423 814 3469 perniciem
839 3423 876 3459 4.
979 3422 1005 3460 f.
1034 3423 1232 3460 deducitur
1256 3423 1293 3459 4.
1396 3434 1432 3469 g.
1459 3422 1596 3460 auxilio
1624 3423 1662 3458 01
1689 3421 1784 3458 add.
1801 3421 1836 3457 4.
1940 3419 1978 3456 h.
2006 3433 2076 3455 om.
2093 3420 2131 3456 4.
2234 3420 2260 3456 i.
2286 3420 2485 3468 diligenter

551 3487 643 3522 add.
665 3488 698 3522 3.
822 3487 859 3524 k.
894 3488 1041 3525 veniam
1068 3489 1093 3524 4
1114 3502 1185 3536 pro
1211 3489 1340 3525 venire
1366 3488 1568 3536 possimus.
1699 3486 1725 3522 1.
1760 3500 1831 3522 om.
1849 3486 1884 3521 3.
2008 3496 2057 3521 m.
2092 3486 2222 3523 nostra
2247 3486 2329 3523 vice
2356 3501 2426 3523 om.
2448 3489 2484 3524 3.

549 3562 586 3587 n.
615 3552 775 3589 scientes
808 3572 847 3577 —-
879 3554 1035 3599 gratiam
1063 3567 1130 3590 om.
1152 3554 1186 3590 3.
1305 3565 1338 3590 o.
1368 3568 1439 3592 om.
1459 3555 1495 3590 3.
1618 3563 1656 3600 p.
1683 3561 1753 3588 nos
1781 3552 1816 3587 2.
1939 3561 1974 3598 q.
2001 3550 2182 3587 iudicium
2207 3562 2275 3599 per
2299 3563 2369 3588 nos
2396 3563 2482 3600 pro-

548 3615 665 3652 latum
694 3617 883 3654 decretum
909 3630 998 3654 vero
1026 3630 1048 3654 a
1075 3618 1210 3666 spiritu
1238 3620 1366 3655 saneto
1393 3619 1430 3655 4.
1541 3629 1571 3655 r.
1599 3616 1700 3665 quod
1725 3615 1938 3663 praesentia
1964 3617 2000 3652 2.
2018 3616 2054 3652 4.
2166 3627 2195 3652 s.
2222 3616 2365 3654 labanti
2391 3618 2427 3654 3.
2446 3618 2482 3654 4.

668 3695 707 3736 1.
740 3694 888 3737 Iacob.
911 3695 953 3750 4,
977 3696 1017 3738 6.
1167 3696 1208 3738 2.
1242 3694 1309 3739 ef.
1331 3695 1488 3739 Matth.
1512 3695 1581 3750 18,
1604 3695 1674 3738 20.
1825 3694 1866 3737 3.
1899 3691 1966 3736 ef.
2001 3695 2025 3737 1
2046 3694 2158 3750 Reg.
2183 3695 2252 3751 15,
2274 3696 2344 3739 23.
