2730 4198
576 303 685 356 402
1079 312 1352 353 GREGORn
1390 314 1468 351 vn
1504 311 1768 351 REGISTRI
1804 311 1883 349 vn
1916 310 2006 349 142.

575 433 781 486 vincula
827 448 1001 484 eorum
1053 440 1099 482 et
1141 431 1460 499 proiciamus
1499 448 1533 480 a
1568 429 1717 481 nobis
1763 430 1944 498 iuyum
1979 428 2257 498 ipsorum“
2274 422 2313 489 ¹‚·
2361 437 2409 480 et
2443 438 2504 480 ut

574 546 652 579 me
690 528 894 578 omnino
933 530 1119 576 morte'
1157 524 1238 576 vel
1275 524 1428 577 exilio
1469 523 1867 592 confunderent,
1913 523 2088 576 multis
2125 524 2293 576 modis
2332 524 2508 576 conati

573 630 691 673 sunt
724 621 781 671 in
817 637 897 670 me
932 620 1213 688 insurqere.

716 713 859 766 Inter
897 731 1024 782 quos
1062 713 1354 783 specialiter
1380 713 1677 778 Heinricus,
1721 729 1871 781 quem
1905 712 2086 764 dicunt
2107 731 2294 782 reqem,
2336 712 2502 765 Hein-

568 810 670 861 rici
691 810 1020 878 imperatoris
1032 808 1181 875 filius
1191 806 1228 873 ¹’,
1266 818 1446 860 contra
1471 819 1691 861 vestram
1717 807 2014 860 calcaneum
2039 809 2200 860 erexit
2223 808 2501 873 ecclesiam,

553 904 710 972 facta
747 921 862 955 cum
891 903 1065 956 multis
1093 906 1348 974 episcopis
1374 903 1775 956 ultramontanis
1802 912 1849 954 et
1874 901 2074 954 Italicis
2101 904 2501 971 conspiratione,

567 1000 819 1063 annitens,
848 1016 928 1050 me
952 999 1215 1051 deiciendo
1243 1016 1355 1050 eam
1380 999 1483 1050 sibi
1505 999 1796 1068 subiuyare.
1857 995 2012 1049 Gaius
2039 997 2312 1066 superbiae
2335 1007 2504 1050 vestra

567 1095 783 1146 resistit⁰
812 1095 1111 1158 auctoritas,
1154 1092 1395 1162 eamque‘¹
1421 1100 1617 1145 vestra⁰
1645 1094 1899 1145 destruxit
1913 1102 2163 1162 potestas.
2226 1091 2348 1158 Qui,
2380 1110 2503 1145 con-

424 1192 536 1235 1077
552 1189 715 1257 fusus
755 1199 800 1241 et
836 1189 1138 1241 humiliatus
1178 1190 1250 1240 ad
1287 1207 1365 1240 me
1393 1191 1449 1241 in
1478 1189 1903 1258 Lonyobardiam
1931 1189 2136 1239 veniens
2148 1185 2178 1252 ¹,
2221 1187 2501 1240 absolutio-

442 1251 518 1288 Ian.
565 1302 681 1336 nem
709 1284 772 1335 ab
801 1285 1322 1336 excommunicatione
1349 1286 1581 1353 quesivit.
1644 1282 1806 1350 Quem
1833 1302 1922 1353 eqo
1949 1284 2128 1334 videns
2154 1282 2499 1348 humiliatum,

564 1379 738 1430 multis
777 1379 842 1430 ab
883 1397 938 1431 eo
970 1379 1406 1448 promissionibus
1446 1381 1666 1449 acceptis
1706 1380 1768 1431 de
1793 1397 1916 1431 suae
1941 1380 2077 1431 vitae
2102 1380 2499 1443 emendationess,

564 1473 729 1525 solam
767 1475 816 1524 ei
851 1475 1256 1525 communionem
1293 1475 1505 1526 reddidi
1510 1494 1528 1536 ;
1566 1493 1672 1527 non
1706 1485 1874 1527 tamen
1899 1476 1955 1526 in
1981 1492 2158 1544 reyno,
2201 1493 2235 1525 a
2261 1491 2361 1543 quo
2389 1491 2503 1526 eum

563 1570 620 1619 in
670 1567 912 1619 Romana
960 1563 1188 1637 synodo²
1235 1570 1598 1638 deposueram,
1648 1567 2001 1631 instauravih3
2049 1587 2141 1621 nec
2173 1567 2500 1636 fidelitatem*

565 1664 816 1727 omnium,
869 1665 964 1732 qui
998 1661 1129 1715 sibi¹
1166 1666 1470 1716 iuraverant
1504 1665 1585 1716 vel
1622 1675 1770 1717 erant
1805 1667 2049 1730 iuraturi,
2092 1685 2125 1716 a
2164 1662 2288 1734 qua¹
2329 1682 2500 1717 omnes

563 1757 763 1808 absolvi
798 1759 854 1809 in
894 1759 1068 1810 eadem
1106 1760 1322 1828 synodO,
1363 1770 1422 1811 ut
1445 1760 1548 1812 sibi
1576 1767 1922 1824 servareturm,
1957 1761 2223 1829 praecepi.
2282 1759 2354 1812 Et
2371 1759 2502 1830 ‘haec

560 1853 675 1904 ideo
715 1854 928 1918 detinui,
970 1863 1028 1905 ut
1062 1855 1196 1906 inter
1235 1872 1348 1906 eum
1387 1861 1461 1906 et¹¹
1490 1857 1755 1924 episcopos
1793 1855 1874 1907 vel
1903 1857 2172 1925 principes
2210 1855 2499 1907 ultramon-

562 1957 726 2012 tanos,
770 1949 864 2017 qui
888 1950 937 2000 ei
961 1967 1119 2000 causa
1143 1951 1390 2001 iussionis
1416 1959 1612 2002 vestrae
1639 1950 1875 2003 ecclesiae
1899 1952 2206 2014 restiterant,
2247 1951 2501 2003 iustitiam

545 2043 783 2111 facerem
819 2043 900 2095 vel
926 2062 1115 2113 pacem
1153 2063 1533 2114 componerem3
1572 2047 1732 2098 sicut⁰
1766 2048 1878 2116 ipse
1902 2046 2182 2098 Heinricus
2210 2047 2499 2098 iuramento

550 2157 653 2207 per
691 2140 820 2190 duos
857 2134 1149 2208 episcopos³
1175 2140 1334 2192 michi
1347 2143 1610 2210 promisit.
1755 2142 2027 2194 Praedicti
2062 2151 2231 2194 autem
2270 2142 2503 2211 episcopi
2568 2140 2570 2143 ⁴

561 2244 607 2286 et
623 2236 893 2303 principes
919 2235 1310 2300 ultramontani,
1334 2237 1615 2301 audientes,
1643 2236 1792 2288 illum
1816 2255 1921 2289 non
1947 2254 2151 2288 servare
2175 2236 2332 2288 milii⁹
2358 2236 2500 2305 quod

550 2331 884 2398 promiserat,
928 2331 1084 2399 quasi
1119 2331 1379 2400 desperati
1415 2332 1478 2382 de
1516 2350 1589 2396 e0,
1631 2333 1767 2383 sine⁹
1795 2350 1905 2383 meo
1947 2331 2161 2383 consilio
2188 2331 2331 2383 vobis
2357 2332 2496 2384 testi-

354 2438 464 2477 Mart.
483 2440 531 2476 15
561 2424 670 2489 bus,
714 2425 972 2493 eleqerunt
1003 2425 1106 2477 sibi
1130 2425 1422 2495 Rodulfum
1448 2428 1627 2478 ducem
1651 2429 1708 2478 in
1734 2444 1919 2496 reqem.
1982 2425 2089 2492 Qui
2111 2445 2204 2478 rea:
2231 2426 2496 2494 Rodulfus

545 2519 863 2587 festinanter
900 2521 972 2572 ad
1006 2538 1086 2572 me
1122 2522 1278 2573 misso
1316 2524 1509 2574 nuncio
1536 2523 1815 2574 indicavit:
1855 2541 1908 2574 se
1945 2532 2177 2574 coactum
2213 2523 2365 2591 reyni
2395 2540 2496 2591 yu-

560 2614 839 2667 bernacula
877 2618 1157 2685 suscepisse
1194 2627 1363 2669 tamen
1373 2637 1391 2679 ,·
1436 2635 1542 2669 sese
1578 2628 1825 2688 paratum
1861 2618 2021 2669 michi
2058 2617 2292 2669 omnibus
2328 2617 2496 2669 modis

560 2709 811 2762 oboedire.
860 2711 934 2763 Et
969 2717 1049 2764 utr
1074 2712 1168 2763 hoc
1205 2715 1375 2765 verius
1414 2714 1670 2778 credatur,
1712 2731 1910 2783 semper
1939 2731 2000 2765 eoe
2027 2731 2082 2765 eo
2109 2722 2335 2782 tempore
2371 2730 2494 2764 eun-

558 2806 672 2856 dem
708 2806 863 2857 mihi⁵
900 2809 1044 2859 misit
1080 2826 1386 2873 sermonem,
1439 2810 1668 2860 adiciens
1716 2811 1869 2861 etiam
1894 2807 2038 2876 filio‘
2075 2803 2199 2860 suo4
2239 2807 2413 2860 obside
2451 2817 2497 2859 et

543 2900 720 2966 fidelis
757 2903 844 2953 sui
879 2902 1024 2953 ducis
1050 2899 1320 2956 Bertaldi5
1333 2904 1470 2971 filio,
1513 2906 1654 2974 quod
1673 2905 2022 2974 promittebat,
2050 2904 2284 2972 firmare.
2399 2900 2492 2954 In-

671 3063 704 3088 s..
740 3054 852 3090 morti
876 3054 1070 3091 traderent
1094 3054 1131 3091 4.
1282 3055 1317 3092 b.
1355 3055 1473 3092 filium
1501 3056 1583 3092 cod.
1727 3067 1759 3093 c.
1794 3055 1936 3093 restitit
1963 3057 1998 3092 2.
2018 3055 2054 3092 4.
2197 3054 2234 3091 d.
2271 3063 2430 3101 eumque
2456 3054 2491 3090 3.

556 3129 588 3153 e.
615 3119 744 3154 nostra
772 3119 855 3155 cod.
984 3119 1010 3156 f.
1037 3120 1141 3157 venit
1168 3122 1204 3157 3.
1328 3132 1362 3167 g.
1390 3121 1647 3158 melioratione
1676 3123 1711 3159 3.
1833 3120 1872 3158 h.
1898 3120 2105 3157 restauravi
2131 3121 2168 3156 3.
2289 3119 2316 3155 i.
2342 3121 2399 3156 sic
2421 3133 2492 3167 pro

554 3181 730 3219 fidelitas.
883 3184 921 3221 k.
949 3185 983 3221 ei
1010 3187 1045 3221 3.
1194 3185 1220 3222 l.
1249 3196 1321 3233 quo
1351 3201 1381 3222 c.
1534 3199 1582 3223 m.
1611 3189 1804 3225 servarent
1830 3187 1866 3223 4.
2012 3169 2116 3222 n.'et
2141 3184 2340 3232 episcopos
2367 3199 2436 3222 om.
2457 3185 2492 3221 3.

556 3258 589 3283 o.
619 3249 655 3284 et
683 3249 775 3284 add.
795 3249 831 3284 3.
942 3261 979 3298 p.
1009 3265 1076 3287 om.
1101 3252 1136 3288 3.
1248 3262 1284 3299 q.
1313 3251 1393 3288 sine
1427 3271 1465 3276 —
1497 3253 1655 3289 consilio
1684 3267 1751 3289 om.
1773 3253 1809 3288 3.
1912 3263 1942 3287 r.
1969 3251 2012 3287 ut
2043 3269 2083 3274 —
2114 3249 2287 3286 credatur
2314 3263 2383 3286 om.
2402 3250 2437 3286 3.
2455 3250 2492 3286 4.

556 3323 586 3349 s.
612 3316 774 3362 sequitur
800 3316 925 3351 iterum
955 3327 1103 3364 semper
1129 3319 1166 3353 in
1194 3318 1279 3354 cod.
1427 3319 1455 3353 t.
1489 3317 1569 3354 filio
1597 3329 1665 3355 suo
1693 3318 1780 3354 dato
1809 3316 1940 3353 obside
1968 3317 2007 3353 et
2030 3314 2155 3352 fidelis
2182 3315 2242 3351 sui
2268 3314 2375 3351 ducis
2402 3314 2492 3351 Ber-

554 3378 660 3424 taldi,
688 3379 789 3426 quod
814 3381 1057 3428 promittebat
1083 3384 1314 3419 sacramento
1342 3382 1489 3419 firmare
1518 3384 1554 3428 3,
1583 3384 1621 3420 et
1636 3383 1714 3420 filio
1735 3394 1802 3420 suo
1822 3381 1909 3418 dato
1930 3381 2060 3418 obside
2088 3381 2126 3417 et
2147 3379 2272 3417 fidelis
2300 3380 2359 3416 sui
2385 3379 2492 3417 ducis

555 3442 750 3480 Bertholdi
775 3444 867 3491 filio,
895 3446 996 3493 quod
1021 3447 1276 3494 promittebat,
1304 3447 1523 3484 confirmare
1551 3449 1587 3484 4.

673 3522 712 3564 1.
744 3522 817 3565 Ps.
840 3524 880 3579 2,
903 3524 944 3566 3.
1075 3526 1116 3568 2.
1149 3525 1316 3568 mensis
1337 3524 1571 3569 Februarii
1591 3539 1631 3570 a.
1652 3527 1780 3570 1076.
1812 3525 1869 3570 V.
1892 3536 2029 3580 supra
2047 3537 2092 3580 p.
2110 3523 2210 3568 223.
2337 3524 2380 3568 3.
2410 3535 2493 3580 per

554 3592 864 3638 Eberhardum
894 3595 1286 3653 Numburgensem
1317 3601 1363 3641 et
1394 3598 1662 3654 Gregorium
1692 3597 2038 3644 vercellensem.
2171 3596 2216 3640 4.
2248 3595 2492 3640 Bertholdo

554 3665 687 3719 (duce
717 3666 1043 3724 Alamanniae).
1193 3671 1235 3714 5.
1266 3671 1288 3714 I
1319 3670 1446 3715 ducis
1477 3671 1533 3715 de
1564 3671 1799 3727 Zeringen.
