2782 4198
897 268 1172 308 GREGORII
1207 270 1287 306 vn
1322 268 1587 307 REGISTRI
1621 267 1688 305 111
1712 267 1748 304 ⁷.
2185 253 2293 306 213

353 404 555 443 summo
591 403 768 440 rerum
806 386 983 457 posuit
1019 386 1270 455 culmine,
1311 386 1402 440 sed
1441 386 1599 440 etiam
1638 400 1756 438 cum
1795 381 2034 436 omnibus
2071 381 2295 436 homini·
2326 389 2441 434 1075

353 485 448 538 bus
494 499 678 554 pacem
727 499 860 552 quae
906 483 962 537 in
1000 482 1205 536 Christo
1254 486 1334 536 est
1376 481 1567 535 habere
1605 481 1790 550 iusque
1828 495 1979 532 suum
2016 477 2295 548 unicuique

352 578 644 647 observare,
684 579 923 648 cupimus
962 585 1319 648 summopere⁸
1358 577 1512 631 corde
1551 580 1603 629 et
1642 576 1816 629 animo
1856 574 2154 628 adhaerere.

497 674 632 728 Novi
672 675 836 743 enim,
886 675 1024 743 quod
1061 677 1115 727 te
1153 673 1305 726 credo
1342 689 1448 725 non
1483 672 1752 740 ignorare:
1803 670 1950 739 quia,
1999 669 2089 738 qui
2123 668 2296 723 Deum

349 787 406 825 re
445 787 568 824 vera
606 770 830 839 diligunt
868 774 920 824 et
943 770 1232 824 Romanam
1272 767 1543 822 ecclesiam
1569 766 1964 834 Romanumque
1993 764 2292 835 imperim,

351 866 441 920 acb
489 867 774 920 vindictam
822 883 1035 920 suorum
1083 865 1360 919 criminum
1407 881 1514 917 non
1558 862 1960 933 pertimescunt,
2013 860 2152 914 inter
2197 877 2294 913 nos

348 979 532 1032 pacem
571 966 623 1016 et
660 963 988 1016 concordiam
1025 962 1283 1014 inserere⁶
1325 959 1523 1028 agendo
1561 957 1646 1012 vel
1681 957 1877 1010 orando
1903 956 2292 1026 concupiscunt.

349 1058 676 1128 Quapropter
723 1058 914 1112 bonam
959 1056 1170 1126 concepi
1207 1054 1476 1123 fiduciam,
1529 1054 1652 1123 quia
1688 1053 1824 1106 hanc
1859 1055 2095 1105 nostram
2131 1052 2293 1105 immo

349 1155 507 1208 totius
545 1154 791 1208 ecclesiae
829 1152 1069 1207 causam‘¹
1094 1151 1354 1219 religiosis
1379 1149 1677 1204 hominibus
1704 1148 1925 1219 coepisti
1949 1147 2291 1217 committere,

349 1251 438 1320 qui
474 1267 569 1303 nos
605 1267 711 1303 non
748 1253 929 1303 nostra
965 1249 1158 1301 iniuste
1196 1247 1422 1315 diligunt
1459 1251 1526 1315 et,
1566 1250 1626 1300 ut
1663 1245 1949 1300 christiana
1971 1245 2294 1299 instauretur

345 1346 545 1414 religi0,
594 1349 774 1399 sancta
810 1344 1127 1398 intentione⁰
1165 1344 1454 1413 requirunt.
1513 1341 1628 1411 Ego
1669 1345 1860 1410 autem,
1899 1345 1959 1395 ut
1995 1341 2177 1412 paucis
2215 1340 2292 1394 lo—

347 1459 492 1511 quar,
530 1441 717 1494 horum
756 1440 972 1494 consilio
1012 1443 1228 1510 paratus
1259 1457 1399 1493 sum:
1441 1438 1647 1492 Christo
1674 1439 1883 1492 favente
1910 1437 2169 1506 gremium
2196 1437 2292 1491 tibi

343 1541 554 1591 sanctae
590 1536 857 1589 Romanae
896 1535 1143 1590 ecclesiae
1183 1536 1411 1606 aperire,
1457 1539 1613 1604 teque
1649 1538 1709 1588 ut
1747 1534 2016 1587 dominum
2052 1532 2293 1587 fratremr

343 1636 395 1686 et
431 1631 597 1686 filium
635 1632 922 1702 suscipere,
973 1632 1327 1700 auxiliumque
1365 1635 1523 1702 prout
1561 1630 1849 1701 oportuerit
1884 1629 2162 1700 praebere3
2210 1629 2291 1682 ni-

341 1728 446 1782 chil
485 1728 626 1781 aliud
665 1745 696 1781 a
732 1732 784 1781 te
825 1745 1096 1797 quaerens,
1136 1728 1240 1780 nisi
1277 1731 1336 1780 ut
1362 1728 1428 1780 ad
1454 1727 1655 1780 monita
1679 1731 1801 1780 tuae
1828 1725 2011 1779 salutis
2037 1742 2142 1779 non
2169 1742 2290 1780 con-

340 1828 581 1895 tempnas
633 1841 811 1877 aurem
856 1823 1108 1878 inclinare
1158 1828 1210 1877 et
1256 1823 1480 1877 creatori
1527 1827 1645 1891 tu0,
1695 1822 1831 1876 sicut
1867 1825 1919 1876 te
1959 1822 2130 1890 decet,
2182 1839 2289 1875 non

341 1920 666 1973 contradicas
706 1918 889 1973 offerre
927 1919 1148 1988 gloriam
1189 1924 1241 1973 et
1276 1919 1542 1973 honorem.
1601 1918 1766 1972 Valde
1796 1919 1990 1989 quippe
2014 1917 2288 1986 indignum

342 2019 437 2084 est,
475 2020 535 2069 ut
570 2016 838 2084 honorem,
879 2033 1034 2085 quem
1074 2033 1105 2068 a
1138 2016 1401 2069 conservis
1441 2020 1493 2069 et
1517 2014 1765 2068 fratribus
1792 2014 1985 2068 nostris
2013 2014 2286 2083 exigimus,

340 2112 562 2165 creatori
610 2115 662 2165 et
708 2111 1028 2182 redemptori
1073 2116 1251 2165 nostro
1299 2111 1517 2164 reddere
1564 2114 2011 2180 contempnamus
2079 2109 2289 2164 Moveat

337 2207 513 2276 itaque
550 2223 645 2260 nos
687 2207 865 2260 divina
907 2207 1211 2277 promissiO,
1262 2224 1365 2276 qua
1403 2207 1617 2260 dicitur:
1668 2208 1784 2277 Eyo
1821 2207 2170 2277 qlorificantes
2207 2226 2288 2260 me

333 2304 653 2373 ylorificabO,
698 2315 744 2357 et
782 2307 876 2374 qui
910 2322 990 2356 me
1019 2314 1361 2369 contemnunt,
1405 2314 1555 2356 erunt
1578 2298 1890 2374 iynobiles¹3
1930 2305 1982 2355 et
2007 2300 2284 2355 offeramus

337 2399 409 2467 ei,
459 2399 596 2468 quod
641 2398 815 2469 placet
858 2397 1008 2451 nobis
1051 2398 1149 2452 hac
1195 2399 1251 2451 in
1294 2398 1412 2452 viag
1451 2398 1697 2467 seculari,
1746 2402 1806 2452 ut
1851 2397 2184 2468 perfruamur
2229 2397 2285 2451 in

337 2494 645 2548 coelestibus
683 2495 818 2547 dono
858 2493 1136 2564 spirituali.

483 2589 564 2642 De
604 2589 849 2659 superbia
884 2607 1007 2644 vero
1037 2589 1306 2643 Saxonum
1342 2590 1489 2644 vobis
1519 2589 1711 2644 iniuste
1736 2588 2110 2657 resistentium,
2152 2605 2284 2658 quae

338 2684 513 2738 divino
551 2685 743 2738 iudicio
783 2702 814 2738 a
849 2685 982 2739 facie
1018 2690 1195 2739 vestra
1229 2686 1453 2740 contrita
1479 2690 1558 2740 est
1569 2682 1604 2755 ²,
1646 2689 1699 2740 et
1723 2685 2056 2754 gaudendum
2082 2687 2162 2738 est
2186 2701 2283 2754 pro

335 2797 464 2851 pace
503 2779 775 2848 ecclesiae,
826 2784 878 2834 et
915 2781 1194 2835 dolendum
1233 2783 1356 2850 quia
1390 2782 1586 2836 multus
1627 2781 2031 2835 christianorum
2070 2780 2282 2848 sanguis

336 2875 528 2931 effusus
569 2880 661 2930 est.
720 2876 827 2930 Vos
867 2880 1038 2930 autem
1078 2877 1134 2929 in
1171 2877 1364 2931 talibus
1402 2877 1521 2948 plus
1546 2878 1796 2931 honorem
1822 2876 1923 2930 Dei
1950 2879 2002 2930 et
2024 2876 2283 2929 iustitiam

335 2973 444 3027 eius
491 2976 766 3043 procurate
806 2972 1108 3040 defendere,
1161 2988 1317 3040 quam
1363 2973 1548 3027 honori
1585 2973 1799 3044 proprio
1838 2971 2129 3043 providere.
2189 2971 2281 3025 Se-

333 3069 507 3122 curius
548 3069 687 3123 enim
727 3068 945 3137 quilibet
980 3068 1225 3138 princeps
1263 3068 1405 3122 mille
1442 3069 1633 3139 impios
1666 3072 1842 3139 potest
1867 3084 2024 3122 causa
2047 3067 2281 3121 iustitiae

331 3165 534 3235 punire,
577 3181 734 3234 quam
770 3165 1016 3235 propriae
1055 3180 1212 3217 causa
1249 3163 1445 3231 gloriae
1484 3164 1768 3234 quemlibet
1802 3163 2144 3218 christianum
2169 3162 2280 3231 gla-

333 3260 417 3314 dio
458 3265 706 3316 sternere.
767 3260 956 3315 Omnia
994 3260 1132 3314 enim
1172 3259 1368 3313 creavit
1407 3264 1459 3314 et
1494 3261 1645 3329 regit,
1688 3260 1776 3329 qui
1815 3259 1973 3313 dixit:
2011 3260 2130 3330 qu
2161 3260 2277 3330 qlo-

447 3404 480 3430 a.
523 3404 591 3431 vos
636 3404 784 3442 quoque
826 3392 937 3430 nobis
980 3393 1167 3430 excidisse
1200 3393 1368 3437 violetur,-
1408 3392 1519 3440 cupio
1557 3391 1630 3428 tibi
1669 3392 1703 3428 2.
1860 3391 1898 3428 b.
1938 3390 1988 3428 ad
2022 3391 2128 3435 cod„
2169 3392 2208 3428 et
2241 3392 2277 3428 2.

333 3469 365 3495 c.
399 3458 537 3496 inferre
572 3461 608 3496 2.
772 3459 808 3496 d.
845 3470 972 3496 curam
1007 3460 1042 3496 2.
1206 3470 1238 3495 e.
1273 3469 1378 3495 suam
1413 3458 1659 3495 intentionem
1695 3458 1800 3506 coel„
1835 3458 1966 3495 sancta
1997 3456 2206 3494 intentione
2241 3458 2276 3494 2.

334 3521 412 3569 (Cf.
439 3527 540 3570 infra
567 3525 631 3562 IV
653 3526 694 3562 3:
732 3526 861 3563 sancta
895 3526 933 3563 et
958 3524 1043 3563 utili
1068 3525 1277 3562 intentione
1303 3521 1551 3571 incedentes).
1706 3523 1734 3561 f.
1769 3523 1962 3561 dominum
1996 3524 2035 3561 et
2059 3522 2213 3561 fratrem
2240 3525 2276 3561 2.

333 3598 368 3635 g.
402 3589 478 3627 vita
503 3591 540 3627 2.

450 3654 491 3698 1.
524 3655 548 3698 1
573 3654 682 3711 Reg.
705 3655 745 3711 2,
768 3655 839 3700 30.
989 3656 1030 3700 2.
1061 3666 1203 3712 prope
1233 3653 1425 3699 Unstrut
1452 3652 1497 3699 fl.
1530 3652 1604 3700 die
1635 3654 1662 3698 9
1692 3653 1809 3699 Iunii
1840 3652 1969 3700 1075.
