2782 4198
408 394 520 436 1077

383 453 469 490 Mai.
491 455 538 490 12

569 258 676 311 274
1103 269 1377 308 GRnGoRn
1415 269 1491 305 vn
1529 267 1792 306 REG1s⁷rm
1826 268 1885 305 lv
1911 268 1972 304 22.

570 405 750 458 super,
800 403 863 440 ne
910 386 963 439 in
1009 389 1230 439 mortem
1276 381 1445 437 illius¹
1484 385 1573 452 qui
1619 385 1674 437 in
1722 384 2227 454 ignem‘proiectus
2267 387 2346 437 est
2376 376 2505 437 con&

568 484 803 550 senserit,
842 483 894 535 in
923 481 1103 534 eodem
1130 498 1185 534 se
1211 484 1532 534 sacramento
1560 479 1817 533 defendat.
1867 478 2014 543 Quod
2039 481 2085 533 si
2108 480 2304 534 factum
2328 479 2503 547 fuerit,

566 578 958 649 praecedentem
993 577 1102 630 eius
1131 576 1436 630 electionem
1475 575 1882 630 confirmandam
1916 591 2044 643 esse,
2074 575 2358 646 apostolica
2393 591 2504 627 mo-

567 674 832 728 deratione
860 672 1200 740 decernimus,
1233 677 1284 726 et
1310 677 1362 726 te
1392 687 1506 724 cum
1541 670 1830 724 confratreb
1860 674 2039 723 nostro
2067 670 2309 725 Remensi
2338 670 2504 724 archi-

567 771 807 840 episcopo
847 768 910 822 de
948 769 1057 822 eius
1084 768 1470 821 consecratione
1503 770 1658 836 prout
1690 770 1956 835 oporteat⁰
1985 770 2211 820 statuere
2236 766 2502 833 volumus3

565 865 667 918 nisi
686 865 819 918 forte
846 863 949 917 alia
973 863 1089 932 sibi,
1119 880 1250 932 quae
1275 880 1371 917 nos
1396 864 1711 931 ignoramuS,
1740 861 2060 928 obstiterint3
2092 878 2223 931 quae
2249 855 2423 916 tamen
2446 863 2504 916 in

564 960 893 1030 providentia
925 963 1101 1013 vestra
1125 959 1472 1012 examinanda
1496 958 1853 1026 relinquimus.
1914 957 2047 1010 Illud
2072 973 2195 1011 vero
2232 974 2504 1011 commune

565 1055 759 1108 malum
797 1072 930 1125 pene
967 1055 1127 1108 totius
1164 1060 1351 1123 terrae,
1398 1053 1666 1108 videlicetdl
1706 1053 1840 1123 quod
1881 1053 2067 1106 altaria
2104 1053 2414 1122 venduntur,
2454 1057 2507 1107 et

566 1151 702 1220 quod
740 1152 839 1205 iste
879 1151 1036 1204 etiam
1062 1151 1117 1203 in
1145 1149 1312 1203 officio
1348 1150 1429 1203 sui
1457 1150 1902 1203 archidiaconatus
1931 1166 1986 1203 se
2010 1149 2195 1204 fecisse
2219 1166 2324 1202 non
2350 1141 2505 1203 dene-⁶

565 1250 668 1315 gat,
708 1263 774 1299 ne
800 1246 1044 1316 deinceps
1068 1244 1176 1314 fiat,
1214 1250 1323 1299 tam
1362 1245 1481 1298 huic
1521 1263 1676 1315 quam
1703 1246 1886 1298 ceteris
1914 1245 2152 1299 omnibus
2189 1245 2502 1299 interdicito.

712 1341 792 1394 De
831 1346 1000 1395 cetero
1042 1341 1378 1395 admonemus
1418 1341 1748 1394 dilectionem
1787 1345 1955 1394 tuam:
2006 1345 2066 1394 ut
2109 1341 2338 1410 reliquas
2385 1357 2506 1394 cau-

565 1453 648 1489 sas
689 1440 741 1489 et
772 1436 1003 1504 negocia,
1042 1436 1286 1490 videlicet
1311 1435 1707 1490 Catalaunensis
1746 1433 2021 1507 episcopi²,
2061 1437 2396 1491 Carnotensis
2423 1452 2505 1490 ec-

564 1531 768 1599 clesiae,
809 1531 1118 1600 AnitiensiS,
1159 1532 1524 1599 ArvernensiS,
1564 1549 1659 1586 nec
1697 1549 1802 1585 non
1841 1534 2145 1586 monasterii
2184 1533 2352 1586 sancti
2378 1531 2505 1586 Dio-

562 1627 700 1697 nysii
740 1631 792 1680 et
830 1626 949 1694 alia,
992 1643 1122 1695 quae
1158 1628 1455 1681 necessaria
1480 1627 1857 1681 ecclesiastieae
1883 1628 2123 1696 religioni
2149 1629 2503 1699 apparuerint,

562 1739 656 1792 pro
697 1722 975 1775 commissa
1011 1721 1109 1775 tibi
1145 1723 1257 1776 vice
1284 1727 1479 1790 nostra,
1521 1727 1769 1791 quantum
1798 1722 1909 1777 Deo
1942 1724 2226 1778 auxiliante
2253 1723 2504 1793 potueris,

562 1819 639 1871 ita
676 1817 952 1885 diligenter
989 1821 1214 1870 tractare
1241 1821 1293 1871 et
1320 1817 1385 1870 ad
1410 1816 1567 1871 finem
1594 1818 1876 1888 perducere
1903 1820 2128 1888 studeas,
2170 1824 2422 1889 quatenus
2449 1819 2505 1871 in

564 1913 637 1967 eis
675 1918 858 1966 nostra
896 1913 1139 1983 deinceps
1166 1913 1335 1983 possit
1360 1913 1651 1967 sollicitudo
1679 1918 1730 1967 et
1754 1914 1911 1983 longa
1948 1915 2194 1983 fatigatio·
2226 1913 2503 1968 sublevari.

710 2009 962 2062 Volumus
1003 2009 1186 2062 etiam:
1228 2014 1287 2063 ut
1323 2009 1540 2066 fratrem
1577 2015 1814 2064 nostrum
1843 2010 2118 2079 Hugonem
2157 2010 2504 2065 venerabilem

564 2104 959 2158 Cluniacensem
989 2105 1246 2173 abbatem,
1286 2110 1458 2158 tecum
1488 2106 1685 2176 synodo
1724 2107 1993 2175 interesse,
2036 2124 2100 2160 ex
2138 2110 2318 2160 nostra
2355 2110 2505 2175 parte

562 2201 815 2254 invitare⁰
850 2201 1081 2268 rogando
1118 2205 1170 2254 et
1195 2200 1416 2253 multum
1443 2201 1686 2254 instando
1713 2219 1976 2271 procures,
2017 2218 2133 2255 cum
2159 2206 2376 2272 propter
2401 2200 2505 2254 alia

563 2296 754 2364 multa,
805 2301 918 2349 tum
961 2296 1189 2349 maxime
1227 2300 1287 2348 ut
1324 2312 1482 2348 causa
1518 2296 1864 2350 Arvernensis
1905 2297 2150 2351 ecclesiae
2189 2296 2505 2367 competenti

564 2395 615 2444 et
649 2391 802 2444 firma
828 2391 1260 2445 determinatione
1288 2407 1401 2443 cum
1431 2390 1531 2444 Dei
1557 2395 1608 2444 et
1633 2391 1773 2444 illius
1800 2392 2056 2446 adiutorio
2081 2390 2308 2446 finiatur.
2369 2391 2504 2445 Con-

562 2485 772 2539 fidimus
794 2487 933 2540 enim
962 2487 1017 2539 in
1046 2486 1402 2539 misericordia
1422 2486 1522 2539 Dei
1551 2490 1602 2539 et
1629 2488 2020 2541 conversatione
2049 2488 2188 2541 vitae
2215 2488 2343 2555 eiuS,
2367 2485 2505 2555 quod

563 2581 755 2634 nullius
795 2581 1118 2651 deprecatiO,
1157 2581 1350 2634 nullius
1395 2581 1542 2634 favor
1582 2587 1671 2636 aut
1715 2584 1886 2650 gratia
1931 2600 2027 2637 nec
2078 2583 2253 2652 aliqua
2288 2598 2503 2652 prorsus

563 2677 854 2746 personalis
894 2677 1124 2747 acceptio
1164 2693 1282 2730 eum
1322 2694 1353 2729 a
1390 2678 1599 2731 tramite
1638 2679 1964 2732 rectitudinis
1992 2680 2254 2733 dimovere
2291 2678 2500 2748 poterit.

714 2772 770 2826 Si
806 2773 967 2840 igitur
1005 2773 1182 2826 divina
1219 2772 1496 2826 clementia
1528 2773 1648 2827 huic
1674 2779 1882 2828 nostrae
1909 2775 2239 2845 dispositioni
2265 2773 2503 2828 effectum

567 2867 792 2935 dederit,
841 2867 979 2922 inter
1017 2872 1190 2922 cetera
1236 2884 1367 2936 quae
1405 2873 1498 2921 tua
1533 2869 1834 2923 fraternitas
1874 2871 2074 2938 agenda
2114 2869 2366 2939 suscepit,
2405 2867 2503 2920 hoc

567 2964 912 3017 attentissime
949 2963 1240 3034 perpendat
1278 2968 1329 3016 et
1354 2964 1541 3032 exequi
1567 2966 1788 3034 studeat,
1827 2971 1887 3019 ut
1911 2966 2236 3034 congregatis
2263 2962 2502 3017 omnibus

565 3063 616 3112 et
652 3060 707 3112 in
733 3063 991 3113 conventu
1019 3058 1365 3113 residentibus
1391 3059 1670 3113 manifesta
1704 3066 1757 3115 et
1778 3062 2081 3131 personanti
2107 3059 2502 3113 denunciatione

562 3155 862 3208 interdicat:
910 3159 996 3223 ut,
1046 3154 1402 3208 conservanda
1449 3155 1691 3226 deinceps
1740 3157 1797 3209 in
1839 3155 2204 3227 promovendis
2244 3153 2502 3224 episcopis

563 3251 813 3304 canonica
850 3255 902 3305 et
940 3250 1226 3321 apostolica
1264 3250 1596 3319 auctoritate,
1643 3251 1816 3304 nullus
1854 3251 2375 3321 metropolitanorum
2413 3253 2504 3303 aut

566 3347 735 3415 quivis
776 3347 1138 3417 episcoporum
1178 3345 1349 3414 alicui,
1390 3346 1479 3415 qui
1519 3363 1550 3399 a
1585 3345 1720 3400 laica
1757 3363 1981 3417 persona
2017 3346 2209 3400 donum
2236 3346 2503 3416 episcopa-

683 3511 715 3536 a.
742 3500 892 3546 ignibus
921 3503 957 3538 2.
1073 3500 1108 3538 b.
1135 3500 1250 3537 fratre
1278 3501 1314 3537 2.
1431 3511 1462 3537 c.
1492 3500 1642 3548 oportet
1668 3501 1703 3536 2.
1816 3499 1853 3536 d.
1881 3514 1952 3536 om.
1973 3501 2007 3537 2.
2122 3512 2155 3537 e.
2183 3500 2373 3537 convitare
2401 3499 2502 3543 cod„

564 3567 761 3602 convetare
789 3567 824 3602 2.

684 3645 722 3687 1.
755 3642 1000 3687 Ramihrdi.
1046 3644 1102 3688 V.
1124 3656 1195 3700 ep.
1219 3645 1276 3688 20
1306 3656 1443 3700 supra
1472 3657 1516 3700 p.
1540 3644 1627 3688 270
1657 3657 1701 3687 n.
1724 3644 1766 3688 2.
1915 3644 1957 3688 2.
1989 3644 2171 3701 Rogerii
2200 3644 2279 3688 ΠΙ.
