2730 4198
519 281 625 333 676
1003 292 1349 331 nom'rnoms
1387 293 1463 328 AD
1504 291 1730 329 AMICUM
1766 292 1873 328 Lm.
1902 292 1964 327 1x

373 416 487 459 1080
517 409 778 479 prioribus
819 409 1058 477 dominiS,
1098 412 1211 461 tum
1250 408 1371 477 quia
1409 407 1589 460 eadem
1627 406 1774 476 plebs
1812 406 2121 460 naturaliter
2159 405 2319 460 infida
2357 411 2451 475 est,

335 998 413 1035 Iun.
437 1000 484 1035 29

332 1658 409 1694 11111.
433 1658 480 1694 25

519 505 658 574 quod
690 504 913 572 voluere,
953 504 1198 557 facillime
1224 504 1395 556 facere
1421 506 1637 572 potuere
1653 498 1682 553 ¹.
1796 501 2000 555 Dehinc
2025 502 2291 556 venientes
2316 502 2454 555 Lon-

517 600 820 667 gobardiam
860 629 928 635 ——
969 598 1148 651 relicto
1200 598 1496 650 marchione
1536 597 1751 650 Alberto
1804 601 1855 650 et
1905 598 2091 651 comite
2130 594 2361 651 Bosone²
2398 598 2454 650 in

516 696 751 765 partibus
793 694 1010 747 Tusciae
1055 723 1118 731 ——
1160 710 1339 747 omnes
1388 693 1650 763 principes
1689 691 2152 759 Longobardorum
2193 693 2259 746 ad
2297 692 2455 746 collo-

518 791 697 859 quium
735 791 1015 843 invitantes
1045 790 1182 860 apud
1206 789 1642 856 Brixianorium⁸,
1683 787 1851 841 diviso
1877 805 2037 856 regno
2066 793 2118 842 et
2145 789 2452 856 sacerdotiO,

518 885 583 938 ad
619 903 796 953 regem
834 889 1147 938 remearunt.

662 981 866 1034 Interea
904 981 1213 1034 venerabilis
1252 973 1489 1050 pontifex
1526 983 1646 1049 post
1684 976 2050 1048 110111600316113
2081 996 2198 1033 011111
2224 979 2453 1033 Ruberto

513 1075 963 1129 Normannorumb
1004 1077 1132 1130 duce
1172 1076 1513 1144 colloquiumc
1551 1077 1681 1129 citra
1705 1072 2002 1146 Aquinum⁴²
2026 1075 2208 1129 habuit
2235 1092 2454 1144 eumque

515 1171 578 1224 ab
620 1172 1151 1238 excommunicatione
1192 1171 1428 1224 absolvit.
1495 1171 1609 1239 Qui,
1651 1173 1761 1226 eius
1800 1172 2044 1242 proprius
2082 1172 2250 1225 factus
2285 1170 2453 1238 mileS,

514 1284 720 1320 omnem
759 1266 984 1335 Apuliae
1024 1269 1075 1318 et
1114 1265 1386 1319 Calabriae
1427 1266 1491 1320 ab
1532 1284 1590 1320 eo
1632 1269 1862 1338 suscepit
1898 1269 2267 1338 principatum.

662 1361 792 1414 Cum
830 1361 958 1414 haec
996 1365 1316 1429 gererentur,
1356 1360 1819 1428 Longobardorum
1857 1364 2088 1434 episcopi
2115 1368 2167 1417 61
2190 1364 2452 1433 principes

513 1457 651 1526 apud
689 1453 1106 1509 Brixianorium⁵
1146 1457 1474 1510 conveniunt.
1553 1457 1695 1512 Haut
1742 1461 1914 1527 segnis
1965 1459 2038 1513 ibi
2084 1477 2179 1513 rex
2229 1459 2456 1513 occurrit
2529 1468 2532 1471 ’

513 1569 629 1605 011111
670 1553 776 1605 suis
817 1552 1074 1621 episcopis
1116 1569 1176 1605 ac
1213 1552 1613 1606 ultramontanis
1640 1555 1979 1624 principibus
2041 1554 2141 1609 Ubi
2168 1555 2454 1609 communi-

512 1652 625 1701 cato
665 1648 893 1717 pessimo
935 1648 1148 1700 consilio
1189 1648 1397 1715 eligitur
1426 1646 1704 1702 Guibertus
1743 1651 1800 1703 in
1824 1651 2116 1704 Romanum
2154 1650 2451 1721 pontificem

512 1760 543 1796 a
581 1743 953 1811 consimilibus,
994 1743 1135 1796 nullo
1175 1744 1249 1797 ibi
1288 1743 1520 1796 Romano
1562 1749 1764 1798 astante
1804 1746 1988 1799 clerico
2028 1746 2111 1800 vel
2146 1746 2296 1815 laicO,
2335 1751 2453 1817 pre'-

511 1839 711 1891 sidente
749 1837 1012 1891 Romanae
1061 1820 1337 1892 cathedrae
1385 1840 1670 1893 venerabili
1715 1859 1856 1912 papa
1895 1841 2171 1910 GregoriO,
2222 1843 2310 1911 qui
2346 1843 2453 1896 iam

508 1951 603 2003 per
643 1931 1082 2003 quinquennium6
1109 1935 1165 1987 in
1198 1951 1324 2005 pace
1351 1938 1699 1992 universalem
1726 1943 1935 1992 rexerat
1961 1938 2246 1991 ecclesiam.
2271 1941 2273 1943 ’
2306 1937 2454 2001 Quod

508 2030 705 2083 factum
744 2030 1058 2083 diabolicum
1095 2048 1200 2083 non
1240 2036 1318 2084 est
1357 2033 1590 2086 auditum
1632 2052 1662 2087 a
1701 2035 1809 2103 die,
1861 2051 1963 2103 qua
2000 2038 2179 2102 gentes
2220 2050 2332 2087 esse
2370 2049 2452 2087 06-

510 2129 715 2194 perunt,
755 2143 917 2194 usque
959 2126 1024 2179 ad
1064 2127 1202 2180 diem
1239 2127 1387 2181 hanc.
1448 2128 1518 2182 Et
1557 2131 1680 2198 quia
1718 2134 1990 2200 peccatum
2028 2129 2334 2199 plerumque
2374 2133 2453 2182 est

509 2238 647 2290 pena
693 2222 919 2291 peccati,
969 2239 1033 2275 ex
1070 2223 1245 2276 radice
1285 2225 1557 2293 superbiae
1596 2225 1878 2296 processitd
1918 2225 1984 2277 ad
2021 2225 2335 2294 periurium,
2385 2241 2451 2278 ex

508 2317 738 2386 periurio
779 2319 1018 2386 pervenit
1057 2318 1123 2370 ad
1155 2319 1578 2388 inobedientiam,
1618 2338 1713 2391 per
1737 2321 2141 2374 inobedientiam
2171 2318 2450 2373 Guibertus

511 2413 698 2465 cecidit
733 2413 789 2464 in
828 2414 1433 2483 excommunicationem,
1473 2433 1567 2485 per
1600 2416 2187 2469 excommunicationem
2211 2416 2452 2485 pervenit

511 2507 578 2559 ad
615 2507 928 2560 idolatriam.
1061 2508 1213 2562 Hunc
1250 2509 1425 2578 talem,
1466 2515 1524 2563 ut
1563 2513 1801 2582 superius
1840 2512 2129 2579 retulimus,
2169 2511 2311 2563 nullo
2349 2510 2451 2564 Ro-

509 2619 783 2656 manorum
823 2603 1128 2656 clericorum
1165 2605 1250 2657 vel
1286 2605 1538 2659 laicorum
1577 2606 1651 2659 ibi
1688 2611 1930 2676 presente
1970 2606 2053 2660 vel
2079 2606 2449 2675 consentiente,

510 2703 725 2768 excepto
766 2699 985 2766 Hugone
1025 2698 1283 2768 Candido,
1335 2702 1421 2770 qui
1468 2703 1696 2771 peccatis
1747 2703 1853 2755 suis
1894 2702 2220 2770 exigentibus
2261 2702 2324 2755 ab
2368 2718 2450 2755 ec-

509 2794 667 2847 clesia
702 2795 810 2847 iam
849 2795 937 2847 diu
974 2795 1145 2847 fuerat
1183 2801 1567 2865 sequestratuS,
1619 2798 1774 2866 elegit
1812 2798 1912 2851 sibi
1948 2815 2044 2851 rex
2081 2797 2357 2851 Heinricus
2394 2798 2450 2851 in

509 2889 821 2958 pontificem.
881 2890 952 2943 Et
989 2890 1125 2959 huic,
1166 2892 1414 2945 suadente
1451 2892 1689 2946 Dionisio
1716 2893 2017 2947 Placentino
2058 2894 2318 2964 episcope,
2360 2910 2449 2946 ore

512 2985 721 3054 proprio
760 2986 977 3038 iuravit:
1026 2986 1088 3039 ab
1129 3004 1187 3039 eo
1228 3004 1473 3042 coronam
1511 2989 1838 3059 imperialem
1877 2994 2254 3059 suscepturum.
2314 2987 2450 3051 Quid

509 3080 691 3150 plura?
745 3081 825 3134 Ita
863 3098 1040 3135 omnes
1078 3087 1252 3136 mente
1290 3084 1454 3137 cecati
1492 3089 1628 3154 sunt,
1669 3090 1727 3138 ut
1763 3103 1868 3138 non
1907 3085 2225 3155 respicerent
2261 3083 2449 3136 faciem

624 3187 656 3212 a.
692 3176 951 3213 Brixianorum
980 3192 1010 3213 c.
1055 3180 1116 3224 Cf.
1144 3181 1258 3224 infra.
1388 3179 1424 3216 b.
1459 3179 1760 3218 Marmannorum
1788 3196 1819 3217 c.
1951 3192 1983 3217 0.
2011 3179 2237 3227 colloquium
2265 3193 2336 3216 om.
2364 3179 2448 3216 cod.

510 3240 545 3276 d.
572 3242 759 3288 processit
785 3242 833 3278 ad
858 3243 1062 3289 periurium
1088 3247 1210 3292 recepi
1234 3259 1280 3281 ex
1311 3246 1399 3282 Vita
1427 3247 1610 3295 Gregorii,
1636 3247 1855 3284 Bonithonis
1883 3247 2014 3282 librum
2040 3252 2223 3295 sequente,
2253 3258 2314 3291 ap.
2338 3246 2450 3280 Wal—

509 3307 619 3342 terich
649 3309 757 3343 Ponl.
776 3310 881 3344 Rom.
910 3310 982 3346 Vit.
1011 3312 1033 3346 I
1057 3310 1144 3346 337.

627 3371 666 3413 1.
709 3371 779 3414 De
818 3371 1045 3415 Mathildis
1084 3372 1297 3416 militibus
1335 3374 1546 3418 Heinrico
1589 3374 1686 3430 regi
1726 3375 1970 3432 „resistere
2012 3372 2359 3418 recusantibus“
2401 3387 2446 3418 v.

510 3442 644 3499 Greg.
661 3445 749 3488 VII
768 3445 880 3500 Reg.
899 3445 1008 3490 VIII
1028 3446 1085 3489 26
1116 3458 1253 3502 supra
1280 3461 1325 3502 p.
1347 3447 1449 3491 474.
1569 3449 1611 3491 2.
1643 3448 1815 3491 Horum
1846 3451 2085 3503 utrumque
2116 3446 2163 3490 in
2196 3446 2446 3503 „capitibus

509 3516 921 3561 schismaticorum“
955 3522 1162 3562 numerat
1190 3519 1442 3564 Bernoldus
1472 3520 1519 3564 in
1550 3519 1770 3564 Chronico
1801 3521 1860 3564 ad
1893 3520 2019 3576 1085,
2051 3519 2170 3563 Mon.
2193 3518 2344 3563 Germ.
2366 3517 2446 3563 SS.

508 3588 551 3632 V
580 3588 682 3632 443.
802 3591 843 3634 3.
875 3595 979 3646 post
1008 3592 1111 3636 Mai.
1133 3593 1204 3636 31.
1323 3593 1365 3636 4.
1387 3592 1649 3650 Ceperani,
1681 3593 1754 3637 die
1786 3594 1842 3637 29
1871 3593 2001 3637 Iunii.
2123 3593 2164 3636 5.
2197 3592 2445 3636 Brixinam.

509 3661 550 3704 6.
582 3661 718 3705 immo
748 3664 1044 3717 septennium.
