2730 4198
837 313 1113 352 GREGORII
1149 314 1229 351 vn
1265 313 1532 352 REGISTRI
1567 314 1626 350 vr
1653 313 1687 350 7.
1717 313 1752 350 8.
2161 298 2267 350 337

319 447 445 485 num
483 428 859 483 Flandrensem
899 430 1161 500 clericum,
1201 431 1514 484 innotuisse:
1555 425 1871 484 Robertum¹
1894 427 2271 482 Flandrensem

319 526 563 580 comitem
601 524 665 578 ab
704 522 969 580 Huberto²
1006 526 1179 595 legato
1218 531 1397 581 nostro
1438 530 1490 580 et
1527 525 1747 594 Hugone
1784 524 2132 593 Lingonensi‘*
2161 541 2270 595 epl-

320 617 503 691 scopo⁵
542 638 637 691 per
685 622 1098 676 machinationes
1136 622 1468 676 inimicorum
1508 638 1722 675 suorum
1761 621 2271 676 excommunicatum

320 733 447 771 esse.
526 715 674 780 Quod
722 718 845 787 quia
888 735 995 772 non
1042 718 1314 787 debemuS‚
1367 718 1411 771 si
1450 734 1630 771 verum
1672 720 1775 785 est,
1824 717 1988 785 ferre,
2038 716 2270 785 rogando

317 812 627 867 mandamus
672 814 992 868 fraternitati
1030 818 1174 868 tuae:
1226 818 1311 882 ut,
1366 814 1411 866 si
1449 813 1547 866 tibi
1585 812 1863 866 molestum
1901 829 2008 865 non
2048 816 2154 880 est,
2206 812 2273 866 ad

252 944 267 962 Ι
316 907 434 962 illas
473 912 651 979 partes
676 909 891 965 festines
921 910 1188 977 accedere3
1232 913 1298 978 et,
1340 909 1382 962 si
1420 909 1684 962 inveneris
1723 925 1843 962 eum
1880 925 1986 961 non
2026 909 2272 963 canonice

319 1006 843 1076 excommunicatum,
885 1005 1124 1061 absolvas
1165 1022 1285 1060 eum
1313 1022 1378 1059 ex
1403 1004 1545 1059 beati
1570 1004 1715 1059 Petri
1742 1004 2099 1074 apostolorum
2125 1005 2272 1075 prin-

319 1101 449 1172 cipis
491 1106 542 1156 et
578 1106 762 1156 nostra
797 1106 974 1174 parte3
1016 1103 1099 1156 sin
1137 1106 1337 1170 autem,
1378 1100 1517 1170 quod
1553 1117 1659 1153 non
1699 1104 1966 1170 optamuS,
2007 1101 2271 1170 canonice,

320 1201 372 1252 et
409 1202 586 1252 tamen
624 1198 847 1253 voluerit
885 1199 1211 1267 satisfacere,
1263 1196 1422 1252 itemb
1471 1214 1538 1250 ne
1587 1195 1795 1251 differas
1844 1214 1963 1251 eum
2009 1197 2133 1251 ovili
2181 1197 2272 1251 do-

319 1295 510 1348 minico
558 1294 922 1362 reconciliare3
977 1294 1099 1364 quia
1144 1295 1259 1366 ipse
1307 1310 1541 1348 summus
1590 1297 1772 1365 pastor
1823 1311 1971 1348 ovem
2010 1294 2273 1365 perditam

319 1391 548 1462 propriis
595 1391 827 1445 humeris
876 1390 1044 1445 voluit
1091 1391 1159 1445 ad
1207 1408 1419 1460 gregem
1467 1394 1739 1460 reportare
1751 1386 1784 1443 ⁴.
1866 1390 1922 1444 Si
1962 1394 2137 1445 autem
2175 1391 2274 1445 tibi

319 1487 567 1558 possibile
603 1504 710 1541 non
750 1491 830 1541 est
864 1487 920 1540 id
956 1504 1052 1558 per
1089 1490 1254 1541 temet
1291 1487 1462 1558 ipsum
1507 1503 1677 1555 agere,
1718 1486 1868 1541 mitte
1904 1504 2155 1558 personas
2191 1505 2273 1541 re-

318 1584 529 1652 ligiosas
567 1600 663 1654 pro
702 1587 771 1653 te,
813 1601 945 1653 quae
984 1584 1356 1654 praeordinata
1394 1583 1662 1654 praedicto
1688 1584 1843 1637 modo
1870 1583 2081 1638 valeant
2105 1583 2270 1638 finire.

319 1680 458 1734 Data
494 1680 658 1734 Rome
700 1682 728 1734 7
770 1680 1034 1735 Kalendas
1074 1680 1396 1749 DecembriS‚
1435 1679 1719 1733 indictione
1758 1681 1807 1734 2.

320 1852 400 1916 VI
426 1858 483 1915 8.
531 1859 714 1912 Uberto
756 1858 1127 1911 archidiacono
1175 1856 1542 1910 Tarvannensi
1579 1869 1626 1912 et
1661 1859 1860 1911 clericis
1901 1877 1962 1910 ao
2003 1859 2273 1911 comitibus

529 1955 587 2010 S.
615 1956 783 2008 Pauli
810 1957 1093 2026 praecipit,
1135 1965 1194 2007 ut
1229 1955 1477 2008 Kesecam
1514 1955 1696 2008 villam
1734 1955 1935 2007 clericis
1975 1953 2034 2008 S.
2063 1955 2274 2007 illm-iae

527 2063 575 2105 et
602 2051 659 2106 S.
686 2051 986 2104 Andomari
1019 2053 1314 2117 restituant,
1357 2062 1450 2105 aut
1487 2053 1636 2122 apud
1658 2051 1936 2121 Huqonem
1976 2053 2275 2122 episcopum

525 2148 777 2201 Diencem
816 2166 1029 2200 causam
1068 2157 1244 2217 ayant.

471 2256 752 2326 Gregorius
793 2257 1068 2328 episcopus
1109 2274 1289 2311 servus
1330 2273 1602 2311 servorum
1639 2255 1740 2309 Dei
1773 2253 1996 2310 Uberto⁵
2035 2260 2087 2311 et
2125 2257 2275 2310 cleri-

322 2355 396 2408 cis
436 2358 488 2408 et
526 2354 803 2408 comitibus
845 2354 906 2408 de
946 2357 1116 2408 castro
1159 2352 1338 2407 Sancti
1376 2352 1526 2406 Pauli
1539 2349 1574 2422 ⁶,
1616 2352 1843 2407 Guidoni
1883 2356 1936 2407 et
1965 2352 2152 2422 Ugoni‚
2194 2370 2276 2407 sa-

321 2451 486 2506 lutem
525 2455 577 2506 et
615 2449 958 2522 apostolicam
995 2450 1427 2503 benedictionem.

472 2546 661 2601 Clerici
701 2545 922 2600 Sanctae
961 2545 1159 2600 Mariae
1199 2550 1250 2600 et
1279 2545 1459 2600 Sancti
1485 2542 1819 2614 Audomari⁷‚
1861 2546 2110 2600 adeuntes
2151 2562 2276 2618 apo-

326 2642 565 2696 stolicam
605 2643 799 2711 sedem,
840 2643 1111 2712 conquesti
1150 2647 1272 2697 sunt
1311 2643 1374 2696 de
1413 2642 1588 2697 vobis:
1631 2643 1769 2712 quod
1804 2642 1912 2696 iam
1950 2642 2116 2696 multo
2143 2646 2277 2697 tem-

324 2755 452 2809 pore
509 2739 611 2793 sibi
668 2743 720 2792 et
777 2755 902 2792 suae
955 2739 1202 2793 ecclesiae
1254 2739 1469 2793 aufertis
1520 2739 1802 2809 quamdam
1849 2739 2029 2793 villam
2079 2739 2279 2793 Keseca

325 2835 651 2888 nominatam
690 2851 809 2888 cum
848 2834 1088 2888 omnibus
1131 2835 1198 2888 ad
1224 2853 1339 2889 eam
1364 2835 1775 2906 pertinentibus3
1818 2840 1973 2906 atque
2001 2853 2119 2889 cum
2142 2835 2276 2888 mul-

326 2931 482 2985 toties
531 2931 593 2985 de
640 2931 739 2985 hoc
775 2931 833 2984 in
869 2931 1278 3002 provincialibus
1318 2932 1530 3002 synodis
1571 2948 1748 2985 coram
1789 2932 2033 3003 episcopo
2071 2927 2276 2985 vestro⁸

327 3031 379 3081 et
432 3027 498 3081 ad
546 3027 791 3080 ultimum
841 3044 1017 3081 coram
1062 3027 1283 3095 Hugone
1329 3027 1514 3081 Diensi
1562 3028 1869 3098 coepiscopo
1917 3032 1970 3081 et
2016 3029 2277 3082 confratre

325 3128 503 3178 nostro
552 3124 867 3194 apostolicae
913 3124 1160 3178 ecclesiae
1198 3123 1370 3191 legato
1409 3124 1465 3176 in
1502 3123 1796 3178 Pictavensi
1837 3124 2054 3178 concilio
2096 3141 2277 3193 quere-

326 3219 433 3273 lam
478 3220 725 3274 fecissent
774 3225 929 3290 atque
976 3219 1064 3274 ille
1113 3237 1177 3274 ex
1227 3220 1534 3274 auctoritate
1571 3224 1755 3274 nostra
1791 3220 2171 3291 praecepisset,
2220 3223 2278 3273 ut

445 3349 478 3375 a.
512 3337 762 3385 Lingonensis
791 3339 876 3376 cod.
1004 3338 1043 3376 b.
1081 3338 1217 3375 iterum
1245 3353 1276 3374 c.

447 3417 489 3461 1.
519 3417 555 3461 Ι.
676 3419 717 3461 2.
750 3416 1028 3462 subdiacono
1060 3417 1278 3461 ecclesiae
1310 3416 1554 3461 Romanae.
1684 3417 1726 3460 3.
1764 3416 1842 3472 qui
1871 3419 1917 3460 et
1945 3415 2201 3460 Rainardus
2232 3418 2279 3459 et

331 3488 465 3544 Hugo
486 3493 676 3534 vocatus
698 3494 782 3534 est.
813 3491 871 3536 V.
896 3490 1008 3535 Gall.
1033 3490 1135 3535 Chr.
1156 3491 1223 3536 IV
1243 3490 1344 3534 560.
1463 3490 1506 3533 4.
1528 3490 1586 3534 V.
1603 3490 1712 3533 Luc.
1733 3491 1801 3546 15,
1818 3490 1949 3533 4—6.
2069 3490 2111 3533 5.
2135 3489 2277 3533 archi-

332 3561 522 3606 diacono
543 3563 856 3608 Tarvannensi
886 3568 1047 3620 postea
1072 3565 1283 3621 episcopo
1305 3564 1634 3608 Tarvannensi.
1668 3562 1735 3607 Cf.
1758 3563 1856 3607 Lib.
1873 3564 1939 3608 IV
1960 3576 2029 3619 ep.
2054 3564 2111 3606 10
2142 3576 2279 3619 supra

329 3648 373 3691 p.
396 3635 483 3679 255
513 3639 560 3679 et
589 3635 688 3681 Lib.
705 3637 794 3682 VII
824 3649 894 3694 ep.
919 3638 975 3681 16
1005 3636 1135 3682 infra.
1257 3639 1297 3682 6.
1331 3636 1375 3682 S.
1398 3638 1492 3694 Pol,
1523 3637 1570 3681 in
1590 3635 1787 3681 Artesia.
1909 3637 1949 3681 7.
1983 3635 2028 3680 S.
2053 3636 2200 3693 Omer,
2231 3637 2279 3679 in

330 3707 525 3752 Artesia.
646 3710 687 3753 8.
719 3710 932 3766 Drogone
964 3723 1034 3768 ep.
1056 3711 1383 3768 Tarvannensi,
1415 3711 1493 3767 qui
1523 3709 1635 3755 obiit
1666 3710 1708 3754 d.
1734 3711 1789 3754 21
1810 3710 1932 3766 Aug.
1956 3711 2086 3754 1078.

404 3787 534 3830 JAnm'.
562 3790 797 3827 Bibliotheca
821 3793 867 3827 11.
1868 3792 1925 3835 22

2317 434 2432 477 1078

2231 524 2241 535 .
2299 493 2393 531 Nov.
2414 494 2462 532 25

2323 2267 2437 2311 1078
2495 2319 2501 2325 ἢ

2303 2328 2399 2365 Nov.
2420 2327 2469 2365 25
