2730 4198
490 277 598 331 602
1140 293 1394 331 BoNrrno
1432 295 1509 331 AD
1549 294 1775 332 AMICUM

486 420 720 478 neyaret,
781 421 989 481 neyaret
1041 413 1284 479 inquam,
1346 408 1590 462 Carolum
1634 410 1892 479 Maynum
1928 411 2139 479 factum
2194 415 2422 484 impera-

487 514 648 557 torem
684 523 789 558 esse
803 501 831 558 ¹.

636 600 745 655 Sed
780 602 904 654 haec
940 603 1066 654 satis
1092 601 1272 666 multa,
1313 611 1371 653 ut
1393 618 1458 652 ne
1482 602 1740 652 mininum
1766 601 1974 670 quidem
2001 601 2171 667 lateat,
2197 602 2428 671 falsarii

485 696 638 748 huius
678 714 810 766 quae
847 699 915 749 sit
950 699 1008 749 in
1037 698 1438 767 potissimarum
1473 713 1648 748 rerum
1682 705 1946 765 qestarum
1970 699 2220 750 memoria
2246 707 2423 751 aucto-

483 794 614 845 ritas
654 803 700 845 et
723 793 876 860 fides.

630 888 990 940 Nihilominus
1017 889 1080 940 cle
1104 886 1426 958 simplicibus
1451 886 1841 955 minoribusque
1864 887 2032 952 rebus,
2066 888 2252 957 quibus
2275 890 2423 958 ipsae

483 1001 711 1035 summae
760 986 1004 1054 temporis
1052 984 1196 1036 illius
1246 1001 1351 1035 non
1402 984 1747 1046 continentur,
1802 983 2037 1052 aequalis
2077 1001 2235 1053 quam
2272 984 2424 1054 affert

481 1079 710 1131 Bonitho
769 1082 950 1132 aetatis
1008 1098 1132 1131 suae
1185 1080 1434 1131 memoria
1480 1096 1587 1130 non
1634 1079 1842 1130 omnino
1891 1081 2259 1132 contemnenda
2305 1082 2418 1146 erit,

481 1175 586 1239 sed,
630 1185 774 1227 caute
813 1176 1036 1244 quidem,
1080 1175 1319 1227 adhiberi
1355 1184 1524 1227 tamen
1561 1193 1667 1226 non
1705 1176 1816 1226 sine
1836 1174 2029 1242 fructu
2056 1177 2268 1245 poterit.

626 1270 934 1322 Editionum
973 1270 1097 1322 libri
1129 1271 1201 1322 acl
1225 1272 1448 1322 amicum
1473 1271 1698 1322 duarum
1723 1270 1940 1322 antehac
1961 1269 2236 1339 factarum
2265 1272 2422 1341 prio-v

479 1383 588 1417 rem
621 1367 838 1434 paravit
874 1383 1012 1417 anno
1052 1365 1198 1418 1763
1241 1365 1414 1434 Oefele
1450 1367 1508 1417 in
1549 1365 1746 1418 Rerum
1781 1366 2070 1419 Boicarum
2107 1369 2421 1436 scriptorum

479 1471 614 1512 tomo
661 1461 883 1512 secundo
915 1480 975 1530 p.
1004 1460 1332 1526 794-821,
1376 1448 1719 1530 posteriorem
1758 1480 1896 1514 anno
1935 1462 2082 1515 1862
2123 1462 2417 1528 Watterich,

479 1558 573 1625 qui
610 1557 817 1625 quidem
857 1556 1158 1626 opusculum
1194 1574 1293 1626 per
1328 1556 1643 1623 Pontificum
1681 1557 2041 1610 Romanorum
2077 1559 2304 1610 vitarum
2339 1568 2418 1612 to-

476 1669 618 1702 mum
655 1653 894 1721 primum
940 1653 1187 1722 dispersit
1214 1651 1511 1720 frustatim.
1588 1653 1834 1705 Manavit
1869 1663 2038 1705 autem
2076 1654 2230 1706 editio
2269 1664 2416 1706 utra-

478 1765 576 1817 que
614 1765 676 1800 em
712 1766 816 1800 uno
857 1750 951 1818 qui
987 1758 1151 1801 exstat
1187 1748 1519 1800 bibliothecae
1546 1747 1878 1800 Monacensis
1917 1750 2088 1800 codice
2128 1749 2288 1801 latino
2309 1748 2423 1801 618-

474 1844 890 1909 membranaeeo,
924 1843 1114 1913 forma
1152 1845 1431 1913 quadrata,
1471 1843 1667 1895 saeculi
1689 1843 1832 1909 XII,
1873 1844 2188 1897 Bonithonis
2228 1844 2419 1896 librum

472 1941 531 1992 in
553 1939 662 2008 fol.
693 1940 884 1992 1--27
911 1942 1199 1992 continente
1209 1959 1227 2002 ,·
1267 1941 1360 2009 qui
1397 1940 1661 2009 quondam
1683 1939 1802 2009 fuit
1838 1941 2063 1993 doctoris
2095 1940 2421 1993 Hartmanni

477 2033 697 2088 Schedel
731 2031 1225 2105 Nurenberyensi32,
1272 2038 1481 2104 iamque
1519 2053 1657 2087 anno
1697 2035 1843 2088 1618
1879 2038 1937 2088 in
1975 2036 2279 2089 bibliotheca
2316 2037 2415 2088 du-

475 2149 591 2182 cum
627 2131 896 2184 Bavariae
938 2126 1285 2184 servabatur³.
1349 2128 1550 2184 Eodem
1589 2133 1785 2196 codiee,
1841 2134 1935 2201 qui
1971 2132 2180 2202 lonyum
2216 2142 2416 2202 tempus

472 2227 605 2279 mihi
631 2227 1029 2297 permittebatur
1064 2227 1328 2297 sinyulari
1364 2228 1727 2293 benevolentia,
1774 2229 1831 2279 in
1869 2228 1966 2280 hac
2004 2229 2225 2280 editione
2262 2246 2414 2280 aecu-

472 2324 646 2375 rancla
682 2333 869 2376 attente
904 2342 1027 2376 usus
1065 2341 1194 2375 sum.

619 2440 864 2493 Berolini
897 2441 935 2493 4
971 2440 1101 2493 Idus
1140 2433 1431 2492 Ianuarias*
1464 2459 1513 2491 a.
1542 2439 1703 2492 1865.

592 2613 632 2656 1.
679 2611 820 2656 filium
861 2613 980 2656 enim
1021 2612 1118 2656 eius
1157 2612 1441 2656 Ludovicum
1480 2615 1713 2657 asseverat
1750 2612 1804 2656 L.
1830 2612 1898 2655 ΠΙ
1945 2612 2169 2669 „primum
2213 2611 2411 2656 omnium

470 2685 746 2729 Francorum
785 2698 941 2742 regem
978 2686 1198 2742 imperiali
1236 2685 1525 2730 sublimatum
1565 2698 1665 2728 esse
1703 2684 1974 2740 dignitate“.
2044 2686 2105 2729 Et
2142 2685 2190 2729 in
2225 2683 2339 2729 libro
2368 2685 2413 2730 V

472 2758 652 2814 scripsit
681 2758 814 2802 haec:
850 2793 871 2816 „
887 2758 961 2803 Sic
993 2759 1112 2802 enim
1141 2759 1329 2814 legitur:
1364 2793 1385 2816 „
1403 2757 1631 2815 „Karolus
1660 2770 1741 2801 rex
1771 2758 2046 2802 Francorum
2077 2761 2123 2802 et
2151 2757 2411 2814 Longobar-

471 2831 630 2876 dorum
662 2835 709 2875 et
737 2832 945 2888 patritius
975 2830 1314 2876 Romanorum“
1331 2829 1369 2874 α.
1416 2830 1657 2886 Nunquam
1689 2831 1808 2875 enim
1839 2844 1941 2875 eum
1971 2831 2190 2888 imperiali
2217 2832 2410 2888 legimus

471 2908 654 2948 auctum
683 2903 823 2949 fuisse
854 2903 1125 2961 potestate“.
1186 2905 1256 2948 De
1288 2903 1487 2960 cogitato
1517 2903 1603 2947 hoc
1634 2904 1868 2949 mendacio
1900 2905 2172 2949 excellenter
2200 2904 2412 2948 disseruit

470 2977 704 3034 Dollinger
734 2979 780 3022 in
809 2978 1055 3022 Miinchner
1085 2977 1374 3022 historisches
1403 2976 1628 3021 Iahrbuch
1659 2976 1731 3021 fiir
1762 2979 1877 3023 1865
1906 2992 1950 3035 p.
1973 2979 2058 3022 387
2081 2990 2148 3034 sq.
2281 2979 2322 3022 2.
2362 2977 2410 3021 in

470 3050 625 3095 charta
655 3052 775 3095 enim
804 3052 996 3107 tegmini
1027 3051 1239 3095 anteriori
1269 3051 1551 3107 agglutinata
1571 3051 1710 3094 minio
1731 3051 1898 3107 scripta
1919 3050 2032 3095 haec
2056 3054 2182 3095 sunt:
2212 3049 2407 3094 LIBER.

468 3123 778 3169 DOOTORIS.
809 3123 1188 3169 HARTMANNI.
1221 3123 1512 3168 SGHEDEL.
1543 3112 1948 3170 DENVREB’GA.
2074 3125 2115 3167 3.
2146 3123 2255 3166 item
2285 3125 2408 3166 ante-

468 3197 560 3240 rius
593 3197 760 3242 codicis
790 3201 975 3254 tegmen
1004 3197 1247 3254 particulas
1277 3196 1466 3254 praebet
1496 3196 1729 3254 scedulae,
1761 3197 1808 3241 in
1839 3210 1928 3253 qua
1957 3197 2021 3241 ita
2049 3196 2261 3253 legimus:
2304 3195 2408 3253 „Ex

467 3269 739 3315 bibliotheca
768 3271 1156 3315 serenissimorum
1185 3271 1419 3328 utriusque
1448 3270 1671 3315 Bavariae
1702 3270 1867 3315 ducum
1899 3268 2064 3314 1618“.
