2730 4198
800 286 1074 324 GREGORII
1112 287 1189 323 v11
1228 285 1489 323 Rncis'rm
1526 284 1584 320 1v
1613 283 1672 319 25.
1701 283 1762 319 26.
2145 266 2244 318 281

309 403 606 458 curabimus
620 412 652 456 ’.
769 403 989 457 Caetera
1025 420 1165 472 vero,
1208 419 1339 472 quae
1376 401 1589 469 longum
1629 402 1742 454 erat
1765 399 1821 452 in
1847 395 2068 468 epistola
2095 437 2219 449 .....
2233 395 2252 425 ¹⁹
2279 401 2405 498 }O779

308 501 430 553 viva
465 499 688 554 fideliter
718 516 843 553 voce
882 500 1167 567 nunciabit,
1209 499 1343 552 sicut
1378 498 1435 550 in
1473 497 1582 550 eius
1624 513 1712 549 ore
1750 494 2037 565 posuimus.
2115 490 2255 545 Data
2300 473 2360 497 ⁰¹²⁰

311 595 591 666 Carpinete
631 596 664 649 5
703 595 824 649 Idus
863 595 1014 664 Iunii,
1054 595 1335 649 indictione
1379 595 1461 647 15.

308 765 386 828 IV
407 771 507 829 26.
542 774 824 826 Dominico
846 773 938 826 IV
947 772 1288 844 patriarchae
1312 768 1578 825 Gradenei
1602 778 1648 821 et
1672 771 1849 821 ceteris
1872 770 2127 838 episcopis
2156 767 2252 820 Ve-

548 873 678 922 netis
708 871 1029 923 commendat
1057 867 1368 938 Greyorium
1395 866 1633 918 ecelesiae
1661 865 1932 917 Romanae
1957 864 2251 927 diaconum,

549 985 723 1019 rerum
762 967 1223 1019 ecclesiasticarum
1263 980 1420 1014 eausa
1458 963 1689 1013 missum.

460 1074 739 1144 Gregorius
780 1076 1053 1146 episcopus
1095 1090 1275 1128 servus
1303 1088 1573 1126 servorum
1599 1070 1699 1124 Dei
1725 1069 2002 1123 Dominico
2029 1068 2256 1139 patriar·
2291 1076 2402 1120 1077

309 1172 437 1226 chae
475 1171 732 1226 Gradensi
776 1176 829 1225 et
866 1171 1083 1225 caeteris
1124 1168 1382 1240 episcopis
1407 1167 1659 1222 Venetiae
1699 1166 1920 1220 salutem
1960 1169 2012 1219 et
2049 1169 2256 1236 aposto·
2285 1138 2365 1174 Μ’
2385 1138 2408 1174 ⁹

307 1267 464 1321 licam
502 1268 930 1322 benedictionem.

456 1363 797 1431 AudivimuS,
848 1363 903 1416 in
957 1361 1187 1416 ecclesiis
1236 1361 1424 1415 vestris
1475 1359 1642 1413 multa
1690 1358 1966 1412 emersisse
2010 1357 2254 1426 negocia3

311 1477 442 1529 quae
481 1464 539 1513 ut
577 1460 780 1513 sincera
819 1459 1177 1529 exploratione
1205 1457 1551 1511 discutiantur
1578 1460 1630 1509 et
1655 1455 1934 1509 canonicae
1959 1454 2256 1509 traditionis

309 1555 620 1610 diffinitione
657 1556 1022 1623 terminentur,
1064 1553 1443 1609 ecclesiasticae
1480 1552 1749 1620 religionis
1789 1551 1916 1604 ordo
1945 1547 2182 1621 deposcit
2207 1555 2259 1604 et

311 1669 342 1706 a
378 1652 528 1706 nobis
567 1656 676 1706 tam
715 1655 891 1705 vestra
929 1650 1136 1704 dilectio
1178 1667 1332 1720 quam
1375 1647 1532 1702 officii
1568 1647 1735 1700 nostri
1763 1647 1939 1700 debita
1965 1646 2256 1700 sollicitudo

309 1749 546 1818 requirit.
606 1748 934 1816 Quamquam
973 1746 1108 1800 enim
1151 1763 1215 1799 ex
1255 1745 1669 1799 consideratione
1709 1743 1936 1797 creditae
1973 1741 2123 1796 nobis
2153 1742 2259 1796 dis-

310 1844 632 1915 pensationis
682 1843 941 1897 debitores
990 1843 1152 1896 simus
1199 1841 1458 1894 universis
1509 1840 1764 1908 ecclesiiS,
1819 1839 2035 1910 speciali
2081 1842 2259 1893 tamen

313 1957 439 2018 cura
479 1939 622 1993 vobis
662 1943 714 1993 et
738 1939 926 1993 vestris
959 1938 1129 1992 causis
1158 1938 1513 2006 astringimur,
1554 1953 1672 1990 cum
1696 1939 1914 2007 propter
1941 1935 2258 2004 singularem

316 2036 597 2106 quamdam
636 2035 1038 2104 cohaerentiam,
1080 2048 1235 2104 quam
1276 2034 1342 2087 ad
1381 2037 1615 2087 sanctam
1640 2032 1930 2086 Romanam
1970 2036 2022 2086 et
2051 2036 2259 2102 aposto-

312 2131 467 2186 licam
505 2131 707 2185 habetis
735 2131 1022 2199 ecclesiam,
1063 2134 1176 2183 tum
1202 2134 1416 2201 propter
1441 2129 1788 2196 vicinitatem3
1831 2145 1963 2197 quae
1989 2145 2259 2198 nunquam

312 2244 424 2295 nOS,
465 2227 548 2281 vel
587 2244 719 2297 quae
759 2227 897 2297 apud
936 2244 1028 2280 vos
1069 2230 1205 2295 sunt,
1253 2227 1341 2279 diu
1378 2226 1637 2294 ignorare,
1677 2224 1760 2279 vel
1800 2241 1931 2294 quae
1969 2242 2064 2278 nos
2105 2225 2258 2279 debe-

313 2340 428 2377 mus
477 2326 530 2377 et
574 2340 877 2394 possumuS,
927 2326 1133 2377 vestrae
1179 2322 1498 2376 fraternitati
1537 2322 1794 2390 denegare
1831 2321 2046 2391 patitur.
2120 2321 2260 2398 ⁴Qua-

314 2424 529 2497 propter
566 2419 803 2473 misimus
843 2419 909 2472 ad
942 2435 1033 2473 vos
1059 2419 1197 2472 hunc
1224 2418 1471 2473 dilectum
1497 2417 1661 2471 filium
1685 2421 1923 2471 nostrum
1950 2415 2260 2485 Gregorium

319 2517 370 2567 et
389 2514 661 2568 diaconum
683 2519 891 2569 sanctae
909 2515 1175 2569 Romanae
1195 2515 1466 2570 ecclesiae:
1497 2518 1752 2584 quatenus
1773 2545 1842 2551 —
1866 2530 1972 2567 una
1990 2513 2260 2568 vobiscum

319 2608 382 2661 dc
430 2608 790 2664 ecclesiasticis
837 2612 1005 2665 causis
1046 2615 1098 2665 et
1136 2611 1451 2666 christianae
1488 2611 1756 2680 religionis
1797 2610 2141 2664 sacrosanctis
2179 2610 2260 2663 in-

320 2704 676 2758 stitutionibus
717 2722 847 2774 quae
884 2708 1179 2761 necessaria
1217 2712 1338 2761 sunt
1363 2707 1476 2762 Deo
1517 2708 1795 2761 adiuvante
1832 2710 2160 2778 pertractans
2188 2737 2255 2744 —-

318 2804 499 2853 nostra
535 2800 648 2854 vice
689 2817 820 2871 quae
859 2803 1164 2870 corrigenda
1201 2808 1322 2857 sunt
1359 2804 1609 2872 corrigat,
1651 2820 1782 2873 quae
1822 2803 2101 2856 statuenda
2139 2819 2260 2856 con-

320 2896 519 2965 stituat,
561 2900 613 2950 et
652 2896 1031 2951 ecclesiasticae
1069 2898 1325 2952 libertatis
1366 2903 1520 2969 atque
1547 2900 1780 2953 iustitiae
1808 2899 1897 2952 diu
1925 2903 1976 2952 et
2000 2898 2055 2951 in
2082 2897 2260 2951 multis

318 2992 579 3061 neglectas
617 2993 845 3046 rationes
886 2997 937 3046 et
974 2993 1147 3046 studia
1186 2995 1251 3047 ad
1288 2995 1511 3048 formam
1549 2995 1827 3049 canonicae
1867 2998 1919 3048 et
1945 2993 2262 3064 apostolicae

320 3088 626 3159 disciplinae
674 3089 919 3142 reducere
970 3093 1022 3143 et
1067 3106 1162 3159 per
1210 3090 1461 3144 auxilium
1501 3091 1707 3145 divinae
1746 3090 1946 3159 gratiae
1985 3088 2262 3143 efficaciter

318 3185 491 3239 valeat
536 3184 861 3239 confirmare,
938 3184 1033 3238 Cui
1071 3194 1192 3238 vos⁰
1231 3201 1348 3238 cum
1396 3187 1541 3239 omni
1589 3172 1806 3240 caritate
1846 3186 2149 3239 assistentes
2187 3185 2262 3239 ita

319 3281 492 3334 favere
533 3285 584 3335 et
621 3281 937 3335 unanimiter
968 3297 1240 3334 assensum
1265 3281 1533 3352 praebere,
1573 3282 1707 3335 sicut
1730 3282 1918 3334 fratres
1946 3280 2260 3350 carissimOS,

322 3377 686 3446 admonemus,
727 3381 982 3447 quatenus
1020 3377 1075 3430 in
1113 3377 1202 3430 illo
1231 3380 1505 3447 appareat:
1548 3380 1797 3446 quantam
1834 3376 2183 3430 reverentiam
2206 3376 2262 3430 in

321 3472 529 3526 beatum
555 3472 769 3528 Petrum
809 3472 1163 3544 apostolorum
1202 3473 1492 3543 principem
1529 3472 1784 3541 habeatiS,
1824 3472 1886 3526 de
1926 3473 2070 3525 cuius
2108 3472 2261 3526 domo

323 3571 375 3623 et
410 3568 610 3622 familia
646 3570 897 3637 mittitur3
940 3572 1135 3638 quanta
1173 3568 1332 3622 etiam
1370 3568 1434 3622 de
1458 3573 1638 3622 nostra
1664 3568 1938 3623 dilectione
1962 3568 2110 3622 vobis
2138 3584 2263 3622 cura

437 3696 470 3723 a.
503 3686 711 3724 curavimus
739 3702 769 3724 c.
925 3687 962 3724 b.
993 3687 1182 3732 mandare,
1209 3685 1323 3723 frater
1348 3686 1421 3723 iste
1448 3686 1632 3724 excidisse
1657 3686 1838 3723 videntur.
1995 3695 2026 3722 c.
2054 3696 2124 3723 nos
2152 3700 2185 3723 c.
