2730 4198
870 279 1144 318 GREGORII
1180 281 1257 317 vn
1294 279 1558 317 REGISTRI
1594 279 1673 316 v11
1700 277 1760 314 15.
2181 262 2289 316 405

350 391 455 454 VII
485 396 582 452 15.
628 397 893 451 Statutum
929 400 986 450 in
1025 399 1225 468 synodo
1266 397 1510 450 Romana
1550 414 1655 449 esse
1690 397 1914 461 nuntiat,
1955 404 2013 447 ut
2045 394 2292 447 Dolensis

535 504 583 546 et
613 492 930 546 Turonensis
971 494 1302 546 ecelesiarum
1339 494 1402 545 de
1439 495 1553 544 iure
1576 491 1974 562 metropolitano
2001 500 2292 543 controver-

533 591 615 641 sia
653 610 684 641 α
725 590 906 660 Zeyatz‘s
946 590 1245 660 apostolicis
1282 589 1704 641 diiudicaretur⁸.

348 698 728 752 Diffinitiob
769 698 1107 770 synodalis
1155 699 1326 751 inter
1364 696 1926 765 archiepiscopum
1966 694 2292 748 Turonen-
2341 705 2455 748 1080

596 811 725 848 sem
774 799 835 848 et
881 795 1258 865 episcopum
1303 791 1651 845 Dolensem
1701 790 1775 844 de
1821 789 2043 860 pallio.
2321 765 2471 803 Mm‘g

498 889 778 961 Gregorius
819 891 1091 960 episcopus
1131 905 1310 942 servus
1346 904 1616 941 servorum
1641 885 1741 940 Dei
1769 885 2008 939 omnibus
2035 885 2293 956 episcopis

347 986 698 1055 Brittanniae,
749 986 886 1039 clero
926 989 978 1039 et
1015 985 1208 1056 populo
1247 984 1303 1036 in
1343 983 1634 1036 Turonensi
1672 981 1944 1052 provincia
1981 982 2291 1035 constitutis

495 1082 690 1136 Notum
717 1099 830 1136 esse
854 1081 1117 1135 volumus:
1147 1078 1573 1146 controversiam,
1600 1078 1739 1131 inter
1765 1076 2036 1131 ecclesiam
2064 1082 2294 1131 vestram

350 1183 402 1233 et
437 1178 718 1243 Dolensem
754 1177 1002 1248 pestifere
1042 1180 1237 1244 ortam,
1277 1174 1498 1228 multum
1538 1173 1689 1227 nobis
1727 1173 1783 1226 in
1821 1172 2059 1226 Romana
2097 1173 2294 1243 synodo

347 1274 581 1329 laborem
636 1273 948 1342 ingessisse,
1014 1272 1104 1326 sed
1162 1275 1339 1324 tamen
1394 1269 1506 1324 Deo
1563 1269 1846 1323 miserante
1902 1273 2024 1339 post
2084 1268 2297 1337 longam

350 1371 751 1438 discussionem,
801 1385 958 1438 quam
1007 1368 1195 1421 iustius
1234 1366 1528 1438 potuimUS,
1577 1365 1712 1419 hanc
1753 1381 1885 1434 quae
1924 1363 2295 1418 subscribitur⁰

349 1465 716 1520 diffinitionem
753 1464 1031 1518 invenisse.
1103 1463 1544 1533 Archiepiscopus
1584 1461 1840 1531 siquidem
1878 1465 2051 1515 vester
2068 1458 2095 1529 ¹,
2135 1460 2296 1515 eccle-

349 1564 482 1617 siam
510 1563 866 1616 Turonensem
903 1561 985 1614 ius
1025 1577 1177 1613 suum
1214 1560 1269 1612 in
1293 1558 1590 1612 Brittannia
1627 1557 1919 1628 perdidisse
1957 1573 2296 1626 conquerens,

347 1659 702 1713 Romanorum
741 1655 1045 1727 pontificum
1074 1656 1437 1709 auctoritatem
1464 1655 1520 1707 in
1545 1654 1774 1707 medium
1803 1653 1977 1720 duxit3
2019 1670 2152 1722 quae
2176 1670 2296 1723 per-

351 1755 528 1826 spicue
566 1753 780 1824 probat,
819 1752 1172 1806 Brittanniam
1212 1750 1501 1804 Turonensi
1542 1749 1815 1818 ecclesiae,
1858 1748 2296 1818 quemadmodum

351 1849 613 1920 spirituali
650 1849 807 1902 matri
846 1851 898 1902 et
934 1847 1213 1918 metropoli
1252 1864 1392 1914 suae,
1435 1845 1806 1899 subiectionem
1842 1844 1923 1899 etd
1947 1845 2298 1898 reverentiam

352 1945 555 1999 debere.
614 1944 856 1998 Dolensis
882 1961 1004 1998 vero
1038 1939 1340 2014 episcopus²
1365 1959 1471 1996 non
1498 1941 1665 1995 80111111
1692 1941 2055 1995 auctoritatem
2083 1941 2296 1994 audien-

351 2042 456 2096 tiae
494 2045 704 2094 nostrae
742 2057 847 2093 non
887 2039 1137 2108 exhibuit,
1177 2056 1360 2092 verum
1400 2039 1558 2092 etiam
1596 2039 1715 2108 ipsa
1754 2037 1912 2091 verba
1950 2053 2060 2105 sua,
2102 2036 2169 2089 ad
2207 2037 2295 2090 de-

350 2137 639 2191 fensionem
675 2135 909 2206 prolata,
958 2135 1103 2188 nulla
1141 2134 1452 2188 certitudine
1491 2133 1574 2187 cui
1612 2132 1740 2186 fides
1781 2132 1954 2186 danda
1991 2136 2128 2186 esset
2164 2132 2297 2186 fulta

350 2232 674 2285 videbantur.
755 2231 976 2299 Tamen,
1027 2231 1150 2299 quia
1196 2230 1251 2283 in
1289 2230 1463 2300 patria
1501 2246 1595 2282 sua
1633 2228 1894 2298 quandam
1933 2229 2295 2282 auctoritatem

350 2345 406 2382 se
443 2327 718 2396 reliquisse
747 2326 1029 2394 asserebat,
1069 2327 1240 2379 visum
1270 2326 1423 2379 nobis
1448 2325 1573 2378 fuit:
1614 2328 1672 2378 ut
1699 2324 1765 2377 ad
1789 2324 2179 2378 retractandum
2204 2341 2295 2378 ne-

349 2423 555 2492 gocium
593 2423 722 2476 illud
761 2422 994 2476 indutiae
1025 2422 1272 2476 darentur
1312 2425 1364 2475 et
1400 2438 1497 2491 pro
1536 2421 1633 2473 hac
1673 2419 1892 2488 aliisque
1932 2420 2102 2473 causis
2135 2419 2295 2488 legati

351 2518 666 2589 apostolicae
706 2518 843 2572 sedis
884 2518 1258 2586 dirigerentur3
1299 2521 1374 2586 ut,
1416 2516 1606 2570 auditis
1644 2516 1916 2585 utriusque
1941 2516 2108 2586 partis
2134 2517 2295 2570 ratio—

350 2615 527 2682 nibus,
579 2615 623 2667 si
663 2614 1025 2683 cognoverint,
1064 2613 1368 2667 Brittannos
1409 2613 1773 2666 auctoritatem
1814 2611 2131 2665 autenticam
2170 2629 2296 2682 apo-

351 2710 564 2765 stolicae
611 2710 748 2763 sedis
788 2740 856 2746 —
897 2709 1136 2763 videlicet
1174 2726 1354 2763 eorum
1392 2707 1722 2779 pontificum,
1776 2725 1995 2777 quorum
2035 2707 2293 2761 ordinatio

352 2810 405 2861 et
442 2806 553 2859 vita
591 2805 748 2874 digna
787 2808 838 2858 et
874 2803 1056 2872 legalis
1094 2804 1254 2858 fuerit
1292 2834 1361 2841 —
1401 2804 1619 2872 habere,
1667 2821 1763 2874 per
1802 2820 1958 2872 quam
1996 2803 2201 2873 possint
2239 2821 2294 2857 se

351 2919 382 2955 a
420 2901 736 2956 subiectione
773 2899 1071 2970 praedictae
1110 2900 1425 2953 Turonensis
1465 2899 1714 2954 ecclesiae
1753 2899 2081 2967 subtrahere,
2131 2899 2294 2968 quieti

350 2998 594 3067 deinceps
640 2999 985 3067 permaneant
1028 2996 1085 3048 in
1132 3013 1225 3048 sua
1269 2995 1526 3049 libertate.
1606 2995 1802 3058 Quodsi
1848 2995 2151 3062 contigerit,
2206 3011 2293 3048 608

348 3093 502 3147 11111118
553 3092 903 3160 auctoritatiS,
954 3107 1110 3160 quam
1147 3091 1300 3144 modo
1339 3091 1593 3158 diximuS,
1641 3107 1747 3143 non
1784 3106 1939 3160 posse
1975 3088 2167 3143 habere
2205 3089 2292 3143 de-

347 3189 663 3256 fensionem,
713 3188 885 3258 sopita
932 3187 1175 3257 deinceps
1225 3190 1276 3240 et
1321 3187 1376 3239 in
1426 3190 1691 3240 aeternum
1743 3185 1885 3239 omni
1922 3184 2290 3253 controversia,

349 3285 703 3339 Turonensem
744 3283 1016 3356 ecclesiam
1054 3286 1276 3336 matrem
1311 3286 1363 3336 et
1388 3280 1719 3352 metropolim
1746 3297 1894 3333 suam
1918 3283 2294 3347 recognoscant

464 3465 497 3490 a.
525 3456 678 3503 Legitur
705 3456 815 3490 etiam
843 3451 881 3499 2)
912 3466 972 3500 αρ.
996 3455 1164 3488 Martene
1191 3452 1294 3488 Thes.
1315 3451 1447 3488 anecd.
1478 3453 1539 3488 III
1564 3449 1638 3487 877
1666 3457 1701 3485 et
1728 3463 1789 3497 ap.
1811 3451 1954 3485 Morice
1981 3448 2098 3486 Me'm.
2126 3448 2173 3486 de
2199 3450 2290 3485 Bre-

350 3527 462 3570 tagne
489 3522 512 3556 l
533 3519 610 3556 450
643 3533 690 3555 ex
725 3519 912 3555 tabulario
940 3519 1151 3555 Turonensi.
1305 3516 1343 3554 b.
1378 3516 1566 3554 Diffinitio
1597 3534 1638 3541 -
1667 3514 1783 3564 pallio
1810 3528 1877 3552 om.
1901 3515 1936 3552 2.
2092 3524 2125 3552 c.
2161 3513 2291 3551 subse-

350 3585 476 3633 quitur
501 3586 537 3621 2.
666 3584 702 3621 d.
731 3585 769 3621 et
793 3584 1041 3622 reverentiam
1068 3596 1138 3619 om.
1161 3584 1196 3620 2.

467 3663 508 3707 1.
539 3659 774 3707 Radulfus.
923 3663 965 3706 2.
996 3659 1258 3706 Rollandus.
