2730 4198
534 267 640 319 376
1018 278 1291 317 GREGORII
1329 278 1407 315 vn
1445 276 1709 315 REG1s‘rRI
1745 277 1804 315 v1
1831 276 1891 314 3⁷.
1918 276 1980 314 38.

368 402 481 446 1079
533 392 880 467 Episcopum¹
920 395 984 448 ad
1034 393 1386 464 apostolorum
1434 393 1618 446 limina
1665 394 1960 447 venientem
2008 410 2176 464 nuper
2223 409 2378 446 ausus
2417 409 2472 448 es

348 463 438 511 Apr.
457 464 501 500 21
533 493 787 563 impedire
815 495 881 557 et,
923 489 1058 558 quod
1084 489 1300 557 ferebat,
1327 505 1471 542 more
1498 490 1820 559 praedonum
1848 489 2063 542 auferre.
2178 488 2472 542 Novissime

534 587 803 642 ecclesiam
850 585 988 638 beati
1026 581 1324 638 Benedicti²
1365 585 1616 653 sacrilego
1665 601 1795 638 ausu
1841 585 2037 638 intrare
2076 584 2383 654 depraedari
2422 587 2475 638 et

533 682 727 736 violare
765 697 869 733 non
909 681 1157 747 timuisti3
1204 684 1257 734 et
1296 681 1384 749 qui
1423 681 1559 734 bona
1598 680 1932 734 ecclesiarum
1972 710 2040 716 --
2083 681 2329 749 quoniam
2364 679 2474 734 fere

533 781 734 845 cuncta,
776 793 906 845 quae
945 780 1108 844 teneS,
1149 793 1329 829 earum
1369 781 1490 829 sunt
1517 807 1586 813 —
1617 776 1892 829 defendere
1920 775 2189 844 debueram,
2228 780 2286 829 tu
2310 775 2475 845 potis-

534 874 723 927 simum
762 876 1043 925 temerator
1082 872 1316 942 ipsarum
1357 876 1408 925 et
1438 872 1717 926 dilaniator
1745 871 1941 925 existis
2057 869 2384 940 Quapropter
2410 887 2475 924 ex

532 974 681 1039 parte
720 968 860 1021 beati
884 966 1027 1021 Petri
1065 983 1334 1021 monemus
1374 972 1441 1036 te,
1483 972 1556 1037 ut,
1598 968 1643 1021 si
1680 968 1844 1038 ipsius
1883 967 2018 1020 iram
2058 970 2110 1020 et
2146 966 2286 1020 beati
2310 966 2477 1021 Bene-

533 1064 659 1118 dicti
695 1064 1106 1131 indignationem
1147 1081 1252 1116 non
1290 1064 1369 1117 vis
1408 1064 1689 1132 incurrere,
1737 1081 1892 1134 super
1930 1062 2010 1115 his
2051 1061 2288 1115 omnibus
2326 1061 2476 1115 nobis

531 1160 782 1213 iustitiam
822 1159 999 1212 facias,
1059 1158 1206 1222 Quod
1244 1159 1288 1212 si
1327 1161 1716 1230 contempseris,
1757 1160 1821 1213 ad
1860 1159 2031 1212 Deum
2070 1158 2476 1227 omnipotentem

532 1271 627 1308 nos
666 1254 1092 1321 reclamabimus3
1134 1255 1196 1308 de
1237 1255 1381 1308 cuius
1409 1255 1767 1309 misericordia
1797 1254 2118 1322 confidimUS‚
2159 1252 2296 1322 quod
2335 1252 2480 1306 dabit

531 1350 681 1403 nobis
719 1349 1018 1417 consilium,
1068 1351 1191 1418 quid
1238 1351 1293 1403 in
1331 1354 1534 1404 tantam
1582 1352 1935 1420 arrogantiam
1983 1355 2035 1404 et
2078 1349 2477 1403 immoderatam

533 1444 830 1514 superbiam
867 1448 1012 1498 tuam
1049 1445 1220 1499 facere
1259 1446 1554 1500 debeamus.
1618 1447 1780 1501 Rome
1824 1450 1885 1499 11
1917 1446 2177 1500 Kalendas
2216 1444 2359 1512 Maii,
2397 1444 2478 1497 in-

532 1540 758 1593 dictione
797 1542 846 1592 2.

530 1687 610 1750 VI
637 1691 736 1748 38.
774 1693 1026 1746 Heinrieo
1057 1697 1401 1764 patriarchae
1427 1698 1760 1767 Aquileiensi
1797 1698 1857 1750 ob
1886 1698 2103 1750 Petrum
2132 1695 2481 1748 Albanensem

774 1800 820 1842 et
857 1789 1159 1841 Udalricum.
1184 1791 1505 1844 Patavinuni
1545 1796 1811 1863 episcopos
1850 1793 2040 1862 le9at08
2077 1810 2196 1843 suos
2223 1792 2346 1843 bene
2371 1775 2480 1844 tra-

774 1895 957 1950 ctam,
1019 1896 1066 1938 et
1114 1887 1173 1938 ob
1227 1906 1438 1957 operam
1487 1888 1845 1940 conciliandae
1885 1890 2017 1959 paci
2067 1888 2270 1952 datam,
2326 1886 2486 1956 pallii

772 2000 923 2033 usum
963 1983 1207 2035 coneedit.

382 2097 495 2139 1079
684 2081 964 2151 Gregorius
1016 2084 1289 2154 episcopus
1342 2102 1521 2139 servus
1569 2103 1836 2139 servorum
1885 2085 1985 2139 Dei
2023 2083 2267 2138 Heinrico
2315 2083 2483 2136 karis—
2569 2115 2571 2117 -

357 2157 437 2194 ¹⁰¹¹·
457 2158 505 2194 1⁶
536 2179 666 2232 simo
707 2179 762 2231 in
790 2178 996 2232 Christo
1034 2179 1188 2232 fratri
1230 2184 1282 2233 et
1307 2181 1613 2252 coepiscopo
1640 2181 1998 2250 Aquilegiensi
2025 2180 2244 2234 salutem
2282 2183 2333 2233 et
2359 2195 2483 2249 apo-

535 2275 771 2328 stolicam
809 2274 1238 2328 benedictionem.

685 2371 826 2423 Tuae
865 2370 1071 2424 dilectio
1110 2371 1456 2425 fraternitatis
1495 2389 1590 2442 per
1626 2372 1856 2440 legatum
1893 2388 2045 2424 suum
2070 2369 2335 2423 humiliter
2362 2386 2484 2423 exo-

537 2467 690 2534 ravit,
731 2469 984 2534 quatenus
1023 2466 1122 2519 sibi
1148 2471 1359 2536 praeter
1386 2485 1472 2520 eas
1501 2468 1929 2537 sollempnitateS‚
1971 2483 2102 2535 quae
2129 2466 2184 2518 in
2210 2464 2484 2535 privilegio

540 2562 788 2615 ecclesiae
826 2566 1030 2615 vestrae
1067 2563 1412 2630 continentur,
1453 2564 1508 2616 in
1534 2563 1673 2617 beati
1698 2563 1928 2616 Udalrici
1955 2562 2265 2616 confessoris
2292 2559 2487 2613 Christi

541 2662 696 2726 atque
733 2653 1025 2727 pontificis³
1066 2658 1156 2710 sed
1208 2662 1259 2711 et
1307 2658 1362 2710 in
1401 2658 1583 2711 beatae
1621 2658 1782 2712 Afrae
1821 2654 2078 2712 martiris⁴
2115 2656 2486 2710 festivitatibus

538 2771 691 2806 usum
717 2753 866 2823 pallii
893 2753 1307 2806 concederemus,
1374 2753 1532 2807 Cuius
1561 2754 1896 2807 ecclesiastici
1925 2754 2135 2807 honoris
2163 2751 2486 2821 excellentia,

541 2849 673 2902 sicut
711 2848 887 2918 pravis
930 2852 981 2902 et
1017 2849 1466 2903 inoboedientibus
1504 2850 1640 2903 iuste
1676 2849 1976 2918 denegatur,
2015 2850 2091 2903 ita
2122 2848 2272 2903 bonis
2300 2851 2352 2900 et
2376 2864 2486 2900 mo-

539 2962 654 2998 rum
694 2944 967 2998 honestate
1006 2945 1257 3015 praeditis
1285 2946 1570 3016 apostolica
1594 2945 1949 2999 moderatione
1975 2962 2068 3016 pro
2095 2944 2295 2997 meritis
2324 2960 2486 3012 quan-

540 3041 707 3110 doque
748 3041 1170 3110 supereroganda
1205 3041 1316 3094 fore
1355 3041 1576 3095 videtur.
1641 3041 1882 3110 Proinde,
1924 3042 2046 3110 quia
2082 3044 2134 3094 te
2174 3040 2370 3093 sincere
2409 3038 2486 3091 di-

538 3137 775 3190 lectionis
805 3154 928 3204 erga
953 3154 1048 3190 nos
1077 3136 1318 3191 affectum
1342 3138 1533 3192 habere
1561 3136 1883 3206 confidimUS,
1907 3138 2028 3206 quia
2045 3136 2242 3203 legatos
2262 3137 2486 3203 nostros,

539 3233 893 3286 Albanensem
940 3233 1181 3286 videlicet
1228 3231 1559 3304 episcopum⁵
1607 3239 1658 3288 et
1695 3229 2066 3299 Paduensem⁶,
2114 3231 2335 3298 benigne
2380 3234 2487 3283 tra-

541 3333 710 3382 ctasse
751 3333 801 3382 et
838 3327 1062 3382 fideliter
1102 3329 1237 3382 sicut
1276 3330 1507 3399 oportuit
1546 3330 1804 3383 adiuvisse
1847 3323 2174 3394 dinosceris⁷‚
2224 3330 2488 3395 postremo

660 3438 700 3480 1.
731 3437 969 3481 Dodonem
993 3438 1255 3494 episcopum
1275 3439 1601 3482 Rossellanum.
1635 3439 1690 3483 V.
1712 3437 1833 3481 Petri
1855 3435 2016 3480 Chron.
2040 3447 2158 3478 mon.
2182 3434 2331 3479 Oasin.
2355 3433 2490 3500 L.111

543 3522 581 3552 c.
598 3510 669 3566 46,
692 3511 810 3553 Mon.
835 3510 985 3554 Germ.
1009 3510 1088 3554 SS.
1112 3511 1199 3556 VII
1221 3512 1320 3555 736.
1427 3513 1468 3555 2.
1493 3511 1797 3554 Casinensem.
1913 3511 1954 3552 3.
1977 3509 2058 3552 Iul.
2080 3509 2122 3552 4.
2242 3508 2284 3552 4.
2306 3507 2427 3563 Aug.
2447 3508 2487 3551 7.

544 3583 584 3625 5.
616 3583 813 3626 Petrum.
935 3585 974 3627 6.
1007 3583 1280 3627 Udalricum.
1405 3586 1444 3627 7.
1478 3583 1545 3628 Cf.
1570 3583 1799 3627 Bertholdi
1827 3582 2010 3625 annales
2034 3583 2161 3637 1079,
2193 3582 2312 3624 Mon.
2336 3580 2486 3624 Germ.

545 3653 622 3698 SS.
647 3655 688 3700 V
710 3656 810 3698 318.
