2730 4198
631 304 905 342 GREGoRn
941 305 1020 341 vn
1056 303 1364 341 EPISTOLAE
1403 302 1746 341 COLLECTAE.
1777 302 1838 339 26.
1864 302 1926 337 27.
2139 287 2246 341 553

310 421 597 475 testimonii
620 421 777 488 virOS,
807 420 872 473 A.
897 421 1093 474 scilicet
1112 419 1494 473 Goslariensem
1515 419 1785 486 decanum,
1814 416 2218 484 G(ebehardum)
2235 414 2249 439 ¹

308 515 543 570 Bertaldi
580 512 756 569 ducis²
779 515 962 584 filium,
1003 516 1067 569 H.
1099 515 1333 584 Sigifridi
1371 515 1575 567 comitis
1612 513 1794 581 filium,
1835 529 2056 582 quorum
2087 529 2249 566 unum

309 628 395 665 me
448 611 800 681 praecipiente
858 616 909 665 et
965 611 1320 664 consentiente
1375 610 1550 677 eligite
1601 612 1653 662 et
1698 609 1755 661 in
1803 608 2250 677 archiepiscopum

309 707 736 776 praenominatae
785 706 1063 760 aecclesiae
1112 706 1362 758 ordinate.
1443 703 1499 756 Si
1545 720 1668 756 vero
1714 704 1770 756 in
1816 703 1898 756 his
1944 703 2113 757 tribus
2162 702 2251 771 qui

310 801 497 869 dignus
536 803 606 854 sit
643 818 746 855 non
784 803 979 872 poterit
1015 801 1264 867 inveniri,
1313 800 1369 852 in
1406 799 1715 852 contritione
1754 798 1924 852 cordis
1964 798 2159 851 orando
2200 802 2252 851 et

307 896 586 950 ieiunando
637 897 702 949 ad
740 898 910 951 Deum
958 894 1346 962 convertimini,
1392 897 1664 962 roganteS,
1710 897 1796 961 ut,
1848 910 1943 946 sua
1986 893 2251 947 revelante

309 992 494 1061 gratia,
533 1009 772 1062 persona,
814 1009 945 1061 quae
981 991 1103 1054 huic
1129 989 1336 1057 negotio
1364 989 1434 1042 sit
1459 988 1787 1056 conveniens,
1826 989 1996 1058 possit
2020 989 2249 1055 ostendi3

309 1087 407 1140 hoc
442 1088 625 1157 procul
662 1088 1095 1154 dubio'scienteS,
1135 1085 1258 1154 quia
1297 1085 1432 1137 sicut
1455 1083 1622 1151 illum,
1663 1084 1752 1152 qui
1779 1084 1977 1137 ambitu
2004 1084 2252 1138 secularis

309 1183 574 1253 potentiae
620 1183 914 1236 inordinate
955 1180 1254 1248 intraverit,
1302 1179 1508 1233 vinculo
1548 1180 2098 1233 excommunicationis
2139 1180 2253 1233 alli-

310 1277 468 1346 gabo,
513 1278 589 1330 ita
627 1294 837 1346 quoque·
867 1294 1012 1344 eum,
1054 1277 1142 1345 qui
1181 1276 1426 1329 canonice
1463 1275 1811 1328 intronizatus
1849 1275 2024 1344 fuerit,
2064 1293 2095 1328 a
2131 1291 2252 1346 pec-

310 1373 439 1426 catis
478 1373 687 1426 absolvo
727 1376 779 1425 et
816 1372 1104 1442 apostolica
1139 1370 1498 1425 benedictione
1537 1370 1801 1424 benedico,

312 1545 414 1602 27.
449 1548 743 1617 Recdoffum
778 1566 949 1617 reqem
989 1559 1036 1601 et
1074 1547 1311 1602 Saxones
1352 1548 1423 1599 ad
1452 1549 1899 1617 perseverantiam
1938 1548 2249 1601 cohortatur.

454 1644 540 1696 De
576 1645 775 1713 synodo
816 1645 1027 1696 addita,

456 1744 736 1813 Gregorius
773 1746 1047 1815 episcopus
1074 1761 1253 1797 servus
1281 1760 1549 1797 servorum
1574 1744 1675 1797 Dei
1699 1744 1922 1798 Rodulfo
1947 1745 2059 1813 regi
2086 1746 2252 1798 omni-

310 1840 509 1909 busque
546 1857 723 1894 secum
758 1841 815 1893 in
851 1857 1011 1908 regno
1040 1839 1305 1893 Saxonum
1345 1840 1809 1908 commanentibuS,
1846 1845 1957 1894 tam
1993 1841 2251 1911 episcopis

312 1952 467 2004 quam
505 1936 721 1990 ducibus
761 1940 814 1990 et
841 1935 1117 1989 comitibus
1144 1951 1241 1988 nec
1264 1951 1371 1988 non
1399 1935 1682 1989 maioribus
1709 1941 1762 1989 et
1785 1936 2092 2005 minoribuS,
2133 1954 2252 2008 pec-

311 2034 546 2084 catorum
584 2031 962 2084 absolutionem
1001 2036 1054 2084 et
1091 2030 1431 2100 apostolicam
1469 2031 1899 2085 benedictionem.

459 2125 591 2179 Cum
611 2126 816 2180 Veritas
854 2127 973 2197 ipsa
997 2126 1158 2179 dicat:
1200 2126 1450 2194 omnium,
1491 2127 1580 2195 qui
1609 2131 1824 2197 propter
1853 2128 2112 2181 iustitiam
2135 2146 2255 2199 per-

309 2221 628 2276 secutionem
664 2222 952 2291 patiuntur,
991 2237 1212 2289 regnum
1252 2237 1366 2274 esse
1404 2221 1666 2275 coelorum
1677 2219 1713 2290 ³,
1753 2227 1806 2277 et
1845 2224 2110 2293 apostolus
2150 2225 2254 2291 cla-

307 2320 440 2370 met:
480 2316 758 2385 neminem,
797 2317 899 2370 nisi
939 2317 1028 2386 qui
1056 2316 1289 2384 legitime
1318 2318 1611 2386 certaverit,
1650 2335 1803 2388 posse
1833 2321 2072 2373 coronari
2085 2317 2118 2388 ⁴,
2158 2338 2251 2374 no-

307 2411 417 2480 lite,
455 2410 551 2465 filii
588 2412 709 2479 mei,
748 2412 806 2465 in
841 2413 956 2482 hoc,
997 2414 1087 2482 qui
1124 2430 1217 2467 vos
1255 2414 1362 2466 iam
1400 2413 1565 2466 multo
1596 2419 1832 2484 tempore
1859 2415 2106 2484 exagitat,
2146 2416 2255 2470 bel-

308 2506 408 2561 lico
445 2507 620 2561 furore
659 2507 901 2575 deficere3
941 2509 1103 2564 nolite
1140 2526 1236 2579 per
1261 2509 1419 2563 ullius
1443 2508 1673 2563 fallentis
1699 2527 1956 2580 personae
1981 2511 2255 2565 mendacia

311 2602 376 2656 de
421 2607 600 2657 nostro
646 2602 788 2656 fideli
837 2605 1093 2658 adiutorio
1147 2605 1401 2659 dubitare.
1461 2604 1565 2659 Sed
1609 2607 1777 2674 magis
1815 2607 2110 2676 magisque,
2158 2625 2254 2678 pro

309 2697 503 2751 tuenda
539 2698 759 2753 veritate
799 2700 1173 2770 ecclesiastica,
1225 2717 1320 2771 pro
1360 2701 1686 2755 defendenda
1722 2706 1927 2757 vestrae
1965 2703 2254 2758 nobilitatis

309 2793 574 2862 libertate,
623 2793 791 2848 labori
838 2796 945 2849 iam
992 2797 1144 2851 citius
1190 2795 1417 2850 finiendo
1462 2797 1772 2867 incumbite,
1825 2803 1878 2852 et
1925 2816 1991 2853 ex
2037 2799 2254 2853 adverso

312 2889 636 2943 ascendendo
674 2907 765 2943 vos
806 2895 858 2944 et
894 2908 1114 2962 corpora
1149 2885 1325 2946 vestra
1363 2893 1513 2962 quasi
1550 2910 1757 2949 murum
1792 2911 1887 2964 pro
1915 2894 2068 2948 domo
2094 2894 2255 2950 Israel

311 2982 601 3054 opponere⁵
648 2986 884 3053 satagite.
953 2987 1117 3050 Quidb
1156 2988 1260 3040 iam
1309 2989 1365 3041 in
1412 2988 1612 3042 duabus
1661 2989 1830 3042 sinodi
1876 2995 2087 3044 nostrae
2133 3007 2255 3044 con-

308 3080 639 3134 ventionibus
687 3081 751 3136 de
797 3099 919 3150 rege
956 3082 1178 3136 Rodulfo
1227 3087 1279 3137 et
1329 3084 1393 3137 de
1430 3083 1677 3138 Heinrico
1725 3088 1981 3138 statutum
2029 3086 2255 3155 quidque

307 3176 383 3230 ibi
432 3176 494 3230 de
542 3193 671 3246 pace
712 3181 763 3231 et
801 3178 1077 3232 concordia
1112 3179 1263 3247 regni
1301 3180 1460 3232 etiam
1497 3180 1805 3234 iuramentis
1846 3181 1916 3234 sit
1954 3179 2253 3250 diffinitum,

308 3288 404 3342 per
439 3276 648 3326 nostras
685 3272 887 3327 litteras
927 3278 979 3327 et
1015 3291 1111 3343 per
1148 3278 1376 3329 vestros⁶
1402 3275 1620 3344 legatOS,
1659 3276 1764 3329 nisi
1800 3277 1935 3330 forte
1964 3277 2106 3345 capti
2132 3277 2252 3345 sint,

311 3368 638 3437 apertissime
674 3369 894 3440 potestis
926 3386 1220 3437 agnoscere.
1277 3370 1349 3424 Et
1376 3371 1420 3424 si
1448 3371 1572 3440 quid
1600 3371 1768 3424 adhuc
1792 3372 2119 3441 remanserit,
2159 3389 2254 3443 per

425 3479 458 3507 a.
494 3473 650 3522 Legitur
685 3469 723 3518 1)
755 3486 816 3519 ap.
838 3475 1044 3510 Brunonem
1073 3474 1119 3509 de
1146 3474 1242 3509 bello
1269 3475 1379 3517 San-n,
1408 3476 1513 3510 Mon.
1537 3476 1656 3511 Germ.
1676 3475 1746 3512 SS.
1773 3475 1812 3511 V
1833 3475 1920 3521 379,
1948 3473 1986 3521 2)
2015 3477 2052 3511 in
2080 3476 2258 3512 Udalrici

309 3534 474 3572 Babenb.
495 3537 579 3573 cod.
606 3551 668 3585 op.
693 3538 905 3574 Eccardum
934 3540 1044 3586 Corp.
1070 3540 1153 3576 hist.
1176 3541 1219 3576 Il
1244 3538 1331 3576 156.
1459 3538 1497 3574 b.
1525 3537 1718 3586 Quidquid
1745 3541 1780 3576 2.
1911 3551 1942 3576 c.
1968 3541 2121 3577 nostros
2149 3542 2185 3577 2.

429 3599 468 3641 1.
500 3603 661 3654 postea
689 3601 756 3643 ΙΠ
786 3613 856 3656 ep.
884 3601 1274 3647 Constantiensem
1306 3602 1666 3656 (1084—1110).
1817 3605 1858 3646 2.
1891 3604 1913 3647 Ι
1944 3604 2073 3648 ducis
2104 3605 2254 3648 Zarin-

311 3669 426 3724 giae.
547 3672 588 3715 3.
619 3673 936 3731 Matth.5,1o.
1056 3675 1099 3719 4.
1133 3675 1379 3720 2Timoth.
1403 3675 1445 3731 2,
1468 3675 1509 3719 5.
1630 3675 1672 3719 5.
1704 3675 1869 3720 Ezeoh.
1894 3677 1963 3734 13,
1986 3676 2028 3721 5.

2287 423 2401 467 1079

2278 481 2415 530 (Febr.)

2293 1749 2407 1792 1079

2283 1807 2422 1855 (Febr.)
