2730 4198
351 414 465 459 1080

334 473 412 512 Iun.
432 475 480 512 2¹1

322 2421 439 2465 1080

285 2493 317 2520 c.
335 2483 415 2519 Iun.
435 2483 482 2519 27

510 279 622 333 430
1006 292 1280 332 GREGORn
1318 292 1397 329 vn
1434 291 1698 329 REGISTRI
1735 291 1836 329 vm
1861 292 1898 328 2.
1924 292 1959 327 3.

511 409 697 464 clesiae
733 409 1032 462 indecenter
1070 408 1314 461 tractavit
1353 411 1404 460 et
1440 406 1660 459 falsitati
1696 406 1870 475 potius
1911 422 2068 474 quam
2103 406 2311 459 veritati
2340 422 2449 459 cre-

511 506 668 571 didit3
720 504 782 557 de
832 503 1017 572 quibus
1057 502 1210 570 digne
1249 501 1361 555 Deo
1402 505 1453 554 et
1491 501 1642 554 beato
1681 499 1835 554 Petro
1876 501 2264 568 satisfacturuS,
2317 502 2452 554 sicut

510 600 734 668 legatum
787 602 1024 652 nostrum
1063 597 1448 664 dehonestavit,
1498 596 1573 650 ita
1611 612 1665 649 se
1704 595 1803 649 sibi
1842 612 1936 665 per
1976 595 2203 649 debitam
2242 595 2452 649 humili-

511 700 672 749 tatem
723 705 774 748 et
822 694 1128 760 condignam
1179 692 1526 746 reverentiam
1565 691 2031 744 commendabilem
2067 692 2226 744 faciat
2266 708 2325 744 ac
2364 691 2452 745 de-

511 794 704 844 votum.
767 788 1070 857 Significare
1108 788 1265 842 etiam
1304 792 1355 841 te
1395 787 1510 856 sibi,
1551 787 1767 855 dignum
1794 786 2056 840 ducimus:
2097 803 2190 840 nos
2230 803 2366 854 eum,
2407 787 2452 840 si

511 886 720 956 culpam
746 902 890 938 suam
920 901 1025 938 non
1053 884 1354 951 correxerit,
1397 900 1508 936 esse
1536 883 2075 937 excommunicaturos
2104 887 2170 950 et,
2200 886 2453 950 quotquot

512 986 632 1035 sunt
671 982 724 1034 in
764 980 1001 1051 partibus
1041 979 1326 1049 Hispaniae
1365 980 1542 1034 fideles
1583 980 1749 1033 sancti
1785 978 1946 1046 Petri,
1993 978 2060 1031 ad
2097 978 2452 1032 confusionem
2494 1002 2499 1006 ·

512 1094 660 1131 suam
700 1073 1083 1130 sollicitaturos,
1145 1075 1243 1139 Qui
1283 1077 1327 1129 si
1352 1077 1524 1129 minus
1551 1074 1906 1146 praeceptioni
1931 1077 2138 1127 nostrae
2166 1073 2452 1142 obedirent,

511 1189 615 1226 non
654 1189 864 1240 gravem
904 1171 1322 1225 existimaremus
1349 1172 1604 1225 laborem:
1645 1188 1740 1224 nos
1768 1170 1834 1223 ad
1860 1169 2170 1239 Hispaniam
2195 1168 2454 1239 proficisci

513 1274 564 1322 et
591 1268 867 1321 adversum
894 1283 1027 1334 eum,
1069 1267 1505 1336 quemadmodum
1533 1268 1845 1320 christianae
1870 1265 2137 1333 religionis
2163 1266 2452 1333 inimicum,

512 1363 642 1416 dura
681 1366 732 1416 et
771 1379 957 1432 aspera
994 1361 1183 1415 moliri.
1337 1362 1434 1415 Tui
1474 1362 1632 1415 etiam
1673 1362 1832 1415 studii
1871 1363 1954 1429 sit,
1994 1366 2053 1414 ut
2091 1361 2357 1430 monachi,
2396 1362 2453 1415 in

513 1457 706 1511 eisdem
746 1458 985 1526 partibus
1026 1458 1216 1510 iniuste
1256 1455 1495 1528 dispersi,
1538 1457 1604 1510 ad
1640 1458 1913 1528 proprium
1949 1458 2166 1511 redeant
2191 1463 2454 1511 monaste-

510 1553 672 1620 rium,
721 1556 773 1605 et
810 1553 954 1605 nulla
989 1552 1182 1606 ibidem
1224 1553 1481 1606 ordinatio
1522 1555 1657 1607 vires
1697 1553 1943 1621 obtineat,
1983 1554 2086 1606 nisi
2125 1570 2256 1622 quae
2294 1553 2453 1622 legati

509 1648 676 1701 nostri
721 1648 880 1701 fuerit
927 1648 1234 1702 auctoritate
1281 1648 1516 1718 probata.
1596 1649 1846 1702 Volumus
1895 1650 2079 1717 etiam,
2128 1654 2185 1703 ut
2234 1649 2454 1703 alteram

512 1743 787 1814 epistolam
844 1740 1107 1796 nostram¹
1153 1744 1265 1812 regi
1318 1745 1584 1814 praedicto
1636 1745 1826 1799 deferri
1873 1745 2179 1815 praecipias,
2257 1745 2454 1799 Datum

511 1838 756 1910 Ciperani
794 1840 828 1892 5
868 1838 1128 1892 Kalendas
1169 1839 1302 1908 Iulii,
1343 1840 1628 1893 indictione
1667 1842 1716 1893 3.

511 2009 640 2072 VIII
669 2013 723 2071 3.
774 2015 1103 2086 Adefonsum
1143 2017 1225 2069 VI
1263 2035 1433 2086 reqem
1480 2017 1728 2087 Leyioozis
1779 2028 1825 2070 et
1863 2015 2106 2069 Castilz'ae
2155 2028 2350 2083 monet,
2397 2029 2455 2072 ut

697 2112 978 2165 Robertum
1010 2114 1539 2183 pseudomonachum,
1582 2109 2225 2183 consiliariumfalliwem,
2268 2133 2452 2166 aman-

696 2210 779 2260 det
788 2227 805 2270 ,·
854 2209 1166 2261 connubium
1215 2228 1329 2260 cum
1367 2209 1586 2278 Aqnetie
1625 2211 1806 2260 umoris
1846 2211 2229 2278 consanquinea
2265 2211 2454 2261 initum

696 2305 873 2366 tollam
915 2304 1176 2356 Richardz·
1213 2305 1371 2374 Zeyati
1405 2307 1492 2356 sui
1528 2305 1746 2356 consilia
1784 2315 2045 2373 sequatur.

663 2413 942 2482 Gregorius
999 2412 1272 2483 episcopus
1320 2430 1499 2466 servus
1550 2429 1813 2484 servorum
1864 2412 1964 2466 Dei
2011 2412 2348 2466 dilectissimo
2397 2414 2453 2466 in

513 2509 718 2564 Christo
744 2509 851 2562 filio
876 2509 988 2576 regi
1014 2504 1307 2561 Adefonso²
1329 2507 1551 2562 salutem
1578 2513 1629 2562 et
1656 2508 1994 2578 apostolicam
2021 2509 2451 2562 benedictionem.

659 2604 779 2658 Dici
815 2621 921 2657 non
958 2608 1146 2674 potest,
1186 2602 1260 2656 fili
1299 2604 1581 2671 carissime,
1624 2609 1874 2672 quantum
1911 2621 2024 2671 1108,
2063 2605 2321 2657 referente
2345 2603 2454 2657 filio

511 2705 691 2754 nostro
732 2699 1014 2770 apostolice
1052 2699 1190 2752 sedis
1228 2699 1399 2766 legato
1438 2699 1713 2768 RichardO,
1754 2700 1901 2753 nobis
1942 2700 2149 2767 cognita
2185 2699 2456 2770 praeclara

511 2800 605 2849 tua
643 2795 938 2849 obedientia
974 2794 1362 2848 laetificaverat.
1423 2796 1501 2848 Tu
1539 2796 1676 2849 enim
1718 2812 1891 2849 coram
1919 2795 2031 2849 Deo
2067 2813 2272 2866 semper
2296 2795 2351 2848 in
2378 2795 2454 2848 vi-

515 2891 745 2945 sceribus
793 2891 986 2944 nostris
1027 2907 1167 2958 0108,
1215 2895 1274 2943 111
1314 2891 1452 2960 apud
1488 2891 1724 2944 homines
1763 2891 2052 2944 maximum
2093 2891 2239 2944 nobis
2279 2908 2455 2944 exem-

514 2987 662 3057 plum
701 2987 937 3054 egregiae
975 2987 1184 3040 virtutis
1224 3002 1356 3054 eraS,
1397 2986 1460 3040 de
1498 2991 1549 3040 te
1589 2988 1727 3057 apud
1757 2987 1884 3040 alios
1911 3004 2059 3054 reges
2085 2986 2452 3054 gloriabamur,

514 3087 566 3137 te
612 3099 733 3136 vere
781 3082 1120 3136 christianum
1167 3099 1344 3150 regem
1393 3086 1444 3135 et
1488 3082 1603 3135 ideo
1640 3099 1775 3136 *vere
1822 3100 1997 3150 regem
2037 3099 2131 3135 nos
2170 3081 2358 3135 habere
2397 3082 2454 3134 in

515 3182 664 3250 parte
705 3178 902 3231 domini
927 3178 1043 3231 Iesu
1082 3182 1262 3231 contra
1299 3177 1534 3231 membra
1571 3178 1762 3231 diaboli
1801 3178 2168 3246 gaudebamus.
2227 3176 2376 3230 Unde
2402 3181 2454 3230 et

515 3274 651 3328 bona
681 3278 773 3327 tua
796 3274 1112 3341 fragrantia‘*
1137 3273 1328 3326 multas
1358 3274 1464 3326 iam
1501 3275 1738 3341 regiones
1780 3277 2074 3344 asperserat
2111 3277 2163 3326 et
2199 3272 2341 3325 velut
2375 3271 2454 3325 sol

516 3370 744 3439 quidam,
783 3369 839 3422 in
878 3369 1104 3422 occiduis
1143 3374 1313 3436 1101118,
1354 3369 1606 3423 orientem
1647 3387 1826 3423 versus
1866 3368 2101 3423 coelestis
2130 3367 2342 3421 luminis
2369 3385 2454 3421 ra-

516 3465 628 3519 dios
666 3464 951 3520 emittebat.

663 3561 736 3614 At
778 3577 916 3614 nunc
953 3563 1245 3631 compertO,
1294 3559 1431 3629 quod
1469 3559 1731 3629 diabolus,
1779 3563 1899 3613 tuae
1938 3558 2093 3612 saluti
2133 3563 2184 3612 et
2222 3559 2453 3612 omnium

634 3670 674 3714 1.
707 3681 779 3726 ep.
802 3670 829 3713 3
859 3667 987 3713 infra.
1136 3669 1179 3712 2.
1209 3667 1275 3714 VI
1304 3668 1402 3725 regi
1431 3669 1644 3725 Legionis
1675 3672 1721 3713 et
1751 3667 1977 3714 Castiliae.
2137 3688 2170 3714 a.
2197 3676 2394 3725 flagrantia
2420 3691 2452 3714 c.
