2730 4198
482 242 588 294 316
977 249 1250 289 GREGORII
1288 250 1366 285 vn
1402 247 1664 286 REGISTRI
1701 249 1738 286 v
1766 249 1825 285 19.
1852 250 1914 286 20.

328 376 442 419 1078
483 375 535 424 et
573 369 871 435 abbatibuS,
918 365 1146 419 eiusdem
1189 364 1344 417 etiam
1385 362 1630 416 ecclesiae
1667 363 1931 433 fratribuS,
1968 366 2292 435 praedictum
2331 382 2413 418 ar-

319 436 408 483 Apr.
427 437 453 473 4
481 464 866 533 chiepiscopum
905 459 1072 526 adeat,
1115 467 1201 512 ac‘¹
1241 458 1477 526 diligenti
1507 462 1558 512 et
1583 459 1672 527 pia
1698 459 2106 513 consideratione
2134 461 2411 529 examinet,

482 576 548 612 an
594 554 847 627 pastorali
894 553 1239 607 moderamini
1285 569 1526 623 praeesse
1572 556 1631 606 ut
1678 557 1884 622 oportet
1929 554 2115 609 valeat.
2195 555 2251 609 Si
2289 572 2412 609 vero

480 650 772 705 valetudine
814 649 1071 718 corporali
1098 649 1172 702 sic
1197 648 1426 702 iudicent
1452 648 1773 716 destitutum,
1813 652 1872 701 ut
1898 666 1928 702 a
1952 650 2104 703 modo
2132 650 2413 721 episcopali

478 763 582 799 non
624 745 691 798 sit
730 748 880 814 aptus
919 744 1175 812 regimini,
1213 744 1315 814 piis
1356 742 1795 796 admonitionibus
1835 743 1934 797 sibi
1972 745 2283 814 persuadere
2307 762 2412 799 non

478 841 749 907 desistant,
791 840 835 891 si
874 839 1161 908 oportuerit
1200 839 1353 892 etiam
1397 839 1703 892 auctoritate
1743 839 2043 908 apostolica,
2081 843 2141 892 ut
2174 857 2266 893 suo
2292 857 2412 894 con-

477 952 631 988 sensu
670 934 936 986 ordinetur
975 934 1205 987 ecclesia.
1257 934 1331 987 At
1369 934 1414 986 si
1439 934 1680 987 valetudo
1721 934 1795 986 sic
1833 951 1951 987 eum
1985 934 2317 1004 oppresserit,
2355 940 2415 990 ut

473 1031 795 1082 insensatum
835 1033 887 1081 et
924 1027 1078 1081 officii
1119 1029 1199 1082 sui
1238 1029 1544 1082 obliviosum
1582 1029 1889 1097 reddiderit,
1935 1046 2040 1082 non
2078 1030 2364 1083 diiudicans
2376 1029 2413 1099 ¹’,

476 1124 657 1194 quanti
695 1123 794 1176 sibi
833 1127 884 1176 et
920 1124 1194 1177 universae
1231 1125 1432 1194 patriae
1473 1125 1708 1192 egritudo
1749 1126 1817 1178 sit
1855 1125 2168 1193 detrimenti,
2213 1125 2414 1195 praeci-

475 1221 645 1290 pimus
687 1219 992 1272 auctoritate
1032 1220 1334 1290 apostolica,
1372 1220 1543 1273 virum
1582 1224 1727 1273 tanto
1765 1221 1986 1291 ponderi
2017 1225 2412 1291 competentem,

473 1316 603 1368 bene
642 1318 902 1367 moratum
931 1318 982 1367 et
1009 1315 1315 1385 sapientem,
1355 1316 1716 1369 universorum
1743 1333 1996 1370 consensu
2021 1318 2266 1371 canonice
2293 1317 2415 1385 eligi

474 1416 525 1464 et
559 1411 615 1463 in
655 1410 1102 1480 archiepiscopum
1139 1412 1464 1481 promoveri·
1512 1411 1652 1465 Data
1684 1411 1879 1467 Romae
1918 1414 1950 1466 2
1984 1412 2162 1466 Nonas
2194 1412 2412 1483 Aprilis,

470 1506 753 1559 indictione
797 1510 841 1559 1.

472 1677 524 1740 V
553 1682 653 1738 20.
700 1683 953 1735 Rainerio
1002 1685 1239 1752 episcopo
1278 1681 1652 1735 Aurelianensi
1687 1686 1974 1754 praecipit,
2023 1694 2082 1736 ut
2117 1684 2414 1755 dilapidata

695 1779 932 1830 ecclesiae
972 1789 1274 1831 ornamenta
1311 1781 1547 1831 restituat
1583 1796 1735 1848 seque
1772 1782 1919 1832 sistat
1955 1782 2012 1831 in
2046 1781 2244 1849 synodo
2273 1780 2411 1849 ἱερα-

693 1886 864 1927 torum
901 1893 1129 1926 suorum.
1195 1874 1262 1926 In
1303 1892 1407 1943 qua
1445 1876 1494 1926 si
1530 1877 1752 1927 crimina
1789 1894 1894 1927 non
1933 1875 2166 1940 diluerit,
2191 1875 2321 1945 fore
2357 1886 2416 1929 ut

691 1972 959 2023 deiciatur.

306 2095 419 2138 1078
622 2079 901 2148 Gregorius
949 2080 1223 2150 episcopus
1273 2096 1452 2133 servus
1502 2096 1770 2133 servorum
1817 2079 1917 2133 Dei
1960 2078 2202 2133 Rainerio
2245 2079 2414 2133 Aure-

286 2156 374 2202 ΑΡΥ·
395 2155 444 2192 ²4
469 2175 707 2230 lianensi.

621 2271 826 2334 Quanta
860 2271 916 2322 in
941 2270 1111 2343 Deum
1151 2274 1203 2323 et
1231 2270 1307 2322 tui
1337 2269 1532 2322 ordinis
1560 2269 1780 2323 salutem
1806 2270 2144 2338 commiseris,
2186 2271 2230 2323 si
2256 2287 2413 2323 sanae

473 2367 663 2420 mentis
703 2370 754 2420 te
780 2365 938 2419 velles
978 2365 1266 2433 ostendere,
1307 2382 1338 2418 a
1374 2366 1453 2418 tui
1490 2366 1744 2418 memoria
1777 2365 2047 2434 excidisse,
2085 2363 2266 2435 peiora
2290 2382 2412 2436 ope-

473 2463 637 2515 rando
663 2478 991 2531 nequaquam
1017 2464 1352 2514 monstrares
1404 2460 1664 2514 Decuerat
1701 2465 1753 2513 te
1789 2477 2117 2530 summopere
2153 2462 2411 2530 meditari,

475 2562 723 2626 quantam
755 2574 878 2624 erga
902 2560 954 2610 te
983 2557 1293 2626 patientiam
1317 2556 1553 2609 Romana
1579 2557 1804 2610 ostendit
1829 2556 2070 2623 ecclesia3
2113 2573 2245 2626 quae
2271 2556 2411 2625 dum,

472 2653 612 2706 ultra
638 2669 794 2722 quam
820 2653 1064 2722 oportuit,
1091 2652 1195 2704 tui⁰
1224 2656 1303 2704 est
1326 2652 1557 2720 miserta,
1587 2653 1753 2722 ipsius
1779 2652 2138 2706 misericordia
2163 2652 2412 2720 quodam-

474 2749 625 2801 modo
664 2765 816 2802 versa
864 2751 942 2801 est
978 2751 1066 2800 tuo
1107 2763 1262 2817 opere
1298 2748 1353 2800 in
1393 2748 1615 2818 culpam.
1684 2747 1795 2811 Qua
1833 2748 2040 2817 quidem
2081 2749 2155 2800 sic
2190 2748 2412 2799 nimium

472 2844 746 2914 impudens
797 2843 1051 2911 abuteriS,
1099 2846 1158 2895 ut
1204 2859 1357 2910 cogas
1394 2860 1516 2912 nos,
1564 2844 1667 2897 tuis
1707 2844 1930 2897 stimulis
1969 2844 2216 2911 agitatOS,
2265 2842 2321 2894 in
2359 2846 2411 2894 te

473 2941 712 2993 districta
760 2938 1036 3008 aequitatis
1084 2954 1303 2992 censura
1347 2939 1632 3007 insurgere.
1783 2939 1923 2992 Inter
1970 2942 2141 2992 cetera
2186 2953 2408 3006 nanque,

474 3052 605 3104 quae
654 3035 779 3089 olim
824 3051 1071 3105 perversa
1116 3038 1290 3088 mente
1340 3035 1515 3102 egisti,
1563 3038 1622 3088 ut
1658 3035 1845 3088 vulnus
1884 3034 2087 3089 vulneri
2132 3032 2408 3101 infligereS,

474 3132 608 3185 sicut
644 3131 793 3185 nobis
831 3131 1154 3184 insinuatum
1194 3134 1286 3199 est,
1325 3148 1458 3201 pene
1497 3136 1683 3185 cuncta
1713 3131 1958 3185 ecclesiae
1984 3129 2081 3182 tibi
2106 3128 2410 3182 commissae

473 3231 777 3281 ornamenta
815 3257 880 3263 —
923 3226 1085 3296 pallia
1112 3226 1370 3295 videlicet,
1411 3227 1613 3304 calices,
1652 3226 1896 3294 turibula,
1934 3223 2200 3295 planetasd
2240 3227 2291 3276 et
2329 3240 2410 3277 ce-

471 3326 584 3376 tera
627 3327 832 3376 sacrata
868 3322 980 3375 Deo
1023 3352 1090 3358 —-
1129 3339 1234 3375 non
1275 3323 1339 3375 ad
1376 3323 1656 3377 utilitatem
1693 3322 1794 3375 Dei
1842 3325 1893 3374 et
1939 3320 2204 3390 praefatae
2250 3319 2410 3372 eccle—

475 3418 599 3486 siae,
638 3435 742 3471 non
779 3419 835 3471 in
873 3418 1186 3472 adiutorium
1222 3436 1515 3489 pauperum
1541 3422 1592 3472 et
1617 3418 1957 3487 captivorum,
1998 3415 2088 3468 sed
2115 3415 2180 3467 ad
2203 3414 2409 3467 libitum

474 3517 622 3566 tuum
661 3518 713 3567 et
748 3515 957 3567 inanem
996 3514 1217 3582 gloriam
1256 3519 1409 3583 atque
1445 3513 1741 3584 superbiam
1768 3511 2071 3565 distraxisti.
2124 3510 2271 3573 Quod
2297 3510 2410 3579 qui-

588 3642 620 3667 a.
649 3641 692 3667 ac
721 3631 870 3668 addidi.
985 3631 1022 3667 b.
1049 3634 1105 3668 sio
1132 3632 1216 3669 cod.
1240 3646 1310 3679 pro
1337 3631 1615 3668 diiudicantem.
1727 3639 1758 3665 c.
1784 3628 1841 3665 tui
1868 3628 2019 3666 addidi.
2135 3628 2172 3664 d.
2198 3628 2352 3681 planete
2379 3641 2410 3664 c.
