2730 4198
311 418 423 461 1078

280 479 372 525 Aug.
397 480 446 515 22

478 283 584 334 326
1019 294 1291 332 Gaiae-0311
1330 294 1408 329 vn
1446 291 1708 329 REGISTRI
1748 294 1803 329 v1
1831 294 1866 328 3.

478 414 677 481 damuS,
719 414 971 480 quatenus
1010 409 1287 478 inquiratis
1328 412 1379 461 et
1417 409 1662 462 canonice
1701 413 1860 478 prout
1884 410 2102 479 potestis
2127 408 2284 464 finem
2322 411 2420 462 im-

474 525 668 580 ponere
705 506 995 576 procuretis
1034 505 1289 572 negociis,
1329 504 1467 557 unde
1504 503 1775 558 Remensis
1817 502 2261 575 archiepiscopus¹
2299 521 2420 558 con-

474 605 636 657 frater
684 606 860 655 noster
909 601 1015 653 suis
1062 601 1251 654 litteris
1287 600 1436 653 nobis
1477 604 1788 668 conquestus
1828 604 1920 653 est.
2074 600 2421 669 Conqueritur

475 700 613 753 enim
665 698 727 750 de
776 696 1034 750 confratre
1083 701 1261 749 nostro
1304 696 1693 765 archiepiscopo
1735 695 2018 749 Viennensi
2053 695 2418 764 Warmundo³,

475 795 564 863 qui
601 795 656 846 in
695 809 787 846 suo
829 792 1279 862 archiepiscopatu
1317 792 1649 861 presbyteros
1689 791 1933 860 deposuit
1960 795 2012 844 et
2037 792 2244 845 eosdem
2268 792 2421 845 resti-

474 890 575 942 tuit
613 888 742 942 subb
779 889 989 942 nomine
1026 888 1291 941 Romanae
1327 887 1618 955 legationis.
1680 886 1815 950 Quin
1865 887 2023 939 etiam
2071 887 2419 955 conqueritur,

475 985 612 1054 quod
651 985 752 1036 duo
792 983 1106 1052 suffraganei
1145 984 1377 1037 eiusdem
1402 983 1688 1050 Remensis,
1728 979 2120 1035 Laudunensis²
2149 982 2346 1036 scilicet
2371 986 2423 1036 et

477 1075 890 1148 Suessonensis³,
959 1080 1252 1150 postposita
1318 1080 1565 1133 canonica
1623 1079 1956 1146 auctoritate,
2013 1078 2421 1132 Ambianensem

477 1176 590 1229 ausi
630 1179 751 1228 sunt
789 1172 1120 1246 episcopum4
1146 1192 1465 1244 consecrare,
1507 1176 1630 1228 dum
1660 1175 1773 1245 ipse
1802 1178 1939 1228 esset
1963 1174 2235 1228 nobiscum
2258 1173 2422 1228 Rome

475 1275 528 1324 et
566 1271 629 1324 de
669 1288 724 1324 se
764 1271 1078 1323 sententiam
1124 1288 1220 1324 nos
1271 1271 1422 1324 dare⁰
1462 1271 1729 1324 humiliter
1769 1274 2083 1340 expectaret.
2144 1270 2292 1334 Quod
2328 1289 2421 1325 vos

475 1366 633 1433 digna
671 1370 723 1419 et
761 1366 993 1418 sollertid
1018 1366 1352 1434 indagatione
1380 1366 1636 1420 discutere
1664 1371 1716 1420 et
1755 1383 2062 1434 cognoscere
2088 1368 2230 1420 omni
2267 1368 2421 1421 modo

474 1462 694 1528 studete,
735 1478 803 1513 an
839 1461 915 1513 ita
954 1477 1067 1513 sese
1104 1477 1189 1513 res
1228 1461 1434 1529 habeat,
1474 1466 1533 1514 ut
1570 1463 1927 1532 praediximus
1966 1480 2061 1516 nos
2096 1464 2203 1516 suis
2230 1463 2421 1518 litteris

470 1556 806 1610 intellexisse.
871 1555 1187 1609 Praesertim
1237 1558 1282 1609 si
1330 1557 1470 1610 idem
1516 1557 1885 1612 Ambianensis
1934 1564 2114 1613 contra
2157 1559 2422 1614 Romanae

473 1651 659 1722 synodi
699 1655 751 1704 et
789 1651 1104 1720 apostolicae
1131 1652 1269 1705 sedis
1296 1652 1558 1706 decretum
1587 1654 1650 1707 de
1675 1671 1837 1707 manu
1860 1654 1981 1707 laici
2006 1655 2231 1708 nefanda
2257 1656 2421 1710 ambi-

472 1748 615 1800 tione
655 1751 707 1800 et
744 1747 1022 1800 temerario
1065 1764 1195 1800 ausu
1231 1748 1598 1801 investituram
1637 1751 1901 1819 suscipere
1926 1752 2298 1820 praesumpsit,
2338 1769 2426 1805 ca·-

471 1843 647 1896 nonici
682 1843 871 1911 rigoris
912 1843 1188 1897 severitate
1214 1843 1391 1897 taliter
1415 1844 1472 1896 in
1499 1861 1618 1897 eum
1642 1844 1907 1898 vindicare
1944 1850 1996 1899 et
2019 1847 2206 1916 punire
2234 1847 2424 1902 obnixe

473 1939 711 2007 satagite,
744 1942 804 1992 ut
829 1939 939 1992 eius
968 1939 1210 2009 exempla
1236 1940 1429 1993 caeteri
1454 1941 1654 1993 imitari
1680 1941 1914 1995 timeant.
2047 1941 2128 1995 De
2154 1941 2422 1997 Manasse⁵
2501 1981 2510 1994 s

473 2039 674 2103 autem,
725 2035 789 2088 de
829 2052 930 2104 quo
971 2035 1211 2089 similiter
1250 2037 1608 2105 conqueritur,
1657 2037 1820 2106 quod⁰
1860 2035 2071 2091 Oebali⁰
2111 2055 2424 2108 suorumque

471 2131 672 2198 refugio
714 2136 767 2184 et
804 2131 1023 2184 auxilio‘
1061 2131 1210 2184 illum
1250 2136 1301 2185 et
1338 2123 1609 2187 ecclesiam
1647 2134 1868 2201 fatigare
1906 2151 2012 2186 non
2049 2139 2234 2203 cessat,
2279 2135 2423 2189 labo-

471 2233 608 2282 rate:
649 2232 709 2281 ut
748 2228 814 2281 ad
851 2244 1036 2297 pacem
1073 2228 1253 2281 redeat
1292 2232 1344 2281 et
1382 2229 1446 2283 ab
1484 2229 1860 2297 inquietatione
1889 2229 2135 2283 ecclesiae
2170 2236 2222 2284 et
2245 2248 2422 2300 perse-

473 2324 680 2377 cutione
720 2323 1099 2393 archiepiscopi
1138 2323 1414 2391 quiescatss.
1474 2324 1668 2387 Quodsi
1703 2326 1854 2392 forte,
1894 2325 1949 2378 in
1986 2342 2079 2378 sua
2104 2327 2425 2381 contumatia

473 2420 788 2489 persistenS,
841 2419 1084 2472 oboedire
1129 2420 1388 2486 renuerit,
1445 2420 1549 2473 nisi
1595 2420 1744 2474 illum
1790 2420 1982 2474 iustam
2034 2423 2422 2476 excusationem

474 2515 667 2568 habere
715 2515 1087 2583 cognoveritiS,
1147 2515 1487 2584 quodcunque
1534 2516 1680 2570 vobis
1726 2517 1914 2571 iustius
1961 2518 2192 2585 videtur,
2248 2518 2419 2572 facite.

474 2611 555 2664 De
594 2611 710 2664 aliis
739 2614 912 2664 autem
938 2611 1337 2664 necessitatibus
1374 2612 1595 2665 eundem
1631 2613 2095 2684 archiepiscopum,
2137 2614 2183 2667 si
2215 2615 2422 2668 tamenh

474 2706 622 2760 vobis
671 2706 982 2774 oboedierit,
1033 2706 1167 2759 sicut
1204 2707 1419 2775 dignum
1459 2711 1538 2761 est
1577 2708 1843 2776 adiuvate;
1894 2710 2044 2778 eique
2091 2711 2422 2765 commissam

477 2802 751 2855 ecclesiam
791 2802 1100 2856 auctoritate
1138 2802 1277 2857 beati
1314 2802 1458 2858 Petri
1484 2834 1553 2840 —
1582 2805 1721 2874 quod
1759 2808 1811 2859 et
1839 2805 1902 2859 de
1930 2806 2046 2859 aliis
2074 2806 2303 2860 ecclesiis
2329 2823 2421 2860 vos

476 2902 681 2968 oportet
720 2915 872 2966 agere
900 2928 969 2934 —
997 2898 1273 2952 defendite.
1426 2899 1544 2970 Ipse
1581 2904 1771 2970 autem,
1813 2901 1947 2956 sicut
1984 2918 2049 2955 ex
2088 2902 2194 2954 suis
2233 2917 2422 2969 cogno-

474 2994 644 3047 vimus
682 2993 889 3062 litteriS,
931 3011 1059 3064 quas
1097 2995 1244 3048 vobis
1285 2996 1588 3064 direximus,
1628 2997 1859 3050 indutias
1899 2998 2084 3066 querit,
2122 3001 2182 3051 ut
2218 2997 2420 3051 subter-

474 3089 665 3157 fugiat3
715 3090 799 3143 cui
837 3090 1061 3159 qualiter
1097 3092 1479 3161 rescripsimuS,
1522 3092 1669 3146 vobis
1709 3093 1866 3147 etiam
1902 3110 1997 3163 per
2036 3092 2303 3162 exemplar
2339 3093 2420 3146 in-

591 3211 623 3236 a.
652 3198 922 3248 G(uarmundo)
952 3203 986 3238 2.
1090 3201 1127 3238 b.
1155 3201 1225 3239 sub
1250 3202 1510 3250 —legationis
1539 3203 1682 3240 addidi
1705 3218 1753 3240 ex
1780 3204 1815 3240 2.
1919 3214 1951 3239 c.
1977 3213 2047 3240 nos
2069 3203 2158 3239 dare
2179 3205 2303 3251 recepi
2317 3217 2365 3240 ex
2383 3205 2420 3241 2.

475 3266 512 3302 d.
547 3266 673 3312 sagaci
708 3268 743 3303 2.
883 3279 915 3304 e.
951 3268 1014 3316 qui
1042 3283 1093 3313 c.,
1131 3268 1232 3316 quod
1269 3270 1303 3305 2.
1441 3269 1468 3306 f.
1503 3269 1679 3316 suffragio
1707 3270 1745 3305 et
1770 3268 1913 3315 refugio
1941 3269 1976 3304 2.
2114 3278 2149 3314 g.
2188 3268 2348 3306 desistat
2383 3271 2420 3307 2.

473 3331 512 3367 h.
539 3346 610 3368 om.
629 3333 664 3368 2.

594 3396 634 3438 1.
655 3396 888 3440 Manasses
908 3397 944 3441 I.
1065 3399 1106 3441 2.
1129 3398 1424 3442 Helinandus.
1544 3399 1585 3442 3.
1609 3396 1899 3442 Theobaldus
1919 3397 1976 3440 II.
2095 3397 2138 3441 4.
2160 3397 2418 3443 Radulfum.

475 3468 517 3511 5.
547 3469 804 3524 praeposito
834 3470 1060 3514 Remensi.
1102 3471 1158 3516 V.
1192 3484 1329 3527 supra
1357 3485 1401 3528 p.
1427 3471 1514 3515 325
1545 3486 1588 3515 n.
1610 3471 1653 3515 5.
1789 3471 1830 3514 6.
1862 3482 1898 3513 s.
1920 3468 2053 3513 Ebali
2081 3470 2125 3514 II
2155 3471 2331 3516 comitis
2361 3471 2420 3516 de

474 3540 655 3584 Roceio.
700 3542 757 3586 V.
789 3542 1011 3587 Manassis
1041 3544 1064 3586 I
1103 3543 1299 3600 archiep.
1332 3545 1461 3600 epist.
1502 3545 1549 3588 in
1579 3543 1763 3588 Recueil
1802 3542 1883 3586 des
1920 3542 2075 3587 histor.
2107 3544 2217 3589 XIV
2248 3545 2332 3589 611
2373 3548 2420 3588 et

476 3625 548 3668 ap.
572 3612 769 3658 Gousset
806 3616 896 3660 Les
937 3619 1062 3660 actes
1102 3616 1159 3660 de
1199 3617 1243 3660 la
1282 3618 1498 3673 province
1528 3617 1585 3661 de
1614 3616 1768 3660 Reims
1797 3616 1842 3659 H
1871 3616 1928 3659 88
1967 3619 2013 3660 et
2043 3616 2089 3660 in
2118 3617 2238 3661 Mon.
2265 3616 2416 3662 Germ.

476 3683 555 3729 SS.
578 3686 688 3731 VIII
716 3687 818 3731 420.
