2782 4198
585 299 692 352 228
1075 310 1349 350 GREGORH
1386 311 1466 348 vn
1501 309 1766 348 Rnclsrm
1803 310 1868 347 111
1894 310 1954 346 13.
1982 310 2042 347 14.

441 436 556 480 1076
584 431 726 483 tione
762 429 912 497 fulta,
950 428 1007 480 in
1043 431 1355 497 perpetuum
1395 426 1460 480 ab
1497 426 1595 480 hac
1633 426 1936 495 quaestione
1973 427 2206 496 quiescat
2240 431 2292 480 et
2316 427 2531 497 insuper

586 525 846 595 deincepS,
885 522 1187 593 privilegio⁸
1227 520 1591 576 diffinitionem
1629 527 1865 575 nostram
1902 521 2059 576 latius
2097 523 2387 576 continenti
2415 539 2531 576 mu-

584 621 722 688 nita,
772 618 1013 690 praedia,
1063 634 1283 686 quorum
1320 618 1385 671 lis
1423 618 1584 671 tantis
1623 617 1945 688 temporibus
1983 618 2236 672 ventilata
2273 624 2375 686 est,
2417 619 2530 672 sine

586 715 760 784 aliqua
796 714 1159 768 molestatione
1198 713 1476 784 possideat.

585 870 662 931 ΙΠ
692 875 788 931 14.
813 878 1087 931 Dominici
1104 878 1143 929 I
1147 877 1197 930 V
1200 876 1539 947 patriarchae
1561 873 1848 930 Gradensis
1870 895 1994 947 erya
2012 895 2065 928 se
2083 878 2310 929 studium
2330 877 2528 930 laudat.

814 965 901 1018 De
937 966 1408 1036 Lonyobardorum
1450 964 1948 1034 Teutonicorumque
1986 968 2346 1035 episcoporum
2383 968 2440 1017 in
2475 984 2532 1018 ⁴ae

817 1056 964 1116 odi03
1003 1056 1066 1107 de
1108 1052 1331 1108 Giraldo
1372 1056 1609 1123 episcopo
1651 1053 1950 1123 Sipontina

439 1162 554 1205 1076
734 1147 1017 1216 Gregorius
1046 1149 1320 1219 episcopus
1348 1165 1528 1201 servus
1556 1165 1825 1200 servorum
1850 1146 1950 1200 Dei
1975 1146 2250 1201 Dominico
2267 1143 2280 1168 ¹
2305 1147 2531 1217 patriar-

585 1244 712 1298 chae
751 1242 1009 1298 Gradensi
1046 1244 1267 1298 salutem
1307 1248 1359 1297 et
1398 1244 1739 1314 apostolicam
1778 1244 2208 1297 benedictionem.

733 1339 865 1403 Quia
902 1344 1127 1393 matrem
1164 1344 1310 1392 tuam
1349 1344 1582 1392 sanctam
1618 1339 1909 1392 Romanam
1959 1339 2256 1407 ecclesiam,
2306 1339 2440 1392 sicut
2475 1339 2531 1392 in

584 1435 689 1489 tuis
727 1435 917 1489 litteris
956 1436 1267 1503 continetur,
1306 1440 1359 1488 te
1396 1452 1528 1505 puro
1568 1435 1722 1488 corde
1747 1435 1986 1488 venerari
2010 1452 2207 1504 nosque
2233 1451 2328 1504 pro
2356 1451 2532 1488 amore

585 1530 939 1600 apostolorum
975 1531 1230 1600 principis
1270 1531 1473 1584 sincera
1511 1531 1728 1584 caritate
1767 1531 1983 1599 diligere
2021 1530 2307 1601 profiteriS‚
2345 1531 2532 1583 frater-

583 1625 739 1678 nitati
775 1630 897 1679 tuae
935 1630 1110 1693 grates
1148 1626 1450 1692 referimus3
1491 1630 1567 1694 et,
1606 1627 1938 1696 rependendo
1978 1627 2145 1680 vicem
2184 1626 2416 1679 eiusdem
2454 1626 2533 1678 di-

583 1721 820 1774 lectionis
858 1725 969 1774 tam
1008 1721 1254 1775 ecclesiae
1279 1725 1400 1774 tuae
1427 1737 1582 1789 quam
1610 1722 1722 1789 tibi,
1763 1722 1905 1775 salvo
1932 1722 2210 1775 libramine
2236 1722 2532 1794 aequitatis,

583 1817 768 1869 honori
815 1821 988 1870 vestro
1036 1817 1312 1887 providere
1362 1833 1567 1886 semper
1615 1817 1788 1887 parati
1837 1834 2032 1869 sumus,
2110 1815 2367 1880 Quoniam
2407 1834 2532 1870 vero

583 1913 767 1965 mirari
805 1929 866 1966 ac
902 1913 1125 1965 nimium
1162 1918 1214 1966 te
1253 1912 1436 1966 dolere·
1457 1913 1661 1966 dixisti:
1703 1913 1842 1982 quod
1864 1911 2200 1980 Longobardi
2225 1916 2379 1981 atque
2403 1929 2534 1965 non·
2602 1945 2604 1948 -

585 2008 715 2060 nulli
754 2008 1153 2061 Teutonicorum
1205 2009 1437 2078 episcopi
1484 2009 1540 2061 in
1588 2026 1684 2062 nos
1730 2008 2038 2061 insaniendo
2086 1990 2196 2061 tam
2238 2009 2534 2062 vehementi

585 2103 702 2156 odio
739 2104 1101 2171 inardescunt3
1140 2104 1335 2157 nullius
1374 2105 1557 2174 culpae
1594 2103 1720 2158 nosb
1749 2109 1928 2157 nostra
1954 2103 2270 2157 conscientia
2294 2105 2415 2158 inde
2451 2122 2535 2158 re-

585 2199 807 2267 darguit.
877 2199 980 2253 Sed
1017 2201 1237 2268 scimuS‚
1287 2200 1352 2253 ob
1390 2201 1466 2252 nil
1503 2201 1646 2253 aliud
1695 2217 1782 2253 eos
1819 2199 1909 2252 illo
1950 2200 2220 2253 conamine
2258 2200 2380 2269 niti,
2432 2201 2535 2254 nisi

586 2295 724 2364 quod
744 2324 813 2331 —
837 2312 902 2348 ex
926 2301 1205 2366 praecepto
1225 2295 1326 2349 Dei
1355 2300 1509 2364 atque
1536 2304 1833 2349 sanctorum
1850 2295 2309 2365 praedecessorum
2331 2300 2533 2349 nostro-

584 2407 702 2442 rum
728 2420 797 2427 —
825 2391 1035 2443 illorum
1059 2391 1491 2461 perversitatibus
1523 2391 1792 2444 obviamus
1819 2406 2008 2458 eosque
2036 2390 2103 2443 ad
2126 2396 2327 2443 rectum
2350 2392 2534 2445 trami-

585 2492 695 2540 tem
718 2486 950 2539 iustitiae
973 2486 1238 2554 reducere,
1279 2488 1323 2539 si
1361 2487 1609 2557 possibile
1649 2491 1802 2554 esset,
1843 2503 1909 2539 ex
1947 2486 2120 2539 debito
2150 2486 2533 2555 sollicitudiniS,

587 2581 766 2634 divina
816 2582 1204 2652 dispensatione
1249 2583 1400 2636 nobis
1448 2583 1890 2653 superinpositae,
1946 2598 2302 2652 procuramus.
2451 2582 2534 2637 De

585 2672 778 2730 litteris
819 2682 995 2731 autem
1034 2695 1065 2731 a
1099 2679 1427 2732 fraternitate
1465 2683 1557 2731 tua
1584 2678 1735 2732 nobis
1762 2678 1972 2732 directis
1998 2678 2141 2730 nullo
2181 2678 2354 2732 studio
2392 2695 2534 2732 com-

585 2772 787 2842 perirec
826 2773 1119 2843 potuimus,
1170 2774 1308 2843 quod
1354 2774 1475 2828 hinc
1522 2775 1646 2828 illuc
1691 2775 1889 2828 fuerint
1932 2778 2212 2844 reportate.
2365 2773 2534 2844 Super

588 2869 890 2937 quaestione
930 2853 1159 2939 quoque,
1209 2887 1367 2939 quam
1412 2871 1713 2925 fraternitas
1762 2875 1855 2924 tua
1900 2870 1964 2923 de
2004 2868 2216 2923 Giraldo
2257 2859 2531 2939 Sipontino

587 2964 830 3034 episcopo
869 2964 1020 3019 nobis
1059 2966 1335 3034 suggessit,
1376 2966 1443 3019 ad
1467 2983 1716 3036 praesens
1741 2984 1838 3037 pro
1866 2966 2104 3020 absentia
2128 2964 2361 3035 episcopi
2383 2962 2531 3017 vobis

585 3060 902 3130 respondere
939 3078 1046 3115 non
1081 3078 1376 3132 possumus.
1437 3061 1569 3115 Cum
1605 3068 1781 3117 autem
1806 3062 2022 3129 venerit,
2061 3061 2173 3114 Deo
2199 3059 2529 3128 concedente,

586 3174 744 3211 causa
791 3158 1068 3227 diligenter
1115 3158 1400 3227 exquisita,
1447 3159 1679 3212 iustitiae
1715 3157 2120 3228 providebimus.
2269 3154 2530 3226 Principis

587 3271 709 3307 vero
735 3254 890 3307 vani‘¹
914 3254 1189 3322 negocium
1214 3254 1360 3308 nulla
1387 3255 1618 3308 ratione⁰
1644 3254 1821 3308 videre
1846 3269 2141 3323 possumUS,
2178 3255 2239 3304 ut
2276 3251 2344 3304 ad
2378 3267 2530 3322 prae-

588 3366 707 3403 sens
752 3350 931 3419 illnm,
981 3367 1135 3419 quem
1180 3350 1439 3420 postulat,
1488 3349 1736 3420 consequi
1782 3348 1951 3420 possit
1985 3347 2070 3401 vel
2117 3346 2304 3400 debeat
2338 3346 2531 3401 habere

590 3444 843 3500 effectum.
920 3446 1062 3500 Data
1096 3445 1277 3516 Rome,
1314 3446 1601 3501 indictione
1641 3448 1724 3499 14.

702 3559 736 3585 a.
769 3548 1007 3596 privilegium
1040 3564 1073 3586 c.
1225 3549 1264 3586 b.
1296 3561 1368 3587 nos
1395 3550 1548 3587 addidi.
1701 3558 1734 3585 c.
1760 3557 1975 3596 comperero
2002 3561 2034 3584 c.
2160 3545 2197 3583 d.
2229 3560 2280 3582 an
2305 3544 2531 3583 venetiani?

587 3624 620 3650 e.
649 3614 704 3650 sic
729 3614 975 3652 constitutum
1000 3615 1186 3652 excidisse
1210 3615 1367 3652 videtur.

705 3678 746 3722 1.
774 3677 855 3723 IV.
