2730 4198
851 260 1127 299 GREGORH
1163 262 1241 298 vn
1279 260 1543 299 REGISTRI
1580 261 1659 298 vn
1687 260 1747 296 10.
2164 247 2268 300 391

329 372 432 436 VH
462 378 559 435 10.
594 379 886 432 Britannos
933 380 1071 433 iubet
1115 399 1230 433 cum
1267 378 1461 433 Amato
1502 381 1743 450 episcopo
1781 378 2053 443 Elorensi,
2105 378 2271 448 leyato

512 494 623 540 «9αο,
653 477 910 545 synodum
940 476 1210 541 celebrare,
1236 494 1340 546 qua
1359 494 1468 528 rem
1486 475 1909 545 poenitentialem
1938 475 2010 526 ad
2034 492 2274 526 normam

510 573 760 640 diriyant.

474 672 754 741 Gregorius
806 674 1079 744 episcopus
1129 689 1308 726 servus
1357 688 1626 725 servorum
1664 670 1765 724 Dei
1804 671 2062 741 episcopis
2102 686 2272 724 sacer-

324 768 530 823 dotibus
568 769 894 839 principibus
935 769 1153 836 aliisque
1180 767 1419 821 omnibus
1446 767 1501 820 in
1526 766 1803 820 Britannia
1828 766 2271 820 commorantibus

324 865 544 919 salutem
585 870 638 918 et
675 865 1015 935 apostolicam
1054 863 1486 930 benedictionem,
1527 862 1572 915 si
1612 861 1918 915 obedierint.

473 961 820 1015 Sacerdotalis
860 960 1101 1014 culminis
1131 959 1358 1026 dignitas
1383 962 1497 1011 tum
1522 957 1790 1027 imperitia
1814 961 1928 1010 tum
1951 956 2271 1025 negligentia

323 1057 678 1125 sacerdotum,
729 1057 864 1110 sicut
899 1059 1075 1109 vestra
1121 1055 1330 1108 dilectio
1367 1054 1540 1121 novit,
1591 1070 1658 1106 ex
1695 1053 1850 1121 longo
1887 1053 1996 1106 iam
2034 1057 2270 1122 tempore

321 1153 548 1224 peccatis
589 1151 914 1220 exigentibus
953 1151 1053 1204 fuit
1091 1150 1336 1220 collapsa.
1404 1149 1488 1202 Ex
1528 1166 1632 1218 qua
1670 1149 1881 1218 quidem
1919 1166 1976 1202 re
2016 1149 2166 1217 quasi
2205 1165 2270 1202 ex

320 1249 569 1320 pestifera
605 1248 780 1302 radice
818 1248 1093 1300 innumera
1129 1246 1270 1299 mala
1309 1250 1518 1300 exorta‘¹
1548 1250 1694 1312 sunt3
1738 1246 1865 1300 adeo
1903 1249 1963 1298 ut
1999 1261 2165 1313 usque
2204 1243 2270 1298 ad

318 1345 446 1398 haec
493 1349 674 1398 nostra
721 1348 984 1411 tempora,
1033 1342 1170 1395 inter
1218 1347 1393 1396 cetera
1450 1358 1582 1411 quae
1627 1342 1765 1395 male
1809 1341 2074 1412 pullulant
2119 1340 2267 1409 vitia,

317 1440 480 1493 falsae
504 1439 841 1492 nihilominus
868 1438 1219 1508 poenitentiae
1246 1439 1563 1492 consuetudo
1589 1437 1878 1491 inoleverit.
1939 1436 2270 1506 Quapropter

317 1536 440 1604 quia
475 1535 626 1589 nobis
652 1551 748 1605 pro
777 1533 934 1588 officii
960 1534 1127 1587 nostri
1153 1535 1567 1588 consideratione
1594 1538 1646 1588 et
1671 1533 2036 1587 sollicitudinis
2062 1531 2267 1600 magni-

315 1631 495 1685 tudine
532 1631 788 1699 imminet,
828 1631 956 1684 haec
995 1634 1048 1684 et
1071 1630 1385 1698 huiusmodi,
1427 1635 1680 1699 quantum
1705 1646 2000 1700 possumuS,
2039 1627 2266 1682 Domino

314 1726 568 1795 largiente
606 1727 882 1794 corrigere,
921 1726 1160 1780 volumus
1201 1730 1356 1795 atque
1394 1726 1682 1796 apostolica
1719 1725 2028 1779 auctoritate
2065 1724 2268 1795 praeci-

314 1823 514 1893 pimus:
567 1827 623 1875 ut
660 1822 891 1890 legatum
928 1826 1190 1890 nostrum,
1239 1822 1491 1876 Amatum
1530 1821 1774 1876 videlicet
1811 1821 2116 1876 Olorensem
2156 1820 2266 1891 epi-

316 1935 547 1989 scopum,
587 1918 672 1971 cui
707 1919 873 1972 vicem
913 1922 1148 1971 nostram
1181 1919 1238 1971 in
1263 1918 1501 1988 partibus
1529 1919 1715 1973 vestris
1742 1919 2115 1987 commisimUS,
2156 1921 2265 1971 stu-

315 2014 435 2067 deat
479 2018 654 2068 vestra
701 2014 1003 2068 fraternitas
1051 2018 1350 2068 reverenter
1390 2055 1550 2068 .....
1593 2031 1877 2069 convocare
1916 2018 1969 2068 et
2008 2055 2241 2068 .......
2247 2053 2262 2083 ,

312 2114 371 2163 ut
407 2110 497 2163 illo
538 2114 722 2178 agente
763 2110 1010 2180 synodale
1048 2109 1324 2163 concilium
1362 2114 1728 2179 congregetur3
1767 2111 1859 2165 ubi
1883 2127 2003 2164 cum
2038 2110 2102 2164 de
2127 2109 2263 2179 aliis,

312 2222 445 2274 quae
484 2205 550 2258 ad
589 2205 811 2258 salutem
849 2206 1114 2275 pertinent
1140 2205 1450 2274 animarum,
1490 2210 1605 2260 tum
1632 2207 1790 2261 etiam
1821 2206 1885 2260 de
1910 2206 2263 2276 poenitentiae

310 2301 712 2354 constitutioneb
752 2300 1052 2368 diligentius
1101 2305 1466 2370 pertractetur.
1546 2301 1660 2366 Qua
1706 2303 1762 2355 in
1801 2319 1858 2355 re
1895 2302 1994 2355 hoc
2033 2319 2262 2355 summo-

308 2414 434 2467 pere
470 2414 563 2451 vos
602 2414 784 2451 cavere
824 2400 1031 2466 oportet
1070 2396 1300 2466 aliosque
1338 2414 1551 2452 monere
1590 2398 1815 2452 debetis:
1864 2398 2001 2466 quia,
2042 2398 2088 2451 si
2125 2398 2259 2467 quis,

309 2493 364 2546 in
389 2493 728 2546 homicidium
756 2492 1071 2546 adulterium
1095 2493 1385 2563 periurium
1412 2494 1496 2548 vel
1523 2494 1722 2564 aliquid
1741 2493 2040 2548 huiusmodi
2061 2493 2258 2564 lapsuS‚

309 2587 364 2640 in
405 2587 577 2656 aliquo
617 2588 802 2642 talium
841 2588 1119 2642 criminum
1156 2591 1531 2659 permanserit3
1584 2594 1674 2644 aut
1711 2590 2085 2658 negociationi,
2126 2607 2259 2659 quae

309 2684 397 2736 vix
439 2684 524 2751 agi
562 2684 674 2737 sine
711 2688 922 2754 peccato
952 2689 1142 2754 potest,
1183 2702 1397 2755 operam
1424 2686 1649 2753 dederit;
1692 2690 1783 2740 aut
1821 2703 1969 2739 arma
2006 2685 2259 2740 militaria

307 2780 596 2850 portaverit
631 2809 700 2816 —-
739 2783 954 2848 excepto
996 2780 1040 2832 si
1078 2797 1173 2850 pro
1211 2782 1407 2835 tuenda
1442 2783 1647 2836 iustitia
1684 2799 1779 2836 sua
1816 2782 1900 2835 vel
1938 2782 2135 2835 domini
2173 2782 2258 2837 vel

307 2875 462 2929 amici
500 2892 592 2929 seu
632 2875 790 2928 etiam
815 2892 1107 2945 pauperum
1132 2893 1228 2931 nec
1251 2895 1357 2931 non
1383 2895 1478 2948 pro
1506 2877 1844 2932 defendendis
1873 2878 2119 2947 ecclesiiS,
2159 2894 2257 2933 nec

304 2975 481 3025 tamen
519 2971 632 3025 sine
669 2971 1032 3039 religiosorum
1058 2972 1287 3026 virorum
1322 2974 1539 3027 consilio
1578 2974 1878 3044 sumpserit,
1918 2974 2008 3042 qui
2045 2977 2254 3029 aeterne

305 3067 489 3121 salutis
530 3068 803 3121 consilium
843 3068 967 3121 dare
1005 3068 1268 3138 sapienter
1305 3074 1564 3123 noverunt
1591 3100 1658 3108 -—
1689 3074 1780 3123 aut
1816 3069 1987 3123 aliena
2011 3070 2149 3123 bona
2172 3070 2252 3123 in-

303 3163 439 3217 iuste
476 3164 794 3234 possederit3
837 3168 927 3217 aut
963 3164 1019 3216 in
1049 3164 1225 3218 odium
1250 3165 1479 3234 proximi
1505 3166 1587 3219 sui
1615 3165 1894 3232 exarserit3
1934 3182 2089 3219 verae
2126 3182 2252 3236 poe-

303 3259 555 3314 nitentiae
601 3261 830 3313 fructum
875 3261 1046 3314 facere
1092 3260 1389 3313 nullatenus
1437 3265 1626 3331 potest.
1690 3261 2073 3314 Infructuosam
2111 3261 2252 3315 enim

304 3356 680 3425 poenitentiam
720 3356 958 3426 dicimus,
980 3357 1131 3426 ‘quae
1168 3356 1245 3409 ita
1283 3357 1553 3427 accipitur,
1592 3360 1652 3410 ut
1687 3357 1743 3409 in
1779 3357 1962 3410 eadem
1990 3357 2144 3427 culpa
2167 3356 2251 3411 vel

305 3451 479 3519 simili,
520 3452 765 3506 deteriori
802 3452 887 3507 vel
915 3470 1100 3523 parum
1129 3453 1338 3522 minori,
1376 3457 1761 3522 permaneatur.
1825 3451 1974 3506 Unde
2014 3453 2248 3522 quisquis

304 3545 458 3614 digne
493 3547 606 3601 vult
642 3549 927 3619 poenitere,
966 3565 1178 3603 necesse
1217 3553 1319 3618 est,
1359 3552 1418 3603 ut
1455 3549 1523 3603 ad
1559 3547 1682 3603 fidei
1718 3552 1954 3603 recurrat
1992 3549 2246 3618 originem

420 3660 453 3685 a.
488 3649 642 3688 exhorta
669 3666 702 3688 c.
857 3652 894 3689 b.
929 3652 1203 3690 consultatione
1232 3667 1264 3689 c.

2320 674 2433 718 1079

2300 734 2395 777 Nov.
2416 735 2465 773 25
