2730 4198
10 1347 15 1356 ν

0 1503 1 1518 l

0 1561 2 1571 r

0 1585 3 1603 l
19 1598 21 1601 .

818 262 1094 323 GREGORn
1129 264 1209 300 vn
1248 262 1510 301 REGISTRI
1547 264 1584 300 v
1611 263 1673 299 22.
1700 263 1761 298 23.
2153 246 2259 298 319

464 377 708 431 Pervenit
734 378 800 431 ad
824 395 918 432 nos
945 379 1107 433 frater
1130 384 1307 434 noster
1323 379 1534 434 Evenus
1556 377 1799 432 Dolensis
1825 375 2260 446 archiepiscopus,

317 472 566 526 exhibens
607 490 661 526 se
698 490 793 543 pro
834 474 1159 528 discutienda
1196 476 1573 543 controversia,
1622 490 1753 542 quae
1793 473 1856 526 de
1893 471 2113 525 introitu
2151 471 2261 524 eius

315 569 372 622 in
421 569 780 638 episcopatum
829 574 945 622 orta
992 574 1095 638 est,
1143 571 1499 640 proclamante
1545 567 1665 623 illol
1713 570 1777 622 de
1823 567 2128 638 expulsione
2168 583 2263 619 sua

317 664 467 732 quasi
490 664 702 732 iniusta⁷
744 664 833 734 qui
859 669 978 718 ante
1005 665 1387 719 ordinationem
1419 666 1572 719 huius
1611 665 1828 718 eandem
1855 663 2047 731 sedem,
2081 678 2263 731 quam-

315 760 424 813 vis⁶
461 776 706 830 perverso
745 765 804 813 ut
843 761 1034 814 dicitur
1064 777 1289 829 accessu,
1329 764 1541 831 ceperat
1568 765 1620 814 et
1643 759 1845 812 nefaria
1870 757 2262 810 conversatione

315 859 568 910 tenuerat.
620 856 707 909 Ad
746 873 901 925 quam
941 835 1315 910 enhibitionem‘
1350 873 1406 910 se
1442 860 1682 909 vocatum
1723 853 1897 907 aiebat
1935 869 1966 905 a
2004 852 2262 905 confratre

315 957 493 1006 nostro
532 951 751 1020 Hugone
776 952 959 1005 Diensi
998 951 1240 1021 episcopo
1278 982 1346 987 —
1386 951 1524 1020 quod
1562 954 1615 1003 et
1651 952 1781 1019 ipse,
1822 948 1911 1018 qui
1948 952 2073 1001 tunc
2110 964 2262 1018 prae-

318 1065 436 1101 sens
477 1048 673 1115 aderat,
711 1047 971 1100 fatebatur
1006 1077 1075 1083 -—
1113 1063 1173 1100 ac
1205 1051 1485 1117 propterea
1518 1063 1574 1100 se
1599 1061 1868 1099 recusasse
1894 1044 2065 1097 redire
2090 1043 2263 1096 vobis-

317 1161 432 1198 cum
473 1148 564 1197 aut
600 1144 656 1196 in
696 1143 922 1211 aliquam
960 1147 1165 1212 partem
1202 1147 1420 1211 vertere,
1467 1143 1630 1195 donec
1670 1141 1734 1194 ab
1774 1157 1863 1193 ore
1899 1143 2097 1206 nostro,
2138 1138 2264 1208 quid

317 1240 418 1294 sibi
465 1239 722 1308 agendum
768 1239 904 1291 foret
947 1254 1113 1306 quove
1152 1254 1207 1292 se
1247 1238 1620 1306 exhibendum,
1670 1236 2001 1304 intelligeret.
2069 1234 2263 1287 Verum

317 1336 440 1405 quia
464 1335 673 1388 Diensis
712 1334 986 1404 episcopus
1022 1338 1083 1387 ut
1119 1334 1350 1388 diximus
1387 1351 1635 1405 praesens
1671 1333 1866 1400 aderat,
1908 1331 2262 1385 commisimus

317 1431 417 1485 sibi
453 1430 725 1498 negocium
760 1429 926 1483 istud:
967 1433 1026 1482 ut
1062 1430 1116 1482 in
1156 1430 1391 1499 concili0,
1432 1447 1532 1500 quo
1560 1446 1771 1483 causam
1796 1428 2068 1481 Remensis
2096 1426 2263 1480 archi-

316 1522 575 1597 episcopi²
614 1529 666 1578 et
705 1524 926 1578 aliorum
966 1525 1328 1595 episcoporum
1355 1526 1395 1580 F
1397 1527 1622 1594 ranciae‚
1664 1525 1906 1578 adiuncto
1946 1524 2046 1577 sibi
2075 1522 2262 1576 abbate

316 1617 690 1690 Cluniacensi³‚
729 1624 1046 1675 tractaturus
1087 1626 1182 1690 est,
1224 1623 1380 1676 etiam
1419 1623 1516 1676 hoc
1552 1621 1864 1690 regulariter
1889 1619 2115 1672 diffinire
2139 1635 2261 1688 pro-

316 1721 476 1772 curet.
550 1717 878 1787 Quapropter
917 1717 1255 1771 admonemus
1295 1723 1347 1772 et
1384 1735 1500 1772 vos:
1550 1723 1611 1772 ut
1646 1717 1840 1771 ibidem
1880 1719 1969 1769 aut
2007 1715 2138 1768 alter
2175 1731 2263 1767 ve-

317 1817 485 1867 strum
523 1817 614 1866 aut
652 1813 803 1866 ambo
843 1814 888 1866 si
924 1812 1038 1866 fieri
1075 1814 1242 1884 possit
1280 1815 1486 1879 adsitis3
1530 1819 1581 1868 et
1610 1814 1880 1884 episcopos
1909 1828 1968 1865 ac
1991 1811 2262 1878 religiosos

318 1908 531 1962 abbates
569 1908 710 1961 illius
747 1909 1083 1978 parroechiae
1121 1926 1217 1963 nec
1254 1927 1358 1963 non
1398 1909 1610 1963 clericos
1651 1914 1702 1963 et
1734 1909 1895 1962 laicos
1923 1907 2153 1962 eiusdem
2181 1922 2263 1959 ec-

318 2004 522 2073 clesiae,
564 2004 653 2073 qui
689 2005 992 2058 utramlibet
1028 2009 1234 2075 partem
1273 2010 1365 2059 aut
1402 2022 1645 2059 accusare
1673 2008 1763 2058 aut
1788 2003 2064 2058 defendere
2088 2002 2264 2055 idonei

316 2100 606 2168 videantur,
647 2100 827 2154 adesse
866 2102 1262 2167 commoneatis3
1301 2105 1642 2172 procurantes
1673 2100 1848 2168 etiam,
1886 2103 1947 2152 ut
1970 2098 2263 2166 Anglorum

315 2192 437 2249 rex⁴
485 2213 550 2249 ex
597 2212 692 2248 sua
728 2200 878 2266 parte
916 2197 1146 2265 legatum
1184 2196 1309 2250 illuc
1347 2197 1561 2266 dirigat,
1609 2202 1718 2250 tam
1756 2195 2068 2266 prudentem
2107 2210 2263 2262 quam

2309 381 2425 425 1078

2291 441 2377 478 Mai.
2402 443 2451 479 22

315 2291 612 2359 religiosam
638 2308 942 2362 personam3
985 2298 1238 2361 quatenus
1266 2310 1424 2348 causa
1446 2294 1566 2362 ista,
1603 2293 1806 2346 sublato
1830 2292 2008 2344 favore
2033 2289 2264 2360 partium
2347 2308 2351 2312 ·

316 2387 560 2456 omnique
597 2388 862 2458 personali
900 2390 1215 2459 acceptione,
1258 2390 1323 2443 ad
1362 2389 1600 2443 effectum
1637 2390 1774 2442 iuste
1799 2386 2125 2441 diffinitionis
2150 2384 2263 2438 Deo

317 2483 623 2553 disponente
669 2484 965 2553 perveniat3
1014 2489 1066 2539 et
1114 2486 1253 2555 quod
1298 2486 1373 2540 ibi
1417 2486 1538 2540 inde
1586 2489 1840 2539 statutum
1888 2500 1948 2537 ac
1993 2480 2265 2535 definitum

316 2579 499 2647 fuerit,
546 2579 623 2632 ita
670 2579 734 2633 ab
785 2580 1023 2634 omnibus
1071 2598 1300 2636 consona
1334 2598 1461 2636 voce
1499 2582 1860 2650 sententiaque
1896 2578 2158 2646 firmetur,
2206 2580 2266 2630 ut

318 2674 668 2729 calumniosae
712 2676 1138 2745 proclamationis
1175 2678 1485 2749 improbitas
1524 2682 1577 2733 et
1611 2676 1939 2732 reiterandae
1978 2674 2264 2745 questionis
2293 2699 2302 2702 -

318 2771 486 2826 omnis
524 2770 753 2839 undique
793 2772 994 2826 occasio
1022 2774 1291 2843 omnisque
1317 2776 1525 2845 penitus
1550 2775 1763 2829 licentia
1788 2772 2072 2827 decidatur.
2125 2770 2265 2823 Data

316 2867 590 2922 Lateranis
634 2869 695 2920 11
738 2867 1000 2922 Kalendas
1038 2869 1189 2939 Iunii,
1228 2870 1511 2924 indictione
1554 2873 1599 2924 1.

317 3016 371 3081 V
397 3021 498 3080 23.
536 3025 853 3077 Britanniae
882 3026 1086 3077 comites
1124 3036 1293 3094 roqat,
1335 3036 1393 3078 ut
1416 3027 1688 3095 synodum,
1729 3026 1787 3076 in
1823 3041 1929 3093 qua
1965 3023 2028 3075 de
2054 3022 2264 3075 ecclesia

536 3113 763 3166 Dolensi
798 3124 1003 3183 ayatar,
1046 3133 1079 3164 a
1115 3114 1466 3167 sacerdotibus
1501 3114 1749 3183 laicisque
1775 3113 2000 3165 eiusdem
2026 3110 2264 3163 ecelesiae

537 3204 832 3255 adeundam
871 3199 1091 3254 eurenth.

466 3296 745 3365 Gregorius
782 3297 1056 3367 episcopus
1088 3313 1266 3350 servus
1294 3312 1562 3349 servorum
1587 3295 1688 3348 Dei
1715 3294 1902 3362 Oeli⁰⁵,
1944 3291 2262 3347 Grausfredod

434 3419 468 3444 a.
495 3407 698 3455 quamlibet
726 3422 757 3443 c.
860 3407 1077 3457 b.-Legitnr
1103 3409 1213 3443 etiam
1250 3404 1287 3451 2)
1314 3419 1374 3454 ap.
1392 3409 1562 3442 Matiene
1589 3406 1693 3442 Thes.
1710 3404 1843 3441 anecd.
1857 3407 1920 3441 Ill
1947 3404 2021 3441 876
2049 3411 2083 3439 et
2111 3401 2178 3449 2¹)
2200 3417 2262 3451 ap.

320 3475 464 3510 Marica
485 3473 685 3511 Me'moires
714 3474 760 3510 de
783 3475 969 3522 Bretagne
995 3475 1016 3509 Ι
1043 3473 1129 3518 447,
1158 3486 1205 3508 ex
1231 3472 1419 3508 tabulario
1443 3473 1654 3508 Turonensi.
1765 3481 1796 3507 c.
1826 3468 1908 3507 Oeli
1929 3469 2025 3512 cod„
2054 3468 2204 3506 dilectis
2226 3470 2262 3514 2,

320 3537 458 3575 dilecto
487 3540 552 3575 2a.
690 3539 726 3575 d.
755 3538 932 3576 Goffredo
960 3539 996 3583 2,
1026 3537 1226 3575 Gauffredo
1254 3538 1319 3573 2a.

439 3603 479 3645 1.
518 3601 704 3646 Iuhello.
863 3603 904 3646 2.
945 3601 1167 3646 Manassis
1197 3601 1233 3645 Ι.
1396 3601 1439 3646 3.
1477 3601 1685 3657 Hugone.
1842 3599 1885 3643 4-.
1929 3598 2196 3645 Wilhelmus
2225 3599 2261 3644 I.

320 3676 361 3719 5.
396 3675 548 3720 comiti
578 3674 846 3732 Cornubiae‚
878 3675 983 3719 duci
1012 3675 1287 3719 Britanniae.

2310 3306 2424 3350 1078

2291 3366 2379 3403 Mai.
2403 3367 2451 3403 22
