2722 4172
475 250 579 302 134
951 261 1223 301 GREGORH
1259 261 1340 298 vn
1376 258 1640 298 REGISTRI
1675 259 1718 296 11
1752 257 1929 295 19—21.

300 385 415 430 1074
471 380 728 435 discutere
767 384 820 435 et
858 379 924 433 ad
960 378 1254 446 legitimum
1280 376 1391 430 Deo
1433 374 1718 429 auxiliante
1757 372 2080 429 diffinitionis
2108 373 2266 429 finem
2291 391 2411 445 per-

276 446 372 484 Nov.
392 446 440 484 15

298 1312 414 1356 1074

271 1372 366 1411 Nov.
389 1373 437 1411 15

299 3359 415 3402 1074

471 477 673 531 ducere.
735 475 953 529 Studeat
997 474 1158 541 igitur
1204 472 1506 526 fraternitas
1554 474 1646 524 tua
1685 471 1760 524 sic
1797 487 1853 524 se
1889 471 2123 542 praefato
2162 470 2413 525 confratri

468 576 648 626 nostro
685 572 742 625 in
777 571 876 624 hac
913 586 1071 624 causa
1109 568 1491 622 auxiliatricem
1519 565 1838 636 impendere,
1879 569 2132 635 quatenus
2161 567 2217 620 in
2240 566 2412 635 inqui-

470 668 659 721 sitione
713 666 865 720 huius
922 664 1000 718 rei
1052 680 1158 717 non
1205 664 1274 717 sit
1318 663 1469 717 nobis
1515 661 1867 716 necessarium
1915 661 2196 717 elaborare.
2274 661 2414 718 Data

468 762 666 817 Romae
709 764 771 816 17
813 760 1075 815 Kalendas
1114 759 1437 828 Decembris,
1475 758 1758 812 indictione
1801 757 1884 810 13.

468 989 520 1050 Π
554 993 654 1058 20.
693 996 936 1049 Richerio
970 996 1359 1066 archiepiscopo
1390 994 1680 1048 Senonensi
1694 995 1975 1064 praecipit,
2017 1005 2075 1047 ut
2098 994 2274 1048 illatas
2302 995 2412 1048 Ro-

691 1091 841 1160 dulfo
868 1091 908 1143 I
925 1092 1312 1162 archiepiscopo
1347 1090 1641 1145 Turoueusi
1664 1092 1889 1143 iniurias
1917 1091 2126 1160 expiari
2149 1110 2182 1143 a
2209 1090 2413 1144 Lanze-

692 1188 798 1240 lino
839 1198 1004 1258 coyat.

619 1296 900 1366 Gregorius
952 1296 1226 1368 episcopus
1278 1312 1458 1350 servus
1509 1312 1776 1350 servorum
1825 1295 1926 1350 Dei
1971 1295 2212 1350 Richerio
2254 1295 2415 1352 Seno-

467 1394 619 1448 nensi
657 1393 1046 1463 archiepiscopo
1086 1392 1309 1446 salutem
1347 1395 1399 1445 et
1437 1391 1776 1462 apostolicam
1816 1392 2244 1446 benedictionem.

618 1488 892 1542 Confrater
927 1493 1106 1542 noster
1129 1487 1382 1541 Rodulfus
1409 1487 1725 1541 Turonensis
1757 1488 2175 1559 archiepiscopus
2201 1489 2414 1543 veniens

470 1586 536 1639 ad
573 1602 668 1638 nos
693 1584 873 1638 nobis⁰
909 1583 1153 1652 innotuit,
1194 1600 1249 1637 se
1287 1599 1391 1636 non
1425 1600 1644 1653 parvam
1678 1584 1925 1637 iniuriam
1955 1601 1986 1638 a
2012 1585 2237 1654 quodam
2261 1602 2415 1655 paro-

468 1681 652 1735 chiano
677 1684 767 1733 tuo
794 1679 1005 1733 nomine
1029 1678 1315 1733 Lanzelino
1343 1679 1668 1733 sustinuisse.
1718 1679 1925 1734 Asserit
1953 1680 2109 1748 enim,
2147 1680 2323 1750 ipsum
2359 1681 2416 1735 in

467 1778 555 1831 via
580 1776 680 1830 sibi
720 1778 923 1829 armata
947 1792 1107 1828 manu
1133 1775 1370 1829 obviasse
1398 1779 1466 1844 et,
1507 1774 1819 1844 quibusdam
1845 1793 2059 1829 suorum
2085 1776 2415 1846 depraedatis

468 1872 779 1944 quibusdam
805 1871 966 1925 etiam
989 1871 1276 1926 vulneratis
1305 1874 1372 1940 et,
1401 1871 1539 1941 quod
1565 1871 1824 1925 crudelius
1852 1875 1947 1940 est,
1973 1873 2029 1925 in
2052 1872 2241 1926 faciem
2266 1889 2418 1927 suam

465 1969 680 2041 proprio
731 1967 1114 2036 consanguineo
1164 1968 1462 2037 interfectO,
1512 1968 1691 2022 multis
1732 1968 2059 2023 contumeliis
2099 1986 2155 2022 se
2192 1968 2415 2024 dehone-

468 2070 648 2120 stasse.
708 2063 859 2118 Unde
896 2064 1282 2118 fraternitatem
1308 2068 1454 2117 tuam
1480 2064 1835 2134 admonemuS,
1874 2069 1933 2118 ut
1958 2066 2253 2135 praefatum
2276 2064 2415 2120 Lan-

468 2161 697 2216 zelinum
735 2160 1014 2214 convenias
1054 2165 1106 2214 et
1143 2162 1278 2215 tanti
1317 2161 1525 2215 sceleris
1556 2161 2035 2232 praesumptionem
2061 2162 2215 2230 digne
2242 2179 2415 2216 emen-

469 2258 594 2311 dare
630 2257 809 2310 facias
870 2256 1019 2320 Quod
1059 2257 1269 2326 quidem
1306 2257 1608 2311 fraternitas
1644 2260 1737 2310 tua
1774 2257 1933 2310 etiam
1971 2257 2084 2311 sine
2116 2261 2414 2311 nostrarum

466 2352 763 2406 litterarum
802 2352 1155 2407 admonitione
1194 2353 1364 2407 facere
1403 2352 1689 2419 debuisset3
1731 2356 1798 2420 et,
1839 2353 1884 2406 si
1918 2353 1994 2406 ita
2019 2356 2182 2407 estut
2206 2353 2413 2423 dicitur,

467 2449 614 2519 prius
673 2448 739 2501 ad
785 2465 880 2501 nos
927 2448 1188 2517 vindictae
1235 2466 1392 2519 quam
1437 2447 1863 2519 proclamationis
1908 2449 2087 2503 venire
2133 2449 2276 2503 fama
2325 2450 2414 2504 de-

468 2544 692 2612 buisset,
742 2544 787 2597 si
824 2544 881 2596 in
918 2547 971 2597 te
1015 2544 1251 2598 fraterna
1298 2545 1488 2599 caritas
1535 2544 1751 2613 vigeret.
1819 2544 2013 2608 Quodsi
2063 2545 2177 2616 ipse
2225 2546 2415 2616 spiritu

470 2640 746 2710 superbiae
793 2639 977 2693 ductus
1027 2640 1327 2694 satisfacere
1364 2641 1707 2709 recusaverit,
1759 2641 2062 2698 canonicam
2101 2658 2256 2712 super
2295 2659 2413 2696 eum

470 2752 744 2790 censuram
784 2751 1024 2789 exercere
1062 2752 1167 2789 non
1206 2735 1431 2791 differas,
1497 2736 1637 2790 Data
1673 2736 1869 2791 Romae
1912 2740 1975 2791 17
2016 2737 2277 2792 Kalendas
2308 2738 2413 2794 De-

469 2831 709 2900 cembris,
747 2831 1030 2886 indictione
1073 2833 1157 2886 13.

468 3038 520 3099 II
554 3042 655 3100 21.
693 3044 1017 3116 Stephanum
1043 3046 1277 3099 abbatem
1295 3046 1687 3100 Bellilocensem
1715 3047 1949 3118 Roduifo
1967 3048 2007 3100 I
2024 3049 2411 3120 archiepiscopo

699 3140 994 3194 Turoueusi
1031 3142 1378 3213 obtemperare
1414 3143 1566 3197 iubet.
1630 3143 1833 3210 Quodsi
1860 3146 2201 3197 emcusationis
2228 3163 2411 3198 causas

692 3237 892 3303 habeat,
934 3238 1006 3290 acl
1041 3239 1298 3308 synodum
1335 3240 1523 3292 veniat.

619 3345 900 3415 Gregorius
949 3347 1222 3419 episcopus
1272 3365 1452 3403 servus
1502 3364 1771 3402 servorum
1816 3346 1917 3402 Dei
1965 3387 2122 3402 .....
2137 3347 2156 3378 ¹’
2208 3347 2412 3404 abbati¹

277 3418 372 3456 Νῦν·
393 3419 442 3457 15
469 3438 829 3496 Bellilocensi²
867 3442 1091 3497 salutem
1129 3447 1182 3497 et
1219 3443 1558 3514 apostolicam
1596 3442 2022 3498 benedictionem.

587 3576 620 3602 a.
653 3565 763 3603 nobis
791 3566 941 3605 addidi.
1095 3567 1132 3604 b.
1167 3569 1310 3605 lacuna
1336 3570 1373 3605 in
1401 3568 1486 3605 cod.

590 3642 630 3686 1.
656 3629 908 3700 Stephano,
1057 3646 1100 3690 2.
1132 3657 1258 3690 coen.
1279 3645 1496 3703 Belliloci,
1527 3645 1571 3689 d.
1596 3644 1887 3689 Turonensis.
