2730 4198
948 295 1205 334 norm-no
1245 296 1322 332 An
1361 295 1590 334 AmcUM
2133 279 2242 333 595

293 410 614 464 Divionense
628 406 657 476 ²,
698 411 877 464 Benzo
905 416 1177 484 episcopus
1204 412 1448 466 Albensis
1459 409 1494 478 ²,
1524 413 1764 465 Adamus
1789 413 1848 464 in
1877 408 2046 465 Gestis
2072 412 2241 464 Ham-

291 506 714 576 maburyensium
749 504 1098 578 pontificum3,
1140 512 1186 561 is
1226 511 1453 574 tandem,
1497 511 1606 578 qui,
1646 518 1768 578 post
1801 507 1922 559 illos
1961 517 2062 559 tres
2095 526 2244 577 papa

294 605 616 667 constitutus,
646 604 709 654 de
733 603 813 654 his
838 604 989 656 rebus
1017 606 1352 674 diynissimus
1365 605 1478 671 fide
1503 607 1641 656 testis
1670 615 1757 669 est,
1786 605 1901 674 ipse
1926 600 2154 654 Clemens
2182 603 2252 653 II

297 700 356 750 in
386 698 606 768 epistola
641 699 725 750 die
749 698 823 751 24
846 718 914 750 m.
941 699 1258 770 Septembris
1287 719 1336 751 a.
1360 699 1513 752 1047
1539 700 1612 750 ad
1634 699 2044 768 Bamberqenses
2071 699 2198 750 data
2208 692 2240 748 ⁴².

306 793 409 846 Ubi
443 796 518 845 sic
557 804 654 846 est:
698 795 968 865 „explosis
1008 796 1172 848 tribus
1210 795 1344 859 illis,
1390 794 1576 863 quibus
1615 795 1754 845 idem
1790 812 1977 846 nomen
2007 804 2243 863 papatus

291 892 488 960 rapina
527 891 756 955 dederat,
797 893 932 944 inter
970 901 1043 943 tot
1080 892 1295 960 aymina
1320 899 1620 941 sanctorum
1649 891 1744 958 qui
1767 890 1988 942 aderant
2005 899 2240 959 patrum,

292 988 531 1057 diynatio
581 988 807 1040 coelestis
851 989 1057 1057 qratiae
1105 995 1338 1038 nostram
1376 985 1802 1054 indiynissimam
1839 986 2245 1038 mediocritatem

291 1083 459 1136 voluit
496 1083 621 1153 eliqi
635 1079 680 1135 “.

439 1180 723 1232 Praeterea
768 1179 1078 1230 nominatim
1120 1175 1376 1247 Greqorio
1418 1176 1502 1230 VI
1540 1178 1840 1247 ademptum
1884 1177 2245 1247 pontificatum

292 1293 423 1341 esse,
473 1285 700 1327 narrant
746 1275 960 1326 annales
1009 1274 1316 1343 Auqustani
1362 1272 1507 1326 1046
1517 1268 1552 1338 ⁵,
1604 1273 1924 1326 Herimanni
1958 1273 2243 1343 Auyiensis

290 1371 506 1424 annales
555 1366 748 1435 1046⁶‚
811 1370 1076 1440 cataloqus
1126 1370 1437 1440 pontificum
1488 1365 1889 1422 Romanorum⁷.
1969 1370 2244 1423 Wazonem

292 1485 501 1537 quoque
548 1468 848 1536 episcopum
884 1466 1225 1518 Leodiensem
1263 1468 1452 1518 scimus
1491 1476 1613 1535 post
1651 1464 1921 1518 Clementis
1947 1466 2019 1518 II
2051 1467 2244 1519 obitum

293 1573 504 1616 eaeunte
542 1581 680 1614 anno
719 1562 871 1615 1047
907 1563 971 1615 ab
999 1563 1251 1616 Heinrico
1282 1562 1384 1614 III
1413 1564 1727 1632 imperatore
1747 1564 1980 1633 petiisse,
2021 1574 2081 1616 ut
2110 1561 2242 1617 Gre-

287 1662 471 1729 9orius
508 1659 592 1712 VI
631 1660 703 1710 ad
737 1669 1001 1729 papatum
1037 1668 1394 1723 revocaretur,
1441 1669 1723 1728 propterea
1762 1660 1905 1728 quod
1942 1670 2068 1711 esset
2109 1700 2134 1726 „
2154 1661 2242 1712 de-

284 1758 492 1826 positus
531 1775 565 1807 a
604 1755 790 1824 quibus
829 1773 934 1807 non
976 1748 1378 1826 oportuisset“⁸.
1440 1753 1549 1807 Sed
1586 1755 1825 1825 scrupuli
1858 1755 1996 1807 nihil
2025 1774 2244 1826 prorsus

290 1853 506 1904 retineri
541 1853 667 1903 sinit
703 1851 894 1903 Petrus
932 1852 1221 1917 Damiani‚
1260 1854 1604 1922 yravissimus
1644 1861 1841 1916 auctor,
1886 1854 1980 1921 qui
2013 1853 2072 1903 in
2111 1870 2242 1922 opu-

292 1947 427 1999 sculi
449 1946 595 1998 XIX
631 1949 800 2016 capite
828 1947 894 2000 11
908 1942 926 1968 ⁹
956 1950 1234 2000 memoriae
1259 1948 1383 2000 haec
1401 1948 1673 2018 prodidit:
1717 1947 2071 2015 „Benedictus
2090 1967 2245 2019 papa

294 2075 363 2084 ——-
391 2043 670 2114 apostolici
692 2061 746 2094 se
772 2043 1012 2096 culminis
1039 2046 1491 2097 administratione
1515 2045 1763 2114 privavit,
1805 2061 2246 2114 successoremque

291 2139 396 2192 sibi
436 2137 764 2208 Greqorium,
808 2142 902 2209 qui
942 2137 1231 2194 Gratianus
1271 2141 1554 2205 dicebatur,
1595 2142 1653 2192 in
1682 2140 1926 2192 Romana
1964 2142 2080 2192 sede
2119 2159 2241 2193 con-

289 2238 470 2289 stituit.
533 2235 710 2305 Super
748 2237 952 2306 quibus,
987 2247 1263 2306 praesente
1288 2237 1519 2289 Henrico
1559 2238 1890 2306 imperatore,
1934 2255 2049 2288 cum
2075 2238 2240 2289 disce-

409 2358 448 2402 1.
479 2357 599 2400 Mon.
623 2355 774 2401 Germ.
799 2355 878 2401 SS.
901 2357 989 2402 VII
1009 2358 1118 2402 237:
1147 2356 1282 2415 „fecit
1303 2357 1470 2414 deponi
1489 2357 1735 2402 Iohannem
1758 2356 2044 2413 (Gregorium
2060 2357 2143 2412 VI)
2165 2358 2242 2414 qui

289 2434 398 2475 tunc
418 2429 660 2474 cathedrae
681 2429 985 2487 praesidebat,
1008 2435 1054 2474 et
1074 2431 1373 2475 Benedictum
1395 2435 1530 2487 atque
1553 2429 1821 2475 Silvestrum
1836 2429 1874 2474 “.
2011 2432 2053 2475 2.
2085 2432 2137 2475 L.
2156 2431 2244 2476 VH

291 2516 329 2547 c.
353 2505 380 2548 2
412 2504 547 2558 (Mon.
571 2503 720 2548 Germ.
745 2502 824 2548 SS.
851 2504 919 2547 XI
949 2505 1074 2559 670):
1109 2505 1365 2563 „Dominus
1397 2508 1552 2549 noster
1583 2517 1783 2548 cesar—
1801 2504 1989 2561 audivit,
2022 2508 2116 2549 tres
2147 2505 2241 2549 dia-

289 2576 418 2621 bolos
450 2590 693 2633 usurpasse
723 2577 985 2621 cathedram
1010 2579 1284 2634 apostolicae
1306 2579 1536 2624 sessionis·
1584 2577 1756 2631 Quibus
1775 2578 2095 2635 praecipiendo
2116 2592 2241 2623 man·

291 2649 430 2707 davit,
462 2654 513 2694 ut
544 2649 631 2694 sibi
661 2654 948 2694 occurrerent
979 2649 1143 2695 Sutrio.
1201 2651 1292 2696 Sed
1330 2665 1422 2697 non
1452 2655 1676 2696 venerunt
1714 2652 1802 2695 nisi
1833 2651 1937 2696 duo.
1999 2652 2142 2696 Facta
2172 2656 2242 2696 est

291 2727 444 2767 autem
474 2722 538 2767 ibi
569 2723 794 2781 synodus,
833 2722 912 2767 ubi
942 2749 997 2755 —
1029 2727 1220 2780 uterque
1251 2738 1406 2770 eorum
1436 2726 1556 2769 iusto
1587 2725 1755 2769 iudicio
1786 2728 1857 2768 est
1887 2725 2238 2783 condemnatus3

288 2797 450 2841 tertius
479 2809 609 2854 ver0,
642 2797 719 2853 qui
749 2795 946 2854 aufugit,
979 2797 1278 2842 anathematis
1309 2797 1459 2842 facula
1487 2797 1752 2842 fulminatus
1766 2797 1804 2841 “.
1979 2799 2020 2842 3.
2053 2799 2104 2842 L.
2129 2799 2240 2844 VIII

290 2883 328 2915 c.
354 2871 378 2915 7
413 2870 548 2925 (Mon.
572 2869 722 2914 Germ.
747 2869 826 2915 SS.
847 2871 936 2916 VH
966 2871 1094 2926 337):
1131 2896 1213 2928 „—-
1239 2871 1472 2928 depositis,
1505 2872 1582 2927 qui
1611 2884 1693 2927 pro
1724 2871 1974 2927 apostolica
2005 2871 2113 2916 sede
2145 2885 2239 2916 cer-

287 2947 520 2988 taverunt:
560 2943 831 3001 Benedicto‚
873 2943 1089 2988 Gratiano
1130 2948 1176 2988 et
1206 2943 1423 2989 Silvestro
1466 2945 1734 2988 scismaticis
1748 2943 1786 2988 “.
1963 2945 2007 2989 4.
2038 2946 2240 3002 Regesta

286 3021 411 3075 pont.
434 3018 564 3062 Rom.
596 3031 640 3061 n.
663 3018 793 3062 3154.
921 3018 963 3061 5.
995 3018 1114 3062 Mon.
1138 3017 1289 3062 Germ.
1313 3017 1481 3062 SS.111
1512 3019 1621 3062 126:
1656 3017 1791 3075 „Rex
1819 3017 1996 3062 Italiam
2026 3019 2237 3076 perrexit,

288 3090 554 3136 Gratianum
584 3104 750 3147 papam
782 3091 993 3147 deposuit
1007 3090 1044 3134 “.
1225 3092 1266 3135 6.
1297 3091 1417 3136 Mon.
1450 3090 1602 3136 Germ.
1635 3090 1714 3135 SS.
1740 3092 1784 3136 V
1813 3093 1921 3136 126:
1966 3093 2124 3150 „apud
2155 3092 2238 3137 Su-

285 3165 418 3209 triam
458 3164 634 3223 synodo
674 3167 776 3207 acta
808 3188 863 3195 —-—
896 3162 1160 3208 Gratianum
1199 3177 1366 3220 papam
1407 3165 1665 3209 convictum
1702 3166 1920 3222 pastorali
1958 3165 2120 3210 baculo
2149 3167 2237 3223 pri-

285 3238 413 3283 vavit
454 3238 710 3292 (Heinricus
740 3235 875 3292 III)“.
1057 3238 1097 3281 7.
1140 3250 1212 3294 ap.
1234 3238 1508 3295 Watterich,
1549 3239 1680 3283 Pont.
1712 3239 1842 3284 Rom.
1873 3239 1996 3284 vitae
2026 3240 2079 3284 T.
2102 3240 2124 3283 I
2157 3241 2236 3285 70:

289 3345 309 3367 „
325 3309 594 3367 Gregorius,
637 3311 714 3367 qui
743 3313 933 3355 vocatur
964 3309 1207 3355 Gratianus
1238 3312 1315 3368 qui
1345 3313 1482 3356 etiam
1511 3313 1658 3356 tenuit
1687 3312 2001 3369 pontificatum
2036 3339 2114 3369 —,
2155 3326 2238 3369 per

283 3384 600 3440 imperatorem
621 3385 827 3441 legaliter
847 3384 1043 3441 perdidit
1063 3385 1187 3428 illum
1201 3383 1239 3428 “.
1419 3387 1461 3430 8.
1494 3385 1700 3430 Anselmi
1721 3390 1854 3443 gesta
1874 3387 2072 3443 episcop.
2094 3385 2234 3430 Leod.

284 3469 322 3500 c.
347 3458 405 3501 65
427 3458 562 3511 (Mon.
585 3458 735 3502 Germ.
760 3457 838 3503 SS.
863 3459 950 3503 VII
971 3459 1096 3513 228);
1134 3493 1153 3516 „
1168 3459 1408 3515 Recogitet
1427 3460 1648 3504 serenitas
1668 3464 1835 3517 vestra,
1857 3473 1914 3503 ne
1934 3458 2050 3503 forte
2072 3459 2236 3502 summi

281 3528 506 3585 pontificis
537 3531 684 3588 sedes,
717 3532 911 3589 depositi
942 3545 969 3575 a
999 3531 1162 3587 quibus
1194 3544 1286 3575 non
1310 3532 1520 3589 oportuit,
1551 3533 1639 3589 ipsi
1660 3534 1877 3578 divinitus
1901 3533 1959 3576 sit
1979 3535 2232 3589 reservata3

283 3615 386 3647 cum
415 3603 468 3660 is,
500 3617 634 3660 quem
665 3605 766 3649 vice
797 3606 894 3650 eius
926 3605 1122 3649 ordinari
1140 3605 1350 3662 iussistis,
1382 3604 1623 3651 defunctus
1644 3607 1837 3651 cessisse
1857 3605 2067 3651 videatur
2087 3604 2233 3649 eidem

283 3675 432 3720 adhuc
462 3677 745 3734 superstiti“.
925 3680 967 3722 9.
1009 3678 1122 3735 Opp.
1146 3678 1218 3722 ed.
1242 3678 1485 3723 Caietanus
1515 3680 1569 3723 T.
1591 3680 1658 3724 111
1689 3681 1790 3723 220.

1778 3759 1879 3803 38*
