2730 4198
893 287 1167 327 GREGORII
1204 287 1283 324 vn
1319 283 1585 324 REGISTRI
1621 284 1678 320 vr
1706 282 1766 319 16.
2197 265 2304 317 349

363 409 603 465 affectum
641 407 813 461 sinum
851 408 1102 476 paternae
1141 402 1433 458 dilectionis
1472 400 1800 456 extendimus
1841 401 1894 453 et
1930 396 2098 450 modis
2139 395 2306 448 omni-

361 507 456 560 bus
494 504 581 575 pio
622 503 761 557 circa
796 519 891 555 nos
933 501 1098 555 amori
1135 505 1224 554 tuo
1262 500 1516 566 favemUS,
1554 497 1631 550 ita
1667 495 1841 566 plane,
1879 498 1940 547 ut
1969 496 2021 547 et
2058 496 2132 560 tu,
2174 491 2308 543 sicut

360 600 650 672 promittiS,
690 600 747 652 in
787 614 1015 652 amorem
1053 596 1196 650 Petri
1236 600 1288 649 et
1325 591 1727 647 sollicitudinem
1767 588 2148 644 ecclesiasticae
2185 586 2308 640 reli-

361 697 527 766 gionis
568 700 620 749 et
656 695 800 766 pacis
840 693 1154 748 christianae
1193 707 1398 760 semper
1437 703 1707 742 excrescas
1747 685 2065 753 dignumque
2103 687 2156 737 te
2184 699 2308 753 apo-

361 793 546 847 stolica
587 791 946 845 familiaritate
985 806 1050 843 ex
1089 785 1416 842 oboedientia
1454 782 1808 837 sincerissima
1842 780 2049 835 reddas,
2127 779 2308 848 Itaque

359 889 416 942 in
454 888 640 959 primis
678 887 951 955 negocium
989 884 1112 952 tibi,
1159 883 1222 937 de
1261 898 1362 952 quo
1400 878 1624 933 multum
1664 893 1923 945 curamuS,
1968 875 2306 943 iniungimus.

511 984 871 1054 Comperimus
911 982 1075 1048 enim,
1117 977 1254 1048 quod
1291 977 1429 1030 inter
1464 971 1630 1028 111103ι
1661 973 1944 1027 Raimundi
1977 967 2310 1040 Berengarii²³

362 1098 458 1152 per
505 1082 792 1135 vanitatem
842 1083 894 1132 et
940 1074 1264 1146 superbiam,
1315 1076 1367 1127 et
1403 1071 1634 1126 maxime
1671 1087 1767 1142 per
1806 1068 2083 1123 consilium
2120 1067 2310 1138 impio-

362 1194 497 1245 rum,
535 1176 785 1229 nimirum
824 1191 890 1228 ex
926 1171 1126 1226 invidia
1152 1169 1362 1238 diaboli,
1403 1168 1665 1222 discordia
1704 1167 1886 1220 oritur.
1944 1164 2017 1218 Et
2054 1181 2148 1233 ego
2187 1163 2309 1217 inde

363 1273 518 1326 nimis
557 1271 835 1326 contristor
871 1273 986 1322 tum
1023 1284 1119 1338 pro
1160 1282 1337 1320 amore
1375 1265 1542 1336 patris
1584 1280 1781 1332 eorum,
1823 1263 1913 1332 qui
1949 1278 2035 1315 me
2074 1261 2202 1314 satis
2244 1277 2309 1314 ex

365 1384 464 1437 quo
503 1367 752 1435 cognovit
782 1364 982 1432 dilexit,
1020 1368 1133 1418 tum
1169 1363 1346 1432 etiam,
1386 1362 1511 1431 quia
1536 1378 1694 1431 super
1719 1359 2058 1414 christianam
2084 1360 2309 1425 gentem,

363 1480 495 1533 quae
532 1463 587 1515 in
625 1460 863 1532 partibus
900 1460 1006 1514 illis
1045 1476 1236 1529 magno
1274 1459 1557 1530 impiorum
1587 1457 1996 1511 Sarracenorum
2023 1454 2139 1508 odio
2166 1453 2311 1506 labo-

359 1576 477 1612 rare
517 1558 819 1626 dinoscitur,
859 1573 1017 1626 grave
1056 1556 1222 1611 sentio
1261 1555 1554 1627 periculum
1577 1554 1868 1608 imminere.
1982 1550 2133 1604 Unde
2157 1566 2311 1620 prae-

361 1655 583 1725 cipimus
611 1654 734 1708 tibi:
762 1657 822 1707 ut
838 1684 908 1690 —
931 1653 1190 1707 adiunctis
1211 1656 1382 1707 tecum
1403 1650 1662 1719 religiosis
1681 1649 1867 1703 vicinis
1888 1647 1994 1701 tuis
2017 1646 2309 1714 abbatibuS,

361 1750 559 1805 scilicet
585 1746 947 1804 Το111611611ε63
973 1745 1301 1820 Ripollense⁴
1337 1753 1388 1802 et
1424 1747 1603 1801 Sancti
1630 1742 1916 1813 Cucufati⁵,
1959 1747 2011 1798 et
2051 1759 2309 1812 quoscun-

363 1865 462 1917 que
501 1847 630 1901 alios
668 1846 839 1900 Deum
877 1846 1121 1900 timentes
1161 1845 1376 1899 clericos
1415 1843 1499 1897 vel
1534 1843 1696 1897 laicos
1735 1841 1931 1912 poteris
1968 1840 2204 1894 invenire
2240 1869 2309 1876 ——

363 1960 546 2014 pacem
589 1943 727 1996 inter
763 1942 882 1996 illos
920 1942 1206 1996 reformare
1247 1946 1299 1995 et
1335 1956 1646 2011 componere
1685 1939 1911 1993 studeas.
1990 1935 2185 2001 Quodsi
2225 1952 2310 1988 ac-

364 2040 628 2109 quiescere
673 2039 887 2093 monitis
937 2039 1126 2092 vestris
1173 2038 1396 2091 fortasse
1445 2036 1736 2104 noluerint,
1786 2034 2007 2088 ostensis
2048 2033 2121 2086 eis
2159 2049 2311 2103 prae-

364 2136 595 2190 sentibus
642 2135 857 2205 litteris,
908 2135 975 2188 ad
1020 2134 1302 2188 tenendam
1351 2150 1438 2187 eos
1475 2137 1716 2187 treuvam
1753 2130 2110 2184 firmissimam
2147 2145 2312 2198 usque

362 2232 428 2285 ad
466 2232 869 2285 determinatum
895 2235 1101 2302 tempus
1134 2247 1199 2284 ex
1227 2228 1538 2283 auctoritate
1563 2231 1744 2281 nostra
1769 2226 2135 2294 constringite3
2174 2225 2314 2278 infra

362 2328 500 2398 quod
546 2344 641 2381 nos
688 2327 820 2382 tales
867 2327 992 2381 illuc
1041 2344 1107 2380 ex
1152 2326 1317 2380 latere
1367 2328 1546 2378 nostro
1586 2324 1805 2378 nuncios
1855 2323 2169 2391 dirigamuS,
2225 2321 2313 2391 qui

363 2440 574 2478 causam
617 2423 727 2478 litis
777 2441 958 2478 eorum
1005 2423 1082 2476 ita
1130 2422 1267 2476 iuste
1307 2420 1595 2490 diffiniant,
1646 2424 1706 2474 ut
1742 2437 1847 2474 non
1889 2436 1945 2473 se
1984 2419 2051 2472 ad
2088 2418 2314 2486 gratiam

365 2519 580 2574 alicuius
626 2537 722 2574 1166
767 2520 936 2591 pretio
985 2535 1082 2573 nec
1118 2519 1298 2573 favore
1336 2516 1628 2572 deflectant.
1687 2516 1851 2571 Porro
1889 2515 1988 2569 hoc
2024 2515 2128 2568 illis
2157 2514 2313 2568 debes

363 2615 582 2669 firmiter
617 2616 903 2670 inculcare:
955 2616 1077 2684 quia
1116 2645 1184 2652 —
1225 2615 1271 2668 si
1308 2614 1463 2668 nobis
1511 2613 1903 2668 inoboedientes
1954 2611 2225 2666 extiterint
2263 2615 2316 2665 et

363 2711 419 2765 in
465 2711 696 2766 fraterno
744 2712 861 2765 odio
908 2728 1179 2766 remanere
1229 2711 1435 2765 diabolo
1479 2711 1767 2779 instigante
1804 2709 2086 2763 maluerint
2124 2739 2194 2745 —
2234 2707 2314 2760 illi

365 2806 598 2877 quidem,
648 2824 712 2861 ex
751 2808 897 2861 cuius
936 2807 1091 2878 culpa
1127 2806 1211 2861 vel
1249 2807 1494 2877 superbia
1531 2824 1638 2878 pax
1675 2807 1781 2860 ista
1816 2805 2155 2872 remanserit,
2196 2821 2314 2871 gra-

363 2904 492 2958 tiam
533 2904 700 2957 sancti
725 2903 870 2957 Petri
909 2904 1229 2959 auferemus⁰
1259 2920 1481 2973 eumque
1522 2904 1657 2957 sicut
1694 2902 1989 2957 membrum
2029 2900 2222 2954 diaboli
2262 2904 2315 2954 et

364 3000 712 3054 desolatorem
761 3000 1077 3053 christianae
1125 2998 1393 3067 religionis
1433 3016 1553 3054 cum
1592 2999 1833 3053 omnibus
1872 2996 2164 3051 fautoribus
2205 2996 2313 3050 suis

362 3096 726 3151 festinabimus
767 3113 798 3149 a
836 3094 1199 3150 communione
1237 3095 1551 3149 christianae
1588 3096 1852 3149 societatis
1880 3093 2200 3161 abscindere,
2239 3092 2315 3145 ita

363 3197 423 3247 ut
459 3192 659 3246 nullam
699 3193 942 3263 deinceps
979 3190 1256 3245 victoriam
1289 3191 1346 3243 in
1370 3190 1524 3259 bello,
1562 3190 1762 3244 nullam
1787 3189 2193 3261 prosperitatem
2220 3188 2314 3241 ha-

364 3289 487 3344 bere
523 3289 692 3360 possit
723 3289 781 3343 in
807 3288 1037 3370 saecu103
1079 3287 1232 3342 alteri
1256 3304 1397 3356 vero,
1439 3287 1530 3355 qui
1554 3287 1824 3340 humiliter
1848 3285 1967 3357 paci
1994 3284 2316 3338 consenserit

485 3411 518 3437 a.
554 3399 756 3438 auferimus
785 3401 870 3438 cod.

484 3465 525 3507 1.
556 3463 860 3508 Raimundum
879 3462 1204 3519 Berengarium
1224 3461 1269 3505 H
1299 3464 1346 3506 et
1364 3460 1691 3517 Berengarium
1712 3459 2017 3505 Raimundum
2036 3459 2094 3516 H,
2125 3458 2316 3503 comites

366 3535 736 3582 Barcinonenses.
895 3538 937 3582 2.
983 3537 1006 3580 Ι
1049 3535 1227 3580 comitis
1272 3534 1635 3587 Barcinonensis.
1797 3535 1838 3578 3.
1883 3532 2104 3578 Frotardo
2150 3531 2315 3577 abbate

368 3607 414 3653 S.
437 3610 587 3654 Pontii
614 3610 932 3655 Tomeriensis.
963 3610 1021 3655 V.
1043 3610 1094 3654 L.
1111 3608 1178 3655 IV
1209 3621 1278 3665 ep.
1302 3608 1359 3652 28
1391 3621 1529 3664 supra
1558 3621 1602 3664 p.
1625 3608 1714 3652 286
1744 3621 1788 3651 n.
1814 3608 1853 3651 1.
1980 3606 2024 3650 4.
2056 3619 2092 3651 s.
2114 3605 2315 3663 Rivipul-

367 3682 492 3727 leuse
523 3682 584 3740 (d.
605 3681 887 3729 Ausonensis
917 3683 964 3728 in
992 3682 1246 3740 Hispania).
1367 3681 1409 3725 5.
1442 3693 1569 3727 coen.
1592 3680 1636 3725 d.
1658 3680 2018 3725 Barcinonensis.

2339 401 2452 444 1079

2334 461 2411 498 Ian.
2431 463 2454 498 2
