2730 4198
495 253 605 307 670
974 268 1322 306 BoNrrHoNIs
1359 270 1436 305 AD
1476 269 1702 307 Amch
1739 270 1846 307 Lm.
1875 270 1954 308 vn

348 387 464 433 1076
494 380 830 438 Michaelem¹
877 390 1091 455 propter
1135 384 1394 452 Ignatium
1433 383 2066 455 Constantinopolitanum
2113 387 2430 458 episcopum,

496 479 608 533 sine
644 479 835 533 iudicio
873 497 1008 550 pape
1049 497 1080 533 a
1117 480 1238 533 sede
1275 480 1510 550 pulsum3
1554 480 1923 534 occidentalem
1949 497 2071 535 vero
2097 483 2307 536 nomine
2331 482 2433 536 Lo-

494 574 724 628 tharium
773 580 988 645 propter
1028 574 1351 629 Gualdrade⁰
1399 593 1524 630 suae
1570 577 1752 646 pelicis
1800 573 2146 630 societatem².
2300 577 2435 641 Quid

495 670 664 725 dicam
713 671 775 725 de
822 671 1070 724 Romanis
1121 670 1478 742 pontificibUS,
1529 688 1646 725 cum
1684 672 1993 726 Ambrosius
2030 671 2432 727 Mediolanensis

496 767 795 837 episcopuS,
842 767 1012 820 lilium
1060 767 1334 836 ecclesiae,
1385 766 1674 821 Maximum
1712 768 1980 822 tirannum
2018 770 2433 823 excommunica-

493 863 652 931 verit,
693 862 1141 933 Theodosiumque
1187 864 1583 934 imperatorem,
1635 863 1699 918 ab
1739 863 1955 918 ecclesia
1993 863 2294 934 expulsum,
2344 882 2434 919 ex-

494 959 969 1013 communicaverit.

639 1054 711 1108 Et
749 1055 864 1123 quis
902 1055 1007 1107 nisi
1043 1059 1218 1108 mente
1257 1059 1440 1125 captus
1477 1055 1699 1124 ignorat,
1739 1056 1938 1124 regiam
1971 1058 2286 1125 potestatem
2313 1055 2434 1110 sub-

493 1151 683 1204 iectam
722 1167 835 1204 esse
872 1149 1219 1220 pontificibus
1262 1150 1386 1214 Quis
1427 1152 1568 1205 enim
1606 1152 1798 1220 credat,
1839 1168 1894 1205 se
1934 1168 1965 1204 a
2001 1150 2224 1204 Romani
2260 1152 2433 1222 ponti-

492 1244 603 1299 ficis
643 1245 961 1299 subiectione
988 1263 1100 1300 esse
1128 1246 1372 1315 alienum,
1411 1248 1515 1300 nisi
1541 1248 1646 1317 qui,
1687 1248 1913 1318 peccatis
1953 1248 2059 1301 suis
2087 1247 2430 1316 exigentibuS‚

492 1341 549 1394 in
598 1341 774 1394 ovium
820 1337 963 1394 Iesu³
1001 1358 1218 1395 numero
1268 1359 1373 1396 non
1419 1344 1612 1397 meruit
1648 1345 1930 1398 numerari.
2084 1342 2176 1397 Set
2212 1344 2320 1397 iam
2356 1343 2435 1397 rei

493 1436 731 1490 ordinem
767 1452 1160 1507 prosequamur.

1215 1550 1442 1583 EXPLICIT
1472 1549 1709 1585 SEPTIMUS

1034 1693 1379 1757 INCIPIT
1441 1696 1487 1758 Ο
1509 1695 1886 1760 GTAVU‘S.

344 1826 460 1870 1076
639 1818 859 1887 Interea,
899 1822 1180 1889 postquam
1217 1820 1281 1874 de
1320 1820 1490 1874 banno
1530 1821 1668 1889 regis
1709 1820 1775 1874 ad
1801 1837 1951 1874 aures
1979 1821 2250 1891 personuit
2273 1820 2433 1890 vulgi,

489 1916 764 1969 universus
815 1919 993 1969 noster
1042 1914 1307 1969 Romanus
1356 1917 1494 1971 orbis
1543 1917 1870 1971 contremuit.
1947 1915 2019 1970 Et
2067 1917 2271 1972 diverse
2316 1917 2435 1971 Itali

492 2014 648 2080 atque
686 1997 1063 2064 ultramontani
1103 2029 1262 2083 super
1299 2013 1397 2066 hoc
1436 2013 1725 2067 decrevere.

336 2121 425 2169 post
637 2107 770 2160 Nam
821 2107 940 2161 Itali
996 2113 1117 2178 post
1172 2109 1368 2179 pascha
1415 2110 1555 2179 apud
1602 2109 1822 2180 Papiam
1869 2109 2146 2163 concilium
2192 2104 2435 2164 evocant*

282 2172 460 2210 Mamm
489 2203 906 2272 malignantium,
945 2204 1001 2256 in
1041 2221 1141 2273 quo
1183 2222 1361 2258 omnes
1401 2206 1598 2276 pariter
1622 2204 1955 2272 Longobardi
1995 2206 2227 2275 episcopi
2267 2209 2318 2259 et
2344 2205 2433 2259 ab·

488 2299 635 2355 bates
675 2304 884 2353 auctore
923 2299 1189 2368 GuibertO,
1229 2301 1495 2354 imitantes
1521 2301 1737 2355 Focium
1776 2306 1827 2355 et
1854 2301 2183 2369 Dioscorum,
2226 2317 2432 2354 excom-

487 2396 885 2449 municaverunt
910 2396 1158 2449 domnum
1183 2413 1376 2466 papam
1405 2397 1623 2450 senioris
1649 2395 1859 2450 Romae.
1901 2397 2047 2461 Quod
2074 2415 2105 2450 a
2129 2397 2301 2451 seculo
2327 2414 2432 2451 non

490 2495 570 2545 est
609 2491 859 2560 auditum,
899 2495 957 2544 ut
994 2496 1072 2544 tot
1109 2509 1211 2544 uno
1252 2496 1485 2562 tempore
1510 2493 1751 2545 inimicus
1788 2493 2003 2546 humani
2028 2494 2233 2561 generis
2258 2497 2432 2547 mente

490 2590 669 2657 captos
708 2591 888 2641 contra
927 2591 1160 2647 sanctam
1186 2587 1476 2640 Romanam
1506 2588 1777 2642 ecclesiam
1816 2593 2070 2642 armasset
2108 2589 2393 2659 episcopos

635 2682 778 2736 Dum
814 2683 943 2737 haec
979 2684 1035 2736 in
1074 2683 1226 2737 Italia
1264 2688 1568 2752 gererentur
1607 2683 1812 2738 diabolo
1840 2684 2106 2754 suadente,
2145 2685 2432 2739 ultramon-

379 2793 460 2832 Oct.
487 2779 600 2833 tani
637 2779 901 2849 principes
939 2779 996 2832 in
1035 2780 1190 2832 simul
1237 2777 1595 2849 conveniunt⁵,
1647 2784 1699 2834 et
1745 2780 1940 2834 salubri
1990 2781 2206 2835 concilio
2253 2786 2431 2852 partes

490 2875 767 2928 alterutras
807 2876 957 2945 quasi
993 2876 1048 2928 in
1085 2876 1276 2929 iudicio
1315 2877 1664 2930 constituunt:
1704 2876 1790 2930 utb
1830 2877 1913 2931 vel
1949 2878 2223 2947 perspicue
2251 2877 2325 2931 eis
2350 2878 2431 2930 111-

487 2974 794 3040 notesceret,
840 2976 1084 3025 utrumne
1121 2989 1261 3042 papa
1298 2989 1475 3041 regem
1513 2977 1691 3043 posset
1730 2974 2178 3027 excommunicare
2215 2989 2311 3027 nec
2347 2990 2429 3042 ne,

488 3067 597 3135 vel,
646 3071 823 3120 utrum
867 3068 1003 3121 iuste
1046 3069 1524 3122 excommunicatus
1566 3072 1704 3123 esset
1741 3069 1824 3123 vel
1861 3087 1981 3123 non.
2059 3068 2253 3137 Legem
2291 3069 2431 3122 enim

489 3179 637 3216 suam
674 3163 922 3217 nolebant
959 3164 1242 3233 destruere,
1283 3173 1412 3234 qua⁰
1435 3165 1802 3235 'perscriptum
1838 3170 1941 3219 est:
1981 3169 2056 3234 ut,
2097 3165 2141 3218 si
2167 3164 2281 3233 quis
2310 3167 2431 3218 ante

489 3275 683 3312 annum
723 3263 774 3314 et
812 3259 951 3313 diem
993 3260 1057 3314 ab
1098 3260 1631 3314 excommunicatione
1668 3278 1774 3314 non
1811 3261 1970 3315 fuerit
2009 3261 2235 3330 solutUS,
2288 3260 2430 3314 omni

606 3438 640 3465 a.
677 3427 862 3465 Gualrade
889 3443 921 3466 c.
1075 3428 1112 3466 b.
1147 3430 1190 3466 ut
1218 3429 1368 3467 addidi.
1524 3440 1556 3467 c.
1591 3427 1639 3479 qa
1667 3445 1699 3467 c.

606 3506 647 3549 1.
689 3505 746 3550 de
775 3506 1006 3551 Michaelis
1035 3507 1103 3552 111
1132 3508 1416 3564 imperatoris
1465 3508 1928 3553 excommunicatione
1959 3507 2067 3552 nihil
2098 3507 2312 3552 traditum
2344 3512 2427 3554 est.

487 3578 529 3621 2.
561 3579 617 3623 V.
643 3592 779 3635 supra
807 3594 851 3636 p.
876 3581 960 3625 617
983 3595 1027 3624 n.
1051 3582 1092 3625 1.
1213 3582 1255 3626 3.
1287 3581 1385 3626 Ioh..
1405 3582 1476 3638 21,
1501 3582 1569 3626 17.
1688 3582 1731 3625 4.
1765 3580 1831 3626 Of.
1853 3580 2028 3625 Arnulfi
2048 3586 2180 3638 gesta
2200 3581 2426 3639 archiepp.

484 3650 663 3696 Mediol.
684 3653 727 3697 V
749 3653 789 3708 7,
820 3653 936 3697 Mon.
960 3653 1110 3698 Germ.
1133 3653 1212 3698 SS.
1235 3655 1346 3700 VIII
1364 3655 1435 3699 30.
1584 3655 1626 3698 5.
1659 3653 1926 3699 Triburiam.
