2730 4198
679 856 1067 925 GREGORII
1106 855 1215 924 Vll
1264 854 1724 922 EPISTOLAE
1774 853 2274 922 COLLECTAE.

505 1134 707 1210 Ecetra
743 1159 1021 1227 reyistrum
1060 1175 1192 1227 quae
1230 1159 1507 1228 dispersim
1544 1158 1877 1208 inveniuntur
1919 1153 2166 1224 Greyorii
2191 1155 2306 1208 VII
2336 1158 2445 1227 epi-

504 1254 681 1317 stolae,
725 1271 827 1317 eas,
867 1255 1066 1305 reiectis
1104 1255 1354 1328 nimirum
1393 1253 1574 1306 litteris
1615 1252 1922 1304 adulterinis
1939 1247 1970 1316 ¹,
2011 1252 2147 1303 hunc
2183 1253 2241 1303 in
2281 1251 2448 1304 locum

506 1350 727 1400 conduci
763 1348 985 1417 placuit.
1065 1347 1204 1401 Sunt
1250 1358 1419 1400 autem
1469 1350 1611 1400 omni
1646 1366 1858 1399 numero
1899 1349 2282 1416 quinquaqinta
2319 1367 2444 1413 una,

504 1446 561 1495 in
599 1444 679 1494 his
703 1443 1013 1512 fraymenta
1051 1443 1340 1495 litterarum
1372 1451 1562 1513 septem
1601 1442 1716 1508 (22,
1745 1443 1835 1507 44,
1863 1442 1958 1507 47,
1987 1443 2076 1507 48,
2104 1443 2193 1508 49,
2217 1442 2307 1508 50,
2330 1442 2446 1508 51).

509 1538 654 1603 Quae
694 1539 901 1607 quidem
947 1548 1277 1590 monumenta
1321 1540 1565 1591 universa
1612 1541 1720 1591 iam
1770 1539 1932 1591 lucem
1969 1540 2208 1591 viderant
2239 1550 2450 1609 praeter

506 1636 623 1686 tria.
683 1633 979 1703 Epistolam
1019 1635 1154 1685 enim
1193 1634 1263 1686 19
1312 1652 1373 1685 ea
1421 1636 1592 1686 codice
1629 1635 1929 1686 Parisicnsi
1973 1635 2285 1704 descriptam
2320 1635 2452 1687 milii

503 1731 838 1799 paratissime
882 1731 1025 1781 misit
1060 1729 1358 1799 Leopoldus
1397 1729 1625 1791 Delisle,·
1675 1747 1700 1780 e
1737 1730 2068 1781 Monacensis
2106 1749 2225 1782 vero
2265 1730 2450 1783 biblio-

506 1825 676 1877 thecae
714 1827 888 1894 reqiae
926 1825 1186 1876 codicibus
1226 1827 1405 1895 excepi
1442 1825 1683 1895 epistolas
1721 1824 1758 1877 3
1797 1834 1844 1877 et
1879 1824 1931 1877 4.

654 1920 897 1973 Berolini
931 1921 1052 1973 Kal.
1081 1920 1452 1974 Decembribus
1491 1942 1540 1973 a.
1570 1920 1730 1973 1864.

517 2088 569 2144 1.
621 2089 928 2159 Lanfranco
950 2090 1338 2161 archiepiscopo
1361 2089 1726 2143 Cantuariensi
1742 2090 1936 2155 scribit,
1959 2100 2298 2143 narraturum
2315 2110 2451 2144 nun-

619 2188 748 2238 tium
795 2205 924 2252 esse,
980 2188 1074 2256 qui
1104 2187 1316 2255 factum
1367 2189 1460 2252 sit,
1510 2198 1567 2239 ut
1595 2187 1930 2257 pontificatus
1970 2188 2042 2239 ad
2077 2206 2130 2239 se
2168 2186 2454 2255 deferretur

622 2299 855 2352 quaeque
893 2284 1165 2351 anqustiae
1201 2284 1376 2352 ipsum
1411 2293 1644 2352 uryeant.
1716 2283 1920 2347 Monet,
1969 2300 2034 2333 ne
2071 2302 2105 2333 a
2145 2281 2315 2335 Scotis
2343 2301 2450 2352 pa-

620 2381 783 2431 tiatur
819 2396 1006 2430 uxores
1045 2388 1138 2430 aut
1174 2379 1342 2429 deseri
1377 2388 1468 2430 aut
1503 2379 1700 2430 vendi⁰.

307 2498 421 2541 1073
660 2486 941 2555 Gregorius
992 2486 1267 2557 episcopus
1315 2504 1494 2540 servus
1542 2504 1809 2541 servorum
1847 2487 1947 2541 Dei
1996 2487 2263 2541 carissimo
2302 2486 2454 2540 fratri

234 2555 494 2604 (1⁰¹'‘N⁰V')
511 2584 566 2636 in
606 2582 811 2636 Christo
850 2582 1143 2635 Lanfranco
1183 2582 1467 2636 venerabili
1505 2582 1903 2637 Cantuariorum
1946 2582 2332 2653 archiepiscopo
2371 2599 2455 2636 sa-

511 2679 674 2732 lutem
714 2682 765 2732 et
803 2678 1142 2748 apostolicam
1182 2678 1609 2732 benedictionem.

660 2774 893 2838 Qualiter
933 2774 1082 2828 nobis
1123 2774 1395 2844 apostolici
1419 2774 1688 2843 regiminis
1714 2775 1880 2829 honor
1907 2779 1960 2829 et
1985 2791 2113 2828 onus
2151 2773 2453 2844 impositum

515 2871 584 2923 sit
611 2874 661 2924 et
689 2870 897 2940 quantis
923 2870 1151 2939 undique
1179 2870 1497 2939 stringamur
1523 2872 1794 2940 angustiis,
1834 2871 2189 2942 praesentium
2212 2869 2309 2924 tibi
2330 2885 2453 2939 por-

514 2966 639 3020 titor
685 2966 951 3019 indicabit.
1029 2965 1125 3019 Cui
1172 2970 1412 3036 respectu
1459 2970 1581 3020 tuae
1628 2967 1919 3022 dilectionis
1977 2967 2134 3021 etiam
2185 2963 2451 3033 nonnulla,

513 3063 706 3115 nostris
743 3062 914 3115 adhuc
950 3062 1297 3116 familiaribus
1337 3062 1554 3132 occulta,
1595 3064 1911 3134 aperuimus.
2061 3062 2141 3116 De
2172 3064 2371 3114 caetero
2397 3059 2454 3112 in

514 3157 699 3227 primis
737 3157 1119 3211 fraternitatem
1157 3162 1303 3212 tuam
1340 3175 1602 3228 rogamus,
1641 3163 1700 3213 ut
1735 3159 1902 3213 Deum
1944 3175 2039 3229 pro
2078 3156 2226 3211 nobis
2263 3155 2453 3224 iugiter

631 3301 664 3326 a.
704 3290 907 3327 Ediderunt
944 3288 980 3336 1)
1009 3292 1196 3327 Baronius
1225 3292 1365 3328 Annal.
1385 3292 1592 3329 ecclesiast.
1611 3295 1754 3329 Romae
1774 3290 1886 3336 1605,
1914 3294 1954 3327 T.
1971 3291 2032 3329 XI
2056 3289 2144 3334 427,
2172 3285 2210 3334 2)
2233 3289 2334 3326 Giles
2353 3290 2454 3326 Lan-

513 3357 642 3400 franci
666 3369 750 3403 opp.
771 3358 912 3392 Oxom‘i
937 3356 1050 3401 1844,
1079 3358 1118 3393 T.
1136 3359 1157 3393 I
1182 3356 1244 3393 58.

636 3427 676 3470 1.
712 3426 836 3470 Inter
865 3439 979 3482 quas
1011 3426 1375 3471 annumerandae
1406 3431 1512 3471 sunt
1540 3431 1722 3484 propter
1751 3425 2118 3483 perscriptionem
2149 3425 2341 3468 alienam
2371 3436 2454 3468 eae

517 3498 652 3541 ctiam
693 3499 929 3556 epistolae,
969 3512 1081 3555 quas
1121 3499 1168 3543 in
1205 3500 1416 3556 Regestis
1451 3499 1715 3557 pontificum
1744 3500 2047 3544 Romanorum
2086 3511 2130 3554 p.
2152 3498 2240 3542 416
2277 3496 2453 3554 signavi

517 3572 713 3615 numeris
744 3573 860 3616 3675
890 3577 937 3616 et
966 3573 1096 3616 3676.
1153 3573 1224 3616 De
1254 3586 1324 3629 ep.
1348 3574 1463 3617 3627
1495 3572 1551 3617 cf.
1573 3573 1756 3630 Delisle‚
1786 3573 1990 3616 Examen
2021 3571 2078 3616 de
2107 3571 2245 3615 treize
2275 3570 2454 3615 chax-tes

518 3643 574 3686 de
604 3644 764 3688 l'ordre
795 3644 851 3688 de
883 3644 1161 3703 Grammont,
1194 3645 1317 3690 Caen
1348 3646 1463 3690 1854
1492 3659 1536 3702 p.
1559 3647 1602 3689 4.
