2730 4198
386 624 497 666 1079

370 682 506 729 (Febr.)

536 285 644 338 552
903 298 1178 336 GREGossn
1213 298 1293 333 vn
1331 296 1639 334 EPISTOLAE
1679 295 2022 333 coLLno'rAE.
2051 297 2115 333 26.

541 414 641 470 26.
683 416 918 485 Roduffo
968 417 1082 484 φερέ
1126 415 1304 465 scribit
1351 414 1414 464 de
1452 413 1695 464 Heinrici
1737 414 1874 482 reqis
1925 413 2264 482 Zeqationibus
2312 415 2384 466 ad
2426 433 2480 467 se

684 514 872 563 missis.
934 510 1104 562 Addit
1141 510 1204 560 de
1242 508 1473 576 eliyendo
1514 507 1902 576 archiepiscopo
1936 508 2419 577 Maydeburyemi·.

686 619 965 687 Gregorius
1016 618 1289 687 episcopus
1339 633 1518 669 servus
1568 632 1836 669 servorum
1872 615 1972 669 Dei
2008 616 2230 670 Rodulfo
2275 617 2388 684 regi
2427 621 2480 671 et

538 714 775 766 omnibus
816 730 992 767 secum
1032 713 1368 766 christianam
1406 711 1713 779 religionem
1751 710 2144 765 defendentibus
2177 711 2400 766 salutem
2427 715 2480 766 et

538 809 877 877 apostolicam
916 808 1343 861 benedictionem.

683 903 831 966 Quod
866 920 1086 970 regnum
1125 902 1578 968 Theutonicorum,
1622 901 1870 953 hactenus
1908 901 2046 954 inter
2084 902 2260 954 omnia
2296 902 2479 955 mundi

535 1015 696 1065 regna
734 998 1132 1065 nobilissimum,
1172 998 1279 1050 iam
1316 997 1467 1049 video
1505 996 1759 1049 incendiis
1799 995 2042 1049 caedibus
2083 1001 2136 1049 et
2162 996 2363 1066 rapinis
2391 997 2483 1050 de*

536 1093 731 1145 vastari
778 1092 1022 1145 confundi
1070 1096 1122 1145 et
1168 1092 1450 1159 annullari,
1501 1108 1656 1160 quam
1696 1108 1915 1158 magnus
1955 1091 2143 1144 exinde
2181 1091 2326 1145 cordi
2363 1108 2479 1146 meo

536 1178 690 1239 dolor*
733 1187 982 1254 insideat,
1036 1204 1192 1255 quam
1238 1187 1510 1239 continuus
1549 1187 1604 1239 in
1643 1187 1927 1239 visceribus
1965 1187 2096 1239 meis
2133 1203 2218 1239 me
2257 1186 2479 1254 gemitus

537 1280 755 1348 afficiat,
796 1282 945 1334 testis
987 1285 1066 1334 est
1101 1282 1190 1335 ille
1229 1282 1397 1349 soluS,
1439 1282 1527 1349 qui
1567 1281 1798 1334 omnium
1836 1281 2104 1334 hominum
2144 1282 2301 1335 corda
2338 1298 2481 1335 scru-

535 1380 675 1428 tatur
722 1380 772 1427 et
800 1375 1013 1444 probat.
1072 1375 1391 1429 Deferuntur
1430 1377 1568 1428 enim
1607 1377 1766 1430 michi
1803 1378 1910 1429 iam
1950 1377 2157 1446 saepius
2195 1376 2480 1444 legationes

534 1470 783 1537 Heinrici,
824 1486 941 1522 cum
980 1487 1075 1539 per
1113 1470 1354 1539 proprios
1393 1453 1604 1524 nuntios
1642 1475 1756 1524 tum
1791 1489 1884 1541 per
1910 1476 2154 1539 cognatos
2182 1475 2234 1525 et
2260 1472 2482 1525 aliarum

535 1569 797 1617 terrarum
846 1565 1111 1633 principes
1152 1568 1204 1616 et
1242 1563 1449 1631 affineS,
1499 1566 1654 1618 modo
1694 1583 1899 1620 omnem
1938 1567 2320 1620 oboedientiam
2357 1584 2480 1636 pro-

536 1659 806 1727 mittendO,
846 1659 999 1712 modo
1038 1675 1133 1728 per
1171 1659 1318 1711 varia
1354 1659 1565 1726 ingenia
1603 1660 1954 1727 sollicitand03
1994 1661 2050 1714 id
2090 1678 2121 1714 a
2156 1678 2240 1715 me
2277 1678 2478 1714 summo

535 1755 805 1807 conamine
852 1754 1119 1823 cupientes
1161 1752 1390 1821 efficere,
1440 1770 1539 1822 quo
1579 1772 1664 1808 me
1704 1755 1769 1807 ad
1805 1760 1983 1808 votum
2023 1773 2175 1808 suum
2214 1757 2321 1809 suis
2360 1771 2482 1826 par—

533 1849 673 1902 tibus
712 1849 923 1902 valeant
958 1849 1228 1902 inclinare.
1291 1848 1487 1901 Verum
1525 1849 1648 1918 quia
1685 1849 1807 1903 hinc
1843 1850 1964 1903 inde
2004 1855 2056 1904 et
2091 1850 2328 1904 Romana
2364 1868 2482 1919 gra-

534 1945 668 1997 vitas
720 1949 772 1997 et
820 1939 1107 2014 apostolica
1152 1945 1497 1998 mansuetudo
1545 1962 1630 1998 me
1677 1962 1772 2014 per
1810 1946 2036 1999 mediam
2074 1946 2305 1999 iustitiae
2341 1947 2480 1999 viam

533 2040 772 2093 incedere
821 2040 986 2107 cogit,
1038 2039 1277 2092 omnibus
1328 2039 1513 2108 quibus
1560 2056 1773 2110 possum
1818 2041 1987 2093 modis
2025 2041 2123 2094 hoc
2161 2045 2367 2111 oportet
2401 2042 2483 2095 in-

534 2135 763 2203 tendere,
805 2135 1061 2203 quomodo
1087 2152 1268 2188 veram
1296 2151 1326 2187 a
1350 2134 1486 2187 falsa
1508 2135 1782 2203 iustitiam,
1810 2136 2094 2205 perfectam
2123 2153 2155 2189 a
2178 2135 2300 2190 ficta
2325 2137 2480 2191 oboe-

536 2231 788 2284 dientiam
826 2230 1016 2283 iudicio
1058 2231 1225 2283 sancti
1253 2229 1480 2299 Spiritus
1518 2230 1723 2283 valeam
1762 2231 2055 2284 discernere
2085 2235 2137 2284 et
2160 2236 2275 2284 rato
2302 2232 2481 2286 ordine

538 2326 603 2378 ad
648 2325 806 2378 finem
844 2341 1008 2393 usque
1046 2325 1346 2394 perducere.
1405 2323 1548 2377 Haec
1585 2342 1708 2378 vero
1748 2329 1800 2378 et
1838 2325 1966 2393 alia,
2019 2326 2064 2378 si
2101 2327 2330 2396 propitio
2368 2326 2480 2380 Deo

539 2421 604 2472 ad
641 2437 734 2473 vos
784 2421 899 2473 sani
943 2420 1280 2489 perveniunt,
1341 2419 1501 2487 legati
1547 2419 1651 2472 mei
1697 2419 1883 2473 melius
1931 2437 2087 2489 quam
2132 2421 2230 2474 hae
2275 2421 2482 2475 litterae

538 2516 658 2568 viva
693 2532 818 2569 voce
857 2514 1273 2569 testificabuntur
1312 2518 1364 2568 et
1402 2514 1674 2568 docebunt.

684 2610 881 2663 Audivi
920 2611 1127 2679 quidem
1166 2627 1197 2663 a
1219 2609 1390 2677 legato
1418 2627 1533 2663 meo
1563 2609 1641 2678 B.,
1681 2609 2014 2679 metropolim
2041 2609 2484 2679 Magedeburgen-

539 2723 649 2758 sem
686 2706 794 2758 iam
833 2705 922 2758 diu
963 2722 1076 2759 esse
1112 2702 1410 2758 viduatam¹
1449 2709 1501 2759 et
1539 2704 1707 2758 adhuc
1733 2722 1982 2775 perversa
2013 2706 2337 2774 quorundam
2361 2723 2482 2760 con-

537 2801 787 2868 tentione,
827 2818 892 2854 ne
921 2801 1225 2871 desponsari
1251 2801 1435 2870 possit,
1475 2801 1637 2854 fuisse
1661 2801 1941 2855 turbatam.
2001 2800 2096 2855 His
2123 2802 2290 2855 modis
2317 2802 2482 2855 omni-

539 2897 635 2950 bus
684 2914 749 2950 ex
793 2900 1072 2966 praecepto
1111 2896 1211 2950 Dei
1250 2896 1622 2966 omnipotentis
1663 2900 1715 2949 et
1753 2897 1920 2950 sancti
1956 2895 2099 2950 Petri
2139 2901 2191 2950 et
2226 2914 2366 2965 me0,
2416 2914 2482 2951 110

538 2992 900 3061 praevaleant,
939 2992 1192 3058 resistite3
1236 2995 1288 3045 et
1326 2992 1509 3045 domus
1547 2991 1649 3044 Dei
1687 2992 1902 3059 dignum
1941 2991 2351 3062 dispensatorem
2388 3009 2483 3062 per

540 3087 731 3140 ostium
786 3087 1143 3155 introducere,
1206 3104 1326 3140 cum
1374 3087 1637 3141 communi
1685 3087 1915 3140 omnium
1962 3087 2325 3155 religiosorum
2372 3090 2483 3140 tam

542 3183 1050 3252 archiepiscoporum
1099 3200 1254 3251 quam
1305 3183 1668 3253 episcoporum
1705 3198 1801 3235 nec
1837 3199 1943 3235 non
1983 3182 2140 3236 etiam
2178 3182 2483 3236 clericorum

542 3282 593 3331 et
628 3278 883 3331 laicorum
922 3294 1176 3332 consensu
1215 3282 1268 3332 et
1306 3278 1557 3332 electione
1594 3282 1887 3348 procurate.
1948 3277 2143 3340 Quodsi
2168 3277 2299 3330 meis
2324 3277 2483 3332 vultis

542 3374 876 3442 adquiescere
914 3373 1144 3427 consiliis
1155 3374 1193 3443 ¹‘,
1246 3374 1399 3427 audio
1439 3374 1579 3427 enim
1616 3373 1753 3427 inter
1791 3390 1882 3427 vos
1923 3389 2034 3426 esse
2073 3372 2324 3441 quosdam
2360 3373 2485 3428 boni

657 3522 690 3547 a.
729 3511 862 3548 Edidit
887 3515 1057 3549 Pertzius
1086 3515 1121 3548 in
1150 3514 1334 3549 Brunom's
1363 3512 1459 3548 bello
1485 3513 1632 3550 Saxon.
1661 3526 1692 3547 c.
1713 3512 1809 3556 119,
1838 3513 1942 3547 Mon.
1966 3512 2085 3547 Germ.
2107 3512 2175 3549 SS.
2201 3512 2240 3548 V
2257 3511 2332 3550 378
2355 3519 2390 3548 et
2409 3512 2484 3549 379

542 3590 577 3611 n.
598 3575 659 3612 55.
814 3576 851 3613 b.
878 3580 944 3614 sic.

661 3653 701 3695 1.
733 3652 969 3698 interfecto
1000 3653 1284 3699 Werinhario
1316 3653 1653 3710 archiepiscopo
1685 3653 1728 3697 d.
1753 3655 1777 3696 7
1799 3652 1920 3708 Aug.
1945 3652 2074 3695 1078.
