2722 4172
340 416 455 459 1074

306 475 414 513 Mart.
435 478 483 514 20
543 508 553 519 .

342 1085 455 1128 1074

307 1146 414 1182 Mart.
436 1146 482 1182 21

345 3367 458 3409 1074

313 3427 421 3463 Mart.
441 3429 488 3463 22

515 280 584 334 86
1004 295 1277 334 GREGORII
1313 295 1392 331 vn
1429 293 1690 336 REGISTRI
1728 295 1748 331 1
1783 294 1959 331 66—68.

511 410 733 467 fideliter
781 412 1058 479 adiuvetiS,
1109 414 1160 465 et
1205 410 1405 465 nullam
1454 410 1501 464 ei
1548 409 1654 464 ullo
1702 410 1855 464 modo
1893 411 2186 465 molestiam
2222 411 2443 480 faciatis,

513 511 647 561 smut
672 508 896 576 gratiam
922 507 1089 560 sancti
1114 507 1257 561 Petri
1283 511 1335 561 et
1358 510 1591 560 nostram
1616 506 1807 560 habere
1831 506 2013 574 vultis3
2055 507 2284 577 alioquin
2310 507 2443 560 iram

512 608 722 658 nostrae
758 602 1143 656 malivolentiae
1181 620 1272 657 seu
1311 602 1859 662 excommunicationis
1895 603 2158 657 vinculum
2195 620 2299 657 non
2327 620 2445 657 eva-

514 699 661 754 detis,
720 699 860 752 Data
895 698 1090 752 Romae
1135 701 1199 753 13
1238 698 1498 752 Kalendas
1536 697 1753 768 Aprilis,
1792 698 2074 752 indictione
2117 701 2197 753 12.

514 870 538 931 Ῑ
573 874 673 931 67.
721 874 941 931 Giraldo
964 876 1034 928 II
1052 879 1291 947 episcopo
1322 876 1658 930 Sistarieensi
1677 878 1953 946 praecipit,
1983 888 2040 929 ut
2064 878 2300 930 ecelesiae
2320 876 2444 931 Cro-

715 975 903 1024 eeiensi
940 983 986 1025 et
1023 973 1304 1026 libertatem
1343 983 1389 1025 et
1425 973 1560 1025 bona
1599 974 1840 1042 adempta
1877 974 2076 1026 reddat.

662 1073 941 1142 Gregorius
982 1075 1254 1146 episcopus
1295 1092 1475 1129 servus
1515 1091 1782 1128 servorum
1819 1074 1919 1128 Dei
1958 1071 2199 1128 Girald0¹
2237 1074 2448 1129 Sistori-

515 1171 657 1225 censi
682 1171 924 1241 episeopo
953 1170 1172 1224 salutem
1200 1176 1251 1225 et
1277 1171 1618 1242 apostolicam
1642 1171 2070 1240 benedictionem,
2105 1172 2149 1224 si
2181 1171 2446 1225 obedierit.

659 1266 918 1320 Michahel
969 1268 1244 1338 presbyter
1300 1268 1544 1322 ecelesiae
1601 1264 1946 1320 Crosciensis2
2000 1271 2310 1336 conquestus
2371 1272 2450 1321 est

513 1363 680 1431 nobiS,
719 1367 771 1416 te
808 1363 1099 1433 praefatam
1138 1364 1426 1433 ecclesiam,
1467 1381 1623 1434 quam
1660 1364 1774 1434 ipse
1812 1364 1940 1417 iuris
1978 1364 2145 1417 sancti
2168 1362 2311 1417 Petri
2337 1381 2450 1418 esse

513 1476 619 1512 non
657 1459 880 1528 dubitaS,
919 1459 1191 1528 invasisse,
1230 1461 1368 1514 bona
1407 1460 1516 1514 eius
1556 1460 1849 1529 diripuisse,
1888 1459 2219 1530 presbyteros
2260 1464 2311 1514 et
2347 1460 2449 1514 cle-

513 1555 648 1608 ricos
688 1555 887 1625 cepisse
927 1571 986 1608 ac
1024 1556 1104 1608 vi⁸
1144 1560 1325 1609 contra
1360 1557 1439 1609 fas
1481 1560 1532 1609 et
1569 1557 1684 1610 iura
1720 1556 1893 1609 iurare
1932 1556 2258 1626 compulisse.
2318 1556 2450 1610 Cum

512 1668 635 1704 vero
674 1649 937 1704 Ananiam
976 1654 1027 1704 et
1067 1651 1343 1722 Saphiram
1391 1656 1605 1723 propter
1650 1653 1865 1723 propria
1910 1652 2070 1721 bona,
2122 1669 2252 1722 quae
2298 1652 2449 1707 beato

510 1746 665 1800 Petro
722 1747 1074 1817 promiserant
1130 1751 1182 1801 et
1237 1766 1343 1802 non
1391 1749 1667 1817 dederunt,
1725 1752 1948 1802 mortem
1991 1745 2298 1802 incurrisse³
2345 1766 2450 1803 non

510 1843 743 1912 ignoreS,
793 1861 893 1913 quo
942 1844 1195 1899 instinctu
1240 1845 1344 1898 nisi
1389 1844 1642 1898 diabolico
1689 1847 1892 1897 tantam
1940 1845 2260 1898 invasionem
2299 1863 2450 1917 prae-

513 1939 809 2009 sumpsisti,
849 1943 1051 1994 tantam
1089 1940 1457 1995 contumeliam
1493 1940 1746 2009 intulisti,
1784 1945 1990 1994 tantum
2029 1941 2359 2010 sacrilegium
2394 1943 2452 1996 in

513 2035 866 2106 apostolorum
913 2037 1207 2108 principem
1252 2038 1582 2108 perpetrasti.
1655 2036 1984 2107 Quapropter
2028 2038 2312 2108 apostolica
2355 2039 2452 2092 tibi

514 2133 821 2186 auctoritate
858 2133 1226 2204 praecipimuS,
1265 2138 1339 2203 ut,
1378 2134 1665 2204 perspectis
1690 2133 1772 2186 his
1800 2133 2049 2203 apicibUS,
2091 2133 2284 2203 absque
2311 2135 2452 2189 omni

514 2229 781 2283 occasione
828 2229 910 2283 vel
958 2229 1205 2283 dilatione
1251 2231 1573 2300 praedictam
1618 2234 1852 2283 nostram
1892 2229 2247 2283 Croseiens'em
2291 2231 2451 2284 eccle-

515 2326 647 2379 siam
687 2325 968 2395 expediens
1005 2325 1225 2379 liberam
1250 2326 1454 2395 reddas,
1494 2326 1825 2396 presbyteros
1855 2329 1906 2379 et
1941 2325 2152 2379 clericos
2190 2327 2449 2382 absolutos

504 2426 567 2489 ‘et
605 2421 781 2474 omnia
818 2438 949 2491 quae
988 2421 1109 2474 inde
1146 2421 1315 2475 tulisti
1353 2423 1452 2476 sibi
1489 2423 1753 2490 restituas,
1794 2425 1846 2474 et
1884 2438 2002 2474 cum
2037 2439 2166 2492 pace
2202 2427 2253 2476 et
2279 2424 2451 2492 quiete

514 2519 588 2572 ibi
626 2518 736 2572 Deo
785 2517 980 2571 servire
1027 2517 1121 2571 sub
1169 2518 1309 2571 beati
1345 2517 1488 2572 Petri
1538 2518 1732 2571 ditione
1770 2518 1827 2570 in
1862 2518 2081 2572 tuitione
2117 2523 2297 2572 nostra
2331 2537 2452 2590 per-

515 2615 710 2668 mittas.
783 2614 840 2667 Si
897 2618 1067 2667 autem
1121 2617 1173 2667 te
1223 2614 1450 2684 aliquam
1496 2614 1751 2668 iustitiam
1798 2614 1853 2666 in
1898 2615 2200 2684 praemissa
2236 2615 2453 2670 eeclesia

516 2711 705 2765 habere
745 2710 1039 2779 existimaS,
1088 2710 1154 2763 ad
1190 2727 1285 2764 nos
1325 2711 1425 2764 cito
1465 2727 1581 2762 eum
1619 2709 1921 2780 praelibatis
1961 2712 2220 2765 canonicis
2258 2713 2451 2766 nostris

516 2808 712 2875 venias,
751 2811 810 2860 ut
846 2806 1101 2860 iustitiam
1139 2807 1195 2859 in
1232 2806 1530 2877 praesentia
1566 2810 1746 2859 nostra
1778 2808 2015 2878 recipias,
2076 2807 2132 2861 Si
2158 2812 2331 2862 autem
2354 2809 2451 2862 hoe

516 2921 622 2957 non
656 2904 859 2972 feceris,
898 2907 950 2957 te
986 2903 1271 2974 apostolica
1297 2904 1604 2957 auctoritate
1641 2904 2192 2958 excommunicandum
2226 2905 2448 2959 noveris,

516 3000 655 3053 Data
691 2999 887 3053 Romae
931 3001 996 3052 12
1035 2999 1295 3053 Kalendas
1333 2999 1549 3069 Aprilis,
1589 2999 1871 3053 indictione
1915 3002 1995 3054 12.

517 3157 540 3216 I
577 3160 676 3218 68.
718 3162 958 3215 Froterio
1010 3156 1081 3214 II
1128 3165 1366 3232 episeopo
1413 3162 1761 3215 Nemausensi
1806 3165 2091 3233 praecipit,
2150 3172 2209 3214 ut
2267 3181 2452 3216 veoeare

718 3253 1088 3304 monasterium
1128 3251 1186 3305 S.
1214 3251 1432 3321 Aeyidii
1468 3253 1684 3304 desinat.

665 3352 945 3422 Gregorius
985 3354 1257 3424 episcopus
1297 3371 1474 3407 servus
1516 3370 1782 3407 servorum
1815 3353 1915 3406 Dei
1938 3352 1979 3405 F
1982 3350 2202 3406 roterio⁴=
2226 3353 2450 3408 Nemau-

521 3449 658 3501 sensi
682 3450 738 3502 in
762 3449 1038 3503 Provincia
1064 3450 1306 3520 episcopo
1334 3450 1555 3504 salutem
1585 3454 1636 3503 et
1662 3448 1997 3519 apostolicam
2022 3448 2447 3504 benedictionem.

637 3562 669 3587 a.
702 3551 773 3588 tibi
799 3553 984 3590 excidisse
1009 3554 1163 3590 videtur.

639 3615 678 3657 1.
709 3615 766 3658 H.
886 3617 927 3659 2.
961 3616 1103 3673 Ornis,
1127 3630 1154 3660 a
1174 3615 1387 3661 Sistarico
1406 3616 1523 3660 inter
1543 3614 1773 3659 meridiem
1793 3617 1840 3659 et
1859 3615 2153 3659 occidentem.
2273 3618 2314 3661 3.
2344 3617 2449 3662 Aet.

522 3687 562 3744 5,
596 3687 620 3730 1
634 3712 687 3717 —
701 3688 770 3731 10.
889 3688 933 3732 4.
963 3689 1020 3732 Π.
