2722 4172
347 392 461 437 1074

327 452 408 491 Oct.
427 455 475 492 28
536 484 545 495 .

512 258 612 310 128
1049 271 1323 310 GREGORII
1359 273 1438 309 vn
1475 271 1739 310 REGISTRI
1774 273 1818 310 11
1845 274 1905 310 13.

506 392 642 442 sunt.
702 388 839 452 Quas
888 389 1096 458 quidem
1142 388 1306 441 multo
1355 387 1627 456 benignius
1667 405 1851 442 manus
1889 394 2069 444 nostra
2106 391 2436 460 suscepisset,

506 502 551 538 Sl
607 489 698 538 tua
743 485 952 538 incauta
999 484 1223 538 conditio
1273 501 1376 538 non
1425 483 1551 537 adeo
1600 482 1809 537 beatum
1859 484 2069 539 Petrum
2121 486 2434 544 offendisset.

503 580 654 649 Nam,
696 581 854 634 sicut⁶
895 597 926 633 a
962 580 1244 634 maioribus
1282 580 1484 650 patriae
1521 583 1641 633 tuae
1681 597 1987 648 cognoscere
2014 586 2178 652 poteS,
2217 600 2436 652 regnum

503 676 760 744 Ungariae
800 680 1007 730 sanctae
1045 676 1307 730 Romanae
1348 675 1591 730 ecclesiae
1630 676 1901 746 proprium
1939 682 2041 746 est,
2093 696 2123 732 a
2159 696 2280 747 rege
2321 679 2435 733 Ste-

502 769 701 842 phano¹
741 772 864 825 olim
902 772 1052 826 beato
1091 772 1246 826 Petro
1288 789 1404 826 cum
1445 772 1587 825 omni
1625 771 1738 825 iure
1777 776 1829 825 et
1865 777 2122 842 potestate
2160 792 2254 829 sua
2293 775 2434 829 obla-

500 872 614 921 tum
661 873 712 922 et
760 869 941 922 devote
990 867 1284 923 traditum2.
1352 868 1630 922 Praeterea
1668 865 1953 921 Henricus³
1990 869 2109 940 piae
2152 872 2433 926 memoriae

499 964 808 1034 imperator,
861 964 925 1017 ad
971 963 1219 1018 honorem
1268 965 1434 1018 sancti
1480 964 1624 1018 Petri
1669 982 1887 1033 regnum
1934 965 2065 1018 illud
2112 983 2431 1037 expugnans,

501 1059 664 1114 victob
702 1058 849 1129 rege⁴
888 1065 940 1114 et
984 1061 1123 1114 facta
1170 1061 1386 1114 victoria
1398 1058 1431 1130 ⁵,
1483 1061 1549 1114 ad
1587 1078 1772 1132 corpus
1812 1061 1951 1115 beati
1987 1060 2130 1115 Petri
2167 1059 2432 1116 lanceam⁶

498 1166 871 1225 coronamque⁶
909 1157 1224 1223 transmisit3
1277 1161 1328 1210 et
1365 1174 1459 1227 pro
1499 1157 1666 1225 gloria
1710 1158 1964 1228 triumphi
2003 1159 2083 1211 sui
2124 1158 2249 1211 illuc
2285 1159 2433 1227 regni

498 1253 689 1306 direxit
725 1253 966 1321 insignia,
1007 1270 1106 1322 quo
1145 1253 1499 1323 principatum
1538 1254 1806 1322 dignitatis
1847 1255 1956 1308 eius
1997 1255 2216 1307 attinere
2245 1271 2432 1322 cogno-

495 1349 585 1402 vit.
648 1348 788 1413 Quae
835 1366 952 1403 cum
990 1350 1066 1402 ita
1105 1350 1234 1418 sint,
1285 1354 1343 1402 tu
1381 1353 1581 1419 tamen,
1631 1350 1716 1403 ind
1756 1351 1940 1404 ceteris
1980 1368 2182 1420 quoque
2221 1368 2252 1404 a
2287 1351 2433 1419 regia

495 1445 686 1499 virtute
725 1449 777 1499 et
813 1446 1043 1499 moribus
1080 1445 1232 1513 longe
1273 1446 1557 1514 discedenS,
1595 1447 1676 1500 ius
1718 1451 1770 1500 et
1803 1447 2050 1500 honorem
2079 1447 2244 1500 sancti
2268 1446 2429 1515 Petri,

497 1545 747 1610 quantum
787 1541 853 1594 ad
876 1545 944 1608 te,
983 1540 1294 1595 imminuisti
1321 1546 1397 1596 et⁶
1426 1542 1682 1611 alienasti,
1723 1543 1846 1596 dum
1873 1544 1982 1597 eius
2008 1561 2225 1611 regnum
2254 1561 2283 1596 a
2307 1560 2429 1611 rege

495 1632 923 1691 Teutonicorum⁷
948 1637 1002 1689 in
1029 1636 1352 1706 beneficium,
1394 1639 1528 1691 sicut
1558 1639 1867 1708 audivimuS,
1908 1638 2222 1710 suscepistis.
2283 1638 2430 1703 Quod

494 1734 538 1786 si
575 1738 756 1787 verUm
796 1737 889 1802 est,
931 1733 1152 1802 qualiter
1190 1734 1411 1801 gratiam
1452 1734 1591 1788 beati
1629 1734 1772 1788 Petri
1811 1739 1900 1788 aut
1936 1740 2170 1789 nostram
2206 1735 2428 1789 benevo-

490 1830 706 1883 lentiam
745 1846 956 1900 sperare
995 1829 1200 1896 debeaS,
1247 1834 1306 1883 tu
1341 1831 1471 1900 ipse,
1512 1832 1557 1884 si
1593 1831 1848 1884 iustitiam
1886 1833 1964 1885 vis
2003 1832 2285 1900 attendere,
2322 1848 2428 1884 non

489 1925 723 1993 ignoras:
764 1925 1005 1979 videlicet
1041 1930 1093 1979 te
1132 1943 1236 1979 non
1276 1926 1425 1980 aliter
1465 1944 1580 1981 eam
1618 1927 1917 1981 habiturum
1955 1945 2050 1982 nec
2083 1920 2194 1981 sine
2221 1931 2428 1998 aposto-

488 2021 591 2075 lica
639 2022 1086 2075 animadversione
1125 2023 1215 2075 diu
1251 2027 1614 2092 regnaturum,
1664 2024 1767 2077 nisi
1806 2028 2069 2095 sceptrum
2105 2025 2253 2092 regni
2291 2024 2428 2093 quod

488 2122 658 2186 tenes,
709 2122 938 2172 correcto
980 2136 1153 2172 errore
1192 2123 1306 2188 tu0,
1361 2119 1691 2190 apostolicae,
1731 2129 1866 2173 nong
1902 2121 2099 2189 regiae,
2139 2121 2427 2175 maiestatis

487 2213 793 2269 beneficium
829 2232 1183 2283 recognoscas.
1249 2216 1429 2286 Neque
1469 2216 1608 2270 enim
1645 2233 1739 2269 nos
1778 2218 1964 2270 timore
2002 2217 2085 2270 vel
2123 2234 2297 2270 amore
2336 2221 2426 2270 aut

489 2311 663 2380 aliqua
699 2311 963 2382 personali
1002 2313 1323 2382 acceptione,
1365 2316 1615 2381 quantum
1653 2312 1763 2365 Deo
1805 2313 2081 2366 adiuvante
2117 2313 2421 2382 poterimus,

488 2408 721 2461 debitum
767 2407 1018 2461 honorem
1063 2408 1197 2476 eiUS,
1250 2409 1394 2462 cuius
1434 2409 1571 2462 servi
1609 2425 1811 2476 sumuS,
1862 2409 2228 2477 inrequisitum
2265 2409 2422 2462 relin-

488 2521 720 2574 quemus.
792 2504 1008 2573 Verum,
1061 2505 1106 2557 si
1152 2504 1278 2558 haec
1328 2504 1601 2558 emendare
1651 2509 1702 2558 et
1747 2506 1910 2558 vitam
1959 2509 2102 2558 tuam
2147 2509 2206 2558 ut
2246 2522 2422 2573 regem

488 2601 633 2654 decet
669 2601 941 2654 instituere
977 2604 1029 2654 et
1053 2600 1164 2653 Deo
1201 2601 1481 2654 miserante
1508 2601 1762 2655 adornare
1786 2602 2030 2670 volueriS,
2059 2601 2241 2672 procul
2267 2601 2420 2656 dubio

486 2697 814 2751 dilectionem
852 2701 1060 2750 sanctae
1098 2696 1362 2750 Romanae
1402 2697 1646 2751 ecclesiae
1686 2698 1848 2751 sicuth
1886 2698 2067 2751 matris
2109 2697 2324 2751 dilectus
2360 2696 2420 2750 fi-

484 2793 585 2847 lius
627 2798 678 2847 et
714 2797 948 2846 nostram
986 2794 1041 2846 in
1069 2793 1273 2847 Christo
1314 2794 1596 2847 amicitiam
1622 2794 1775 2865 plene
1800 2794 1990 2848 habere
2015 2795 2226 2864 poteris.
2283 2793 2420 2847 Data

483 2889 678 2943 Romae
716 2891 749 2943 5
788 2889 1048 2943 Kalendas
1087 2890 1412 2959 NovembriS,
1452 2891 1733 2945 indictione
1780 2893 1859 2945 13.

598 3034 629 3060 a.
659 3023 756 3060 Sicut
787 3042 827 3047 —
857 3022 966 3071 plene
993 3022 1129 3060 habere
1156 3024 1324 3073 leguntur
1350 3026 1460 3060 eiiam
1496 3022 1533 3071 2)
1555 3039 1615 3072 ap.
1637 3024 1846 3061 Deusdedit
1873 3021 2029 3073 (Borgia
2057 3025 2171 3059 Breve
2197 3023 2327 3058 istoria
2355 3021 2416 3058 del

486 3090 649 3127 dominio
677 3099 795 3138 temp„
822 3091 992 3137 Append.
1016 3104 1057 3137 p.
1078 3087 1155 3136 14).
1258 3090 1294 3126 b.
1322 3090 1479 3127 victoria
1506 3090 1643 3138 adepta
1670 3093 1692 3127 2
1717 3104 1786 3138 pro
1812 3090 1912 3126 victo
1943 3108 1983 3112 --
2006 3088 2172 3125 victoria.
2277 3098 2309 3123 c.
2335 3086 2414 3123 lan-

484 3166 587 3192 ceam
622 3158 658 3193 et
691 3167 864 3193 coronam
901 3156 980 3192 eius
1017 3157 1051 3192 2.
1208 3155 1244 3192 d.
1278 3156 1318 3192 in
1350 3176 1390 3180 —
1422 3156 1619 3193 discedens
1658 3170 1724 3192 om.
1749 3158 1783 3193 2.
1939 3166 1970 3191 e.
2006 3155 2043 3190 et
2077 3153 2249 3190 alienasti
2282 3167 2349 3189 om.
2379 3154 2414 3189 2.

482 3221 508 3259 f.
536 3223 714 3270 accepisti
741 3223 777 3259 2.
932 3232 964 3268 g.
994 3223 1118 3258 autem
1147 3222 1257 3258 addit
1285 3224 1319 3258 2.
1473 3222 1510 3258 h.
1541 3223 1637 3259 sicut
1665 3221 1930 3258 dilectissimus
1957 3219 2056 3256 filius
2086 3221 2120 3255 2.

601 3316 640 3359 1.
672 3315 707 3358 Ι.
850 3316 890 3359 2.
923 3315 979 3358 de
1011 3328 1100 3371 qua
1124 3328 1172 3359 re
1204 3313 1260 3359 cf.
1283 3315 1511 3372 Biidinger
1532 3313 1822 3360 Oesterreich.
1845 3312 2111 3357 Geschichte
2141 3312 2163 3355 I
2192 3312 2278 3355 402
2309 3326 2352 3356 n.
2372 3314 2411 3356 1.

483 3388 524 3430 3.
555 3387 635 3431 III.
762 3388 804 3431 4.
846 3388 1012 3433 Ovone.
1141 3389 1182 3433 5.
1224 3401 1342 3433 anno
1375 3389 1502 3433 1044.
1637 3390 1678 3432 6.
1719 3387 1775 3431 de
1804 3387 1962 3430 lancea
1991 3384 2047 3429 cf.
2069 3384 2244 3429 Arnulfi
2274 3385 2413 3429 Gesta

484 3460 706 3517 archiepp.
724 3461 1122 3506 Mediolanensium
1142 3462 1209 3506 III
1229 3463 1269 3518 6,
1291 3463 1409 3507 Mon.
1428 3462 1577 3507 Germ.
1596 3460 1673 3506 SS.
1691 3461 1798 3506 VIII
1820 3461 1887 3517 18,
1910 3463 1955 3504 et
1970 3458 2267 3503 Bonithonem
2281 3458 2410 3503 infra.

483 3534 523 3577 7.
555 3534 763 3578 Heinrico
793 3535 872 3580 IV.
