2722 4172
318 691 433 734 1074

301 750 380 788 Oct.
400 753 448 789 26

315 3099 430 3142 1074

298 3159 377 3196 Oct.
398 3161 445 3197 26

486 256 586 308 126
975 271 1248 310 GREGORII
1284 271 1363 307 vn
1399 269 1662 309 REGIsTm
1698 271 1741 307 11
1767 272 1828 308 11.
1857 272 1917 308 12.

478 380 528 442 Π
566 387 662 443 11.
692 389 962 443 Albertum
1024 392 1254 443 comitem
1301 388 1772 441 Ballenstedensem
1823 401 1869 443 et
1913 390 2253 443 Adelheidam
2299 392 2406 442 eius

697 505 908 539 uxorem
946 487 1197 551 hortatur,
1238 496 1296 538 ut
1332 486 1395 537 de
1432 485 1779 537 sacerdotibus
1818 488 2113 539 simoniacis
2153 497 2200 540 et
2221 486 2406 556 forni-

699 582 931 635 cantibus
963 593 1246 652 praecepta
1284 581 1571 652 apostolica
1609 582 1913 635 observent&

625 682 902 762 Gregorius
949 684 1220 754 episcopus
1260 701 1438 737 servus
1479 700 1745 737 servorum
1782 683 1882 737 Dei
1918 684 2164 738 Albertob
2204 681 2408 738 comiti¹

479 783 530 832 et
569 780 678 833 eius
716 776 895 832 uxori²
935 779 1155 834 salutem
1195 784 1246 834 et
1285 780 1622 850 apostolicam
1660 780 2085 834 benedictionem.

626 875 832 929 Gratias
871 876 981 930 Deo
1019 877 1308 945 referimUS,
1350 877 1486 946 quod
1522 876 1634 929 vel⁰
1673 876 1793 929 laici
1832 881 1883 930 et
1919 876 2161 930 mulieres
2202 877 2267 930 ad
2300 877 2406 930 Do-

476 971 676 1025 minum
722 977 920 1026 mentes
969 973 1175 1040 erigunt
1223 978 1275 1026 et
1322 973 1516 1025 cultum
1565 972 1827 1040 religionis
1875 972 2097 1026 libenter
2141 972 2408 1026 intellectu

477 1068 688 1138 capiunt
732 1073 783 1122 et
820 1072 995 1122 tenere
1034 1069 1363 1123 contendunt.
1430 1068 1564 1122 Nam
1603 1069 1703 1137 illi,
1757 1069 1844 1138 qui
1883 1072 2096 1139 propter
2132 1068 2407 1122 lucrandas

478 1164 676 1217 animas
716 1165 945 1235 episcopi
981 1166 1152 1218 vocati
1191 1169 1242 1218 et
1280 1165 1547 1218 constituti
1588 1169 1708 1218 sunt
1746 1170 1797 1218 et
1835 1165 2066 1218 subditos
2107 1182 2225 1218 suos
2250 1165 2407 1218 verbo

477 1264 529 1313 et
577 1261 813 1331 exemplo
851 1262 987 1315 viam
1028 1261 1261 1315 veritatis
1308 1261 1490 1315 docere
1530 1262 1801 1330 deberent,
1850 1262 1929 1314 his
1969 1261 2288 1331 temporibus
2329 1277 2408 1314 se-

476 1355 617 1409 ducti
656 1374 686 1409 a
724 1357 926 1411 diabolo
972 1375 1076 1411 non
1125 1358 1293 1410 solum
1338 1357 1515 1425 legem
1545 1357 1643 1411 Dei
1692 1358 1935 1411 deserunt
1974 1358 2064 1411 sed
2100 1358 2407 1428 impugnare

477 1457 528 1506 et
565 1454 702 1506 omni
743 1457 929 1506 conatu
968 1454 1266 1507 subvertere
1303 1470 1407 1506 non
1445 1454 1717 1507 desistunt.
1774 1454 1882 1518 Quo
1914 1455 2085 1507 minus
2112 1454 2407 1506 mirandum

476 1552 577 1617 est,
626 1549 671 1601 si
707 1549 811 1619 ipsi
847 1550 1118 1603 inferiores
1158 1550 1364 1604 ordines
1405 1568 1435 1604 a
1474 1551 1658 1604 delicto
1697 1568 1801 1603 non
1838 1551 2138 1628 prohibent,
2189 1566 2402 1618 quorum

477 1649 566 1698 aut
605 1645 860 1698 ordinatio
898 1646 998 1699 fuit
1027 1646 1290 1699 haeretica
1317 1650 1406 1699 aut
1431 1647 1540 1700 vita
1579 1648 1719 1699 omni
1755 1647 2087 1699 immunditia
2125 1650 2175 1699 et
2210 1647 2406 1699 facino-

473 1741 615 1794 ribus
655 1745 922 1811 cooperta3
964 1743 1068 1811 qui,
1109 1743 1233 1795 dum
1270 1743 1326 1795 in
1364 1747 1527 1796 semet
1562 1743 1691 1813 ipsis
1719 1743 1931 1812 propria
1957 1743 2151 1796 scelera
2175 1759 2271 1795 nec
2295 1759 2406 1795 cor-

472 1837 650 1905 rigunt
686 1854 782 1891 nec
820 1838 1109 1907 attendunt,
1151 1838 1476 1891 subditorum
1515 1856 1716 1908 quoque
1756 1839 1974 1892 crimina
2013 1842 2103 1916 aut
2128 1855 2221 1908 per
2244 1838 2407 1906 negli-

473 1934 699 2002 gentiam
751 1938 841 1987 aut
886 1934 1071 1988 timore
1118 1935 1383 2005 propriae·
1411 1936 1754 1989 conscientiae
1802 1939 2027 2005 portant.
2095 1935 2174 1988 De
2222 1935 2407 2004 quibus

473 2035 610 2084 recte
640 2048 735 2101 per
761 2030 1071 2100 prophetam
1098 2031 1309 2085 dicitur:
1356 2033 1705 2086 Obscurentur
1732 2034 1869 2085 oculi
1893 2052 2066 2084 eorum
2090 2051 2154 2084 ne
2179 2034 2403 2098 videant,

475 2139 521 2181 et
568 2130 780 2181 dorsum
826 2147 999 2180 eorum
1045 2147 1243 2199 semper
1290 2126 1550 2182 ineurvff.
1629 2128 1981 2198 Quapropter,
2040 2128 2284 2196 quicquid
2329 2127 2406 2181 illi

474 2227 655 2277 contra
699 2241 792 2276 vos
840 2223 999 2276 immo
1048 2228 1229 2277 contra
1273 2225 1529 2277 iustitiam
1575 2225 1807 2292 garriant
1855 2228 1906 2277 et
1950 2241 2044 2294 pro
2085 2224 2407 2276 defendenda

473 2320 707 2389 nequitia
746 2334 840 2372 sua
876 2319 1041 2387 vobis⁷
1083 2320 1170 2388 qui
1208 2320 1481 2374 inlitterati
1521 2321 1661 2387 estis⁷
1703 2320 1942 2387 obiciant,
1983 2336 2073 2372 vos
2099 2320 2154 2371 in
2179 2320 2405 2389 puritate

476 2420 527 2470 et
573 2416 866 2469 constantia
910 2414 1032 2468 fidei
1078 2420 1283 2470 vestrae
1329 2421 1721 2487 permanenteS‚
1774 2432 1904 2484 quae
1952 2416 2013 2468 de
2060 2416 2315 2485 episcopis
2355 2420 2407 2469 et

475 2511 826 2566 sacerdotibus
867 2511 1162 2565 simoniacis
1203 2516 1292 2565 aut
1328 2513 1384 2565 in
1419 2513 1761 2566 fornicatione
1790 2511 2075 2565 iacentibus
2109 2512 2171 2565 ab
2199 2515 2405 2581 aposto-

473 2608 575 2662 lica
622 2608 742 2662 sede
793 2608 1089 2678 accepistiS‚
1139 2607 1357 2662 firmiter
1405 2608 1597 2662 credite
1636 2613 1687 2661 et
1722 2612 1908 2662 tenete.
1965 2607 2104 2661 Data
2138 2608 2332 2662 Romae
2383 2624 2395 2662 A

474 2704 733 2759 Kalendas
771 2704 1096 2772 NovembriS‚
1134 2704 1415 2757 indictione
1460 2707 1539 2758 13.

474 2876 525 2938 H
561 2881 657 2938 12.
692 2883 1061 2935 Bure-karolum
1100 2885 1398 2953 episcopum
1436 2882 1927 2948 Halberstatensem‚
1978 2885 2039 2935 de
2079 2883 2258 2952 Zeqatis
2296 2884 2402 2934 suis

692 2982 750 3032 in
787 2998 944 3050 regno
982 2979 1074 3031 illo
1102 2998 1299 3049 parum
1325 2980 1599 3046 honorifice
1625 2982 1871 3050 susceptis
1898 2981 2161 3043 dolentem,
2205 2979 2399 3030 laudat.

622 3082 901 3151 Gregorius
950 3081 1221 3151 episcopus
1270 3098 1447 3135 servus
1497 3099 1763 3135 servorum
1810 3082 1909 3135 Dei
1945 3076 2271 3134 Burchardo⁴
2309 3079 2401 3132 Al-

475 3180 745 3234 bistetensi
783 3180 1023 3250 episcopo
1065 3177 1283 3231 salutem
1323 3182 1373 3231 et
1412 3179 1749 3248 apostolicam
1784 3178 2206 3231 benedictionem.

622 3276 863 3330 Ostendis
902 3275 1079 3343 frater,
1119 3278 1171 3328 te
1211 3278 1443 3328 sanctam
1467 3275 1756 3328 Romanam
1794 3274 2060 3327 ecclesiam
2098 3273 2295 3325 sincero
2328 3273 2403 3325 af-

590 3398 622 3424 a.
658 3389 810 3437 Legitur
844 3389 954 3423 etiam
991 3383 1028 3432 2)
1058 3400 1119 3433 ap.
1149 3387 1311 3423 Paulum
1347 3386 1535 3430 Berm·id.‚
1574 3389 1681 3422 Pont.
1713 3388 1818 3422 Rom.
1844 3387 1908 3421 vit.
1934 3385 1991 3419 ed.
2021 3384 2226 3420 Walterich
2263 3386 2285 3420 I
2315 3384 2402 3421 495.

474 3452 510 3490 b.
548 3452 684 3489 dilecto
711 3453 751 3490 in
779 3452 926 3491 Christo
952 3452 1031 3489 filio
1060 3453 1097 3489 et
1122 3451 1356 3489 nobilissimo
1386 3453 1513 3489 comiti
1538 3451 1740 3488 Adalberto
1770 3452 1804 3486 2.
1959 3460 1990 3485 c,
2027 3450 2064 3486 et
2090 3451 2125 3485 2.

593 3525 632 3567 1.
675 3524 826 3568 comiti
847 3524 1010 3567 seniori
1030 3523 1086 3567 de
1106 3523 1382 3567 Ballenstide
1403 3525 1506 3578 (avo
1527 3522 1701 3567 Alberti
1723 3521 1854 3577 Ursi),
1878 3524 1930 3564 ut
1950 3533 2007 3564 ex
2028 3533 2081 3564 eo
2100 3521 2251 3577 liquet,
2283 3520 2404 3577 quod

474 3596 586 3640 haec
618 3598 807 3653 epistola
837 3610 937 3640 cum
967 3597 1021 3640 iis
1053 3609 1167 3652 quae
1189 3601 1435 3653 sequuntur
1455 3596 1514 3640 ad
1534 3597 1792 3652 episcopum
1813 3593 2226 3638 Halberstatensem
2244 3595 2403 3639 litteris

476 3670 634 3715 eodem
666 3670 738 3714 die
769 3670 876 3714 data
905 3674 988 3714 est.
1137 3672 1178 3714 2.
1217 3669 1509 3714 Adelheidae.
1656 3669 1697 3712 3.
1735 3669 1808 3711 Ps.
1832 3669 1901 3724 68,
1924 3668 1993 3711 24.
2141 3668 2183 3711 4.
2223 3668 2280 3712 Π.
