2722 4172
759 276 1032 316 GREGORII
1067 278 1147 315 vn
1182 276 1444 316 Rncus‘rm
1480 275 1523 314 11
1547 274 1609 313 41.
1633 273 1696 313 42.
2088 253 2191 311 155

411 392 495 447 Ex
539 410 638 463 quo
678 394 947 448 ecclesiam
985 398 1213 449 vestram
1250 399 1459 466 pastore
1497 396 1762 449 viduatam
1800 410 1913 448 esse
1951 391 2192 461 cognovi·-
2220 393 2339 492 113172

265 506 398 558 mus,
435 488 602 542 multa
636 507 730 560 pro
769 491 915 545 vobis
955 491 1300 546 sollicitudine
1339 492 1483 545 anxii
1519 492 1726 545 fuimus,
1784 490 1854 544 Et
1880 504 2194 560 quamquam

264 585 431 639 multa
467 588 519 639 ct
557 586 737 654 gravia
772 604 867 640 nos
904 589 1120 656 negocia
1157 592 1428 658 occupent,
1470 605 1532 641 ea
1567 591 1743 641 tamen
1781 603 1932 655 cura,
1973 585 2194 655 qualiter

265 682 442 735 divina
477 682 833 736 misericordia
871 683 1083 752 dignum
1113 685 1258 738 vobis
1288 688 1493 754 patrem
1520 684 1808 754 provideat,
1847 687 2024 737 nostro
2051 682 2194 736 cordi

262 777 614 832 indesinenter
653 779 912 833 adhaeret.
971 780 1145 850 Atque
1185 797 1243 833 eo
1269 781 1434 848 magis
1460 781 1557 834 hac
1584 780 1646 833 de
1673 797 1830 834 causa
1854 779 2194 833 sollicitamur

263 879 316 928 et
353 875 600 928 attentius
638 875 748 928 Deo
788 892 966 945 preces
1006 875 1332 945 effundimus,
1379 877 1624 945 quoniam
1661 877 1716 929 in
1753 877 2024 929 retroactis
2061 880 2193 930 tem-

260 970 474 1041 poribus
518 988 622 1024 11011
662 976 744 1026 sat
779 972 1081 1040 vigilantem
1117 973 1264 1026 vobis
1303 977 1567 1042 pastorem
1604 972 1892 1043 praefuisse
1929 972 2192 1040 cognosci-

260 1084 391 1121 mus.
450 1066 776 1139 Quapropter
812 1069 1049 1122 misimus
1089 1069 1155 1121 ad
1191 1085 1283 1122 vos
1322 1069 1415 1123 hos
1452 1069 1724 1137 religiosos
1762 1073 1970 1123 sanctae
2004 1068 2193 1122 Roma-

259 1180 358 1217 nae
407 1163 651 1218 ecclesiae
694 1164 854 1234 filios,
903 1165 1142 1218 videlicet
1180 1165 1420 1219 abbatem
1457 1165 1624 1219 sancti
1664 1162 1827 1220 Sabe¹
1864 1170 1916 1219 et
1953 1165 2193 1219 abbatem

261 1260 438 1315 Sancti
473 1258 774 1315 Bonifatii²z
825 1266 907 1330 ut,
958 1262 1001 1314 si
1049 1262 1182 1315 forte
1227 1262 1283 1314 in
1332 1261 1550 1316 ecclesia
1594 1266 1768 1316 vestra
1809 1262 1930 1316 talis
1969 1278 2194 1333 persona

259 1373 390 1426 quae
427 1358 548 1411 huic
584 1358 825 1426 regimini
864 1374 1090 1426 congrua
1129 1359 1197 1412 sit
1232 1359 1540 1429 reperiatur,
1581 1359 1856 1428 diligenter
1895 1359 2188 1429 inquirant3

259 1458 311 1509 et
349 1471 479 1523 eam,
527 1455 662 1508 sicut
698 1454 912 1523 dignum
951 1459 1030 1508 est
1066 1458 1241 1508 vestra
1278 1455 1527 1509 electione
1565 1455 1911 1510 collaudatam
1950 1460 2002 1510 et
2039 1473 2192 1510 cano-

256 1551 373 1604 nico
421 1551 626 1605 decreto
673 1551 971 1622 probatam,
1021 1551 1171 1605 nobis
1213 1552 1278 1605 ad
1316 1552 1662 1606 ordinandum
1700 1553 2003 1622 quantocius
2041 1570 2192 1624 prae-

257 1651 462 1702 sentare
512 1648 779 1715 studeant3
832 1649 912 1701 sin
958 1665 1080 1702 vero
1127 1649 1264 1702 inter
1311 1665 1403 1702 vos
1451 1649 1571 1703 talis
1609 1651 1829 1721 reperiri
1865 1667 1970 1704 non
2007 1650 2189 1721 possit,

255 1745 358 1815 ipsi
395 1761 512 1798 cum
552 1745 695 1798 omni
733 1744 1078 1799 sollicitudine
1117 1744 1325 1799 aliunde
1374 1745 1595 1814 aliquem
1610 1788 1624 1815 ,
1677 1748 1766 1816 qui
1813 1747 1960 1801 vobis
2009 1764 2190 1801 secun-

257 1841 381 1894 dum
419 1841 589 1895 Deum
626 1858 869 1911 praeesse
907 1842 1087 1912 possit,
1125 1842 1359 1895 invenire
1396 1848 1676 1912 procurent
1713 1848 1765 1898 et
1802 1844 1868 1898 ad
1906 1844 2191 1914 suscipien-

257 1937 377 1990 dam
417 1937 723 2008 episcopalis
763 1936 918 1992 officii
956 1938 1333 1993 ordinationem
1373 1939 1440 1992 ad
1477 1957 1570 1994 nos
1609 1940 1720 1995 sine
1750 1957 1898 1994 mora
1921 1934 2191 1995 transmit-

256 2037 384 2087 tant.
443 2033 548 2087 Vos
585 2034 745 2102 igitur
781 2035 837 2087 in
878 2035 1116 2090 omnibus
1155 2036 1229 2089 eis
1255 2036 1448 2090 credite
1476 2041 1528 2090 et
1553 2037 1783 2104 obedite3
1825 2038 2061 2106 scienteS,
2103 2054 2189 2091 eos

254 2131 311 2184 in
347 2130 446 2184 hac
482 2148 556 2199 re,
596 2131 918 2186 custodiente
944 2132 1072 2201 Dec,
1111 2131 1242 2185 nihil
1279 2133 1380 2186 nisi
1418 2138 1647 2187 vestram
1686 2134 1908 2188 salutem
1946 2139 1999 2188 et
2027 2134 2189 2189 eccle-

255 2226 363 2281 siae
401 2231 603 2282 vestrae
639 2227 887 2282 honorem
927 2229 1208 2283 attendere.
1340 2229 1634 2300 Praeterea,
1676 2231 1921 2301 quicquid
1957 2231 2190 2285 thesauri

253 2323 335 2378 vel
382 2324 673 2378 ornamenti
717 2325 773 2378 in
824 2325 1042 2379 ccclesia
1086 2329 1262 2379 vestra
1297 2325 1540 2395 habetur,
1589 2326 1800 2381 illorum
1838 2327 1998 2382 oculis
2037 2345 2189 2399 prac-

253 2423 475 2487 sentate3
536 2425 788 2490 quatenus
836 2439 901 2476 ex
947 2439 1122 2476 eorum
1172 2423 1500 2493 providentia
1547 2427 1598 2477 et
1644 2425 2090 2479 commendatione
2133 2425 2189 2479 in

251 2516 347 2570 tali
393 2517 627 2571 custodia
671 2517 1019 2588 relinquatur,
1069 2523 1128 2573 ut
1174 2536 1271 2573 nec
1320 2519 1538 2574 ecclesia
1586 2521 1954 2576 detrimentum
1997 2523 2190 2578 sentiat

251 2628 347 2667 nec
383 2613 467 2666 in*
507 2613 732 2683 aliquem
770 2619 1002 2669 vestrum
1037 2616 1213 2685 aliqua
1245 2617 1556 2688 suspicionis
1581 2617 1798 2672 infamia
1823 2619 1990 2673 cadat.
2049 2619 2189 2674 Data

250 2709 446 2764 Romae
483 2711 518 2763 4
555 2710 764 2764 Nonasb
803 2711 1046 2782 Ianuarii,
1083 2713 1367 2768 indictione
1411 2716 1492 2768 13.

249 2866 301 2928 ΙΙ
332 2870 436 2928 42.
476 2871 779 2928 Guibertum
805 2876 1248 2948 archiepiscopum
1269 2879 1622 2933 Ravennatem
1647 2882 1719 2932 ad
1741 2881 1999 2950 synodum
2019 2891 2182 2934 vocat.

398 2982 678 3053 Gregorius
724 2986 994 3057 episcopus
1034 3005 1212 3041 servus
1252 3005 1518 3043 servorum
1556 2990 1656 3043 Dei
1694 2989 1943 3045 Guiberto
1981 2991 2184 3046 Raven-
2220 3001 2331 3044 1075

249 3081 360 3134 nati
400 3081 786 3152 archiepiscopo
829 3083 1048 3137 salutem
1087 3087 1138 3137 et
1177 3085 1516 3155 apostolicam
1553 3086 1978 3140 benedictionem.
2212 3062 2289 3098 Μ’
2309 3064 2334 3100 4

397 3177 586 3232 Coram
625 3180 785 3233 oculis
822 3180 1000 3248 habeS,
1039 3180 1202 3234 frater
1238 3181 1531 3251 karissime,
1572 3187 1624 3236 et
1658 3183 1807 3252 quasi
1832 3183 2048 3254 palpare
2072 3201 2184 3238 ma-

248 3273 401 3327 nibus
438 3279 587 3345 potes
625 3276 976 3331 miserabilem
1014 3281 1224 3330 sanctae
1263 3278 1507 3332 ecclesiae
1534 3279 1975 3349 perturbationem
2003 3284 2053 3333 et
2076 3281 2183 3334 iam

247 3386 341 3439 per
378 3370 534 3439 longa
569 3375 806 3443 tempora
842 3372 1173 3426 inimicorum
1200 3376 1251 3426 et
1274 3359 1698 3444 impugnatorum
1725 3376 1836 3429 eius
1860 3377 2183 3431 insensatam

250 3469 303 3518 ct
346 3468 556 3522 omnino
600 3469 915 3523 infrenatam
959 3470 1450 3540 praesumptionem.
1522 3470 1717 3525 Contra
1761 3488 1888 3542 quos
1937 3474 2183 3543 quoniam

248 3577 367 3629 noS,
420 3564 508 3632 qui
546 3564 603 3617 in
641 3569 834 3619 sortem
871 3562 1175 3620 ministerii³
1215 3566 1548 3620 sacerdotalis
1587 3572 1639 3622 et
1675 3569 1854 3637 regni⁰
1893 3569 1992 3624 Dei
2030 3570 2181 3625 electi

364 3675 397 3701 a.
431 3665 472 3702 in
498 3680 567 3703 om.
587 3668 671 3705 cod.
823 3669 860 3706 b.
893 3669 1021 3706 Nonas
1048 3684 1117 3706 om.
1137 3670 1221 3707 cod.
1376 3681 1408 3707 c.
1441 3681 1593 3717 regnum
1621 3686 1652 3707 c.

367 3729 406 3772 1.
437 3729 654 3774 Maurum.
804 3734 845 3777 2.
877 3733 1167 3791 Gepizonem.
1316 3735 1358 3780 3.
1389 3733 1492 3779 Act.
1516 3736 1556 3792 1,
1580 3736 1649 3780 17.
