2782 4198
776 259 1052 298 GREGORII
1087 261 1167 297 vn
1205 259 1470 298 REGISTRI
1506 260 1566 297 1v
1594 259 1656 296 22.
1686 260 1747 296 23.
2133 245 2240 298 275

287 358 372 430 tus
399 376 702 445 susceperit,
746 375 839 428 ad*
871 376 1279 430 consecrandum
1305 376 1456 430 illum
1481 377 1752 447 imponere
1778 391 1995 429 manum
2024 375 2238 440 audeat3

287 471 391 526 nisi
429 471 698 539 dignitatis
738 489 861 526 suae
899 472 1095 527 honore
1135 471 1407 542 officioque
1447 489 1623 526 carere
1659 477 1712 526 et
1736 473 1849 542 ipse
1878 471 2019 525 velit.
2084 469 2240 523 Simi-

287 567 407 621 liter
447 568 630 621 etiam:
681 571 741 620 ut
776 568 923 622 nulla
959 573 1192 639 potestas
1234 573 1325 622 aut
1362 569 1536 637 aliqua
1574 585 1801 638 persona
1839 568 1902 621 de
1942 567 2240 620 huiusmodi

286 656 496 717 honoris
537 663 814 718 donatione
852 664 935 718 vel
976 665 1276 734 acceptione
1303 663 1522 716 ulterius
1562 681 1616 717 se
1647 665 1997 717 intromittere
2025 663 2237 727 debeat3

289 759 426 828 quod
464 759 509 812 si
546 761 976 831 praesumpserit,
1017 760 1198 814 eadem
1238 759 1499 812 sententia
1537 763 1588 812 et
1615 759 2082 812 animadversionis
2120 775 2239 812 cen-

287 872 426 923 sura,
468 871 626 924 quam
665 857 847 910 beatus
886 852 1181 909 Adrianus¹
1218 872 1359 926 papa
1397 855 1452 908 in
1492 860 1676 909 octava
1716 851 1943 925 synodo²
1971 855 2034 908 de
2059 855 2239 907 huius-

286 952 426 1005 modi
475 952 961 1023 praesumptoribus
1010 957 1061 1005 et
1110 968 1288 1005 sacrae
1337 952 1662 1005 auctoritatis
1702 950 2093 1021 corruptoribus
2134 956 2239 1003 sta-

287 1048 388 1101 tuit
446 1053 602 1117 atque
647 1045 920 1117 firmavit³‚
982 1065 1037 1102 se
1087 1048 1360 1101 astrictum
1409 1064 1469 1100 ac
1517 1047 1739 1115 ligatum
1785 1047 1896 1100 fore
1945 1052 2237 1114 cognoscat.

287 1143 398 1208 Quo
438 1145 665 1215 capitulo
706 1145 900 1215 scripto
941 1149 1095 1214 atque
1132 1145 1189 1197 in
1227 1144 1527 1214 praesentia
1565 1144 1795 1196 omnium
1836 1143 1987 1211 lect0‚
2031 1143 2097 1196 ad
2135 1143 2239 1195 col-

286 1239 640 1294 laudationem
680 1244 732 1294 et
769 1239 1217 1294 confirmationem
1251 1240 1361 1292 eius
1388 1240 1691 1293 universum
1719 1244 1922 1292 coetum
1950 1239 2090 1292 illius
2118 1255 2238 1292 con-

288 1353 460 1389 sessus
491 1337 786 1390 admoneas,
845 1336 952 1390 Eos
981 1340 1171 1404 autem,
1214 1336 1319 1404 qui,
1361 1340 1480 1406 post
1510 1336 1823 1389 recensitam
1852 1353 1882 1389 a
1907 1335 2057 1389 nobis
2083 1336 2238 1388 huius

287 1433 482 1486 decreti
521 1433 912 1500 auctoritatem,
953 1432 1321 1485 investituram
1361 1432 1692 1502 episcopatus
1733 1449 1827 1503 per
1865 1449 2052 1486 manus
2094 1449 2239 1485 secu-

285 1529 476 1582 larium
506 1529 837 1582 dominorum
878 1533 930 1582 et
970 1533 1287 1599 potestatum
1328 1532 1685 1598 susceperunt,
1728 1533 1780 1582 et
1819 1529 1908 1597 qui
1949 1529 2023 1582 eis
2062 1530 2118 1582 in
2157 1546 2239 1582 or-

287 1625 637 1679 dinationemb
675 1642 890 1678 manum
935 1625 1204 1695 imponere
1252 1629 1746 1695 praesumpserunt,
1798 1625 1863 1677 ad
1907 1642 2030 1692 nos,
2083 1642 2241 1695 super

286 1723 383 1776 hac
428 1740 486 1777 re
531 1723 788 1775 rationem
833 1721 1157 1789 redditurOS‚
1207 1722 1384 1774 venire
1425 1721 1711 1790 apostolica
1750 1721 2058 1775 auctoritate
2099 1738 2239 1774 com-

286 1836 500 1873 moneas
541 1823 696 1887 atque
735 1818 1043 1888 praecipias.
1123 1817 1289 1871 Datae
1328 1817 1478 1870 iuxta
1515 1816 1717 1869 Padum
1756 1817 1811 1869 in
1849 1817 1988 1885 loco,
2031 1818 2119 1886 qui
2161 1818 2239 1870 di-

287 1916 422 1970 citur
459 1910 739 1980 Ficarolo⁴,
781 1916 816 1966 4
856 1913 977 1967 Idus
1016 1913 1158 1982 Maii,
1203 1914 1485 1967 indictione
1533 1914 1612 1966 15.

288 2087 366 2150 IV
387 2091 487 2148 23.
523 2094 802 2145 Bernardo
843 2093 1082 2145 ecelesiae
1110 2093 1382 2144 Romanae
1422 2093 1642 2143 diacono
1683 2101 1730 2143 et
1754 2091 2033 2143 Bernardo
2061 2091 2239 2143 abbati

528 2182 854 2234 Massiliensi
875 2183 1108 2246 mandat,
1138 2181 1406 2233 hortentur
1431 2180 1741 2231 Heinrieum
1763 2179 1855 2232 IV
1875 2190 1921 2232 et
1948 2180 2239 2249 Roduifum

522 2289 683 2341 re9e3‚
725 2281 783 2322 ut
819 2271 923 2322 sibi
957 2273 1014 2322 in
1045 2268 1386 2325 Germaniam
1416 2269 1722 2338 profecturo
1755 2270 2088 2338 praesidium
2117 2271 2237 2321 mit-

527 2370 655 2412 tant.
726 2359 946 2411 Obedire
983 2361 1033 2411 si
1069 2359 1314 2410 alteruter
1349 2357 1592 2421 noluerit,
1635 2358 1850 2408 eundem
1889 2360 2238 2410 exeommuni-

524 2450 652 2512 σαντ’,
695 2447 915 2500 alterum
954 2447 1257 2514 confirmari
1291 2465 1464 2515 reyem
1502 2444 1684 2498 iubetd.

438 2547 718 2616 Gregorius
777 2549 1051 2619 episcopus
1110 2565 1290 2602 servus
1350 2565 1620 2601 servorum
1670 2547 1771 2602 Dei
1822 2548 2135 2602 carissimis⁰
2183 2549 2238 2602 in

291 2643 497 2696 Christo
542 2643 663 2696 filiis
708 2643 974 2697 Bernardo
1032 2649 1241 2698 sanctae
1289 2644 1553 2698 Romanae
1605 2643 1879 2698 ecclesiaer
1924 2644 2139 2698 diacono
2189 2649 2240 2698 et

289 2738 554 2793 Bernardo
575 2738 916 2792 Massiliensig
931 2740 1107 2794 abbati
1127 2740 1350 2794 salutem
1370 2745 1422 2794 et
1443 2740 1785 2810 apostolicam
1805 2740 2235 2795 benedictionem.

406 2876 439 2901 a.
467 2864 516 2901 ad
548 2883 588 2889 -
617 2864 723 2901 illum
750 2878 819 2900 om.
843 2865 879 2900 2.
981 2863 1018 2900 b.
1047 2864 1282 2901 ordinatione
1310 2866 1345 2902 2.
1461 2876 1492 2902 c.
1519 2865 1618 2902 Data
1641 2885 1681 2890 —
1705 2865 1754 2903 15
1782 2880 1852 2902 om.
1874 2867 1908 2902 2.
2021 2866 2057 2902 d.
2087 2868 2238 2916 Legitur

289 2932 399 2967 eliam
441 2928 478 2976 2)
509 2945 570 2977 ap.
589 2932 795 2967 Brunonem
824 2930 870 2966 de
898 2930 992 2965 bello
1020 2931 1152 2968 Saxon
1194 2945 1223 2967 c.
1250 2931 1344 2976 105,
1387 2934 1490 2968 Mon.
1513 2934 1630 2968 Germ.
1650 2934 1718 2969 SS.
1742 2933 1780 2969 V
1802 2932 1895 2975 369,
1937 2929 1974 2979 3)
2005 2946 2067 2979 ap.
2089 2934 2237 2982 Hugon.

290 2997 449 3041 Flavia„
476 2996 565 3033 ibid.
590 2998 687 3033 VIII
710 2996 798 3032 447.
903 3006 935 3032 e.
963 2995 1168 3032 carissimis
1197 3015 1236 3020 -
1264 2995 1354 3033 filiis
1383 2997 1525 3033 addidi
1550 3011 1596 3033 ex
1623 2998 1659 3033 2.
1763 2996 1790 3033 f.
1818 2998 1969 3034 sanctae
1992 3016 2032 3021 —
2057 2997 2237 3034 ecclesiae

289 3075 358 3099 om.
379 3063 415 3100 2.
545 3073 578 3108 g.
606 3061 836 3098 Massiliensi
862 3075 930 3098 om.
950 3062 985 3097 2.

408 3135 446 3177 1.
477 3133 534 3177 ΙΙ.
655 3134 696 3176 2.
731 3146 801 3176 an.
824 3133 925 3176 869.
1046 3133 1088 3175 3.
1122 3130 1189 3175 Cf.
1214 3131 1417 3188 Gratiani
1446 3132 1614 3176 decret.
1636 3133 1658 3176 I
1689 3133 1804 3177 Dist.
1829 3134 1898 3189 63,
1928 3134 1975 3176 1:
2013 3132 2235 3188 „Hadria-

289 3220 373 3251 nus
403 3220 523 3263 papa
552 3207 598 3250 in
618 3206 728 3251 VIII
760 3205 935 3263 synodo
968 3204 1356 3261 Constantinopoli
1381 3205 1465 3249 sub
1486 3207 1585 3262 ipso
1608 3206 1857 3250 celebrata:
1893 3240 1912 3262 >⁷
1931 3205 2123 3262 „Nullus
2156 3205 2235 3248 lai-

288 3292 443 3324 corum
473 3280 725 3336 principum
755 3280 829 3322 vel
860 3283 1096 3334 potentum
1128 3282 1273 3322 semet
1301 3278 1471 3322 inserat
1510 3279 1719 3322 electioni
1749 3282 1828 3321 aut
1856 3278 2128 3333 promotioni
2158 3291 2235 3333 pa-

288 3353 532 3409 triarchae,
564 3352 876 3408 metropolitae
909 3355 988 3395 aut
1019 3351 1259 3395 cuiuslibet
1289 3351 1490 3407 episcopi
1523 3383 1630 3395 .....
1679 3351 1892 3406 Quisquis
1923 3354 2075 3394 autem
2108 3363 2234 3394 secu-

287 3427 447 3470 larium
476 3427 728 3483 principum
759 3429 805 3469 et
835 3429 1070 3481 potentum
1100 3426 1174 3469 vel
1205 3425 1389 3468 alterius
1421 3424 1654 3479 dignitatis
1689 3424 1831 3467 laicus
1863 3423 2083 3467 adversus
2115 3437 2234 3468 com—

289 3512 470 3543 munem
595 3501 860 3544 electionem
891 3499 1187 3543 ecclesiastici
1217 3498 1388 3542 ordinis
1420 3509 1556 3553 agere
1587 3497 1853 3553 tentaverit,
1887 3496 2130 3541 anathema
2162 3498 2233 3554 sit,

289 3571 433 3616 donec
463 3572 678 3616 obediat“
695 3572 732 3616 “.
851 3574 896 3616 4.
926 3573 1172 3628 Ficcarolo‚
1203 3572 1249 3616 in
1280 3571 1462 3615 sinistra
1482 3569 1595 3614 Padi
1621 3569 1665 3613 fl.
1689 3571 1799 3626 ripa,
1833 3583 1860 3614 a
1880 3570 2086 3615 Ferraria
2117 3571 2235 3615 inter

288 3645 567 3690 occidentem
600 3650 646 3690 et
676 3647 1036 3703 septemtriones.

1782 3725 1880 3769 18*

2290 381 2402 423 1077

2270 440 2355 476 Mai.
2376 442 2424 476 12

2288 2555 2400 2598 1077

2268 2615 2355 2651 Mai.
2377 2616 2423 2652 31
