2722 4172
526 247 597 300 80
1032 262 1304 301 GREGORII
1343 263 1420 299 vu
1457 261 1719 299 REGIsTm
1755 263 1777 300 1
1804 262 1864 300 60.
1892 263 1952 299 61.

351 382 465 427 1074
523 378 658 432 fatos
707 379 974 450 episcopos
1030 378 1179 432 litem
1223 379 1358 431 iuste
1407 378 1641 432 decidere
1689 381 1742 431 et
1787 377 2141 433 olomucensi*
2194 378 2456 446 ecclesiae,

322 443 430 481 Mm’
448 444 495 482 18
526 491 656 544 quae
683 475 764 528 sui
787 475 915 528 iuris
944 478 1079 543 sunt,
1120 475 1394 528 decernere
1422 478 1473 528 et
1497 473 1830 528 corroborare
1855 475 2262 545 procurabimus,
2321 474 2459 528 Data

522 570 716 625 Romae
759 573 824 626 15
863 570 1122 624 Kalendas
1160 570 1378 642 Aprilis,
1417 570 1699 623 indictione
1743 571 1824 623 12.

522 741 548 803 Ι
583 746 681 803 61.
728 749 1006 802 Wratizlao
1035 749 1106 801 II
1122 749 1404 802 Bohemz'ae
1433 751 1556 802 duci
1572 750 1849 819 promittit,
1891 766 1943 800 se
1969 748 2205 801 ecclesiae
2231 750 2454 815 cuidam,

725 864 838 898 cum
875 845 1111 916 perfecta
1143 846 1342 915 fuerit,
1393 847 1644 917 reliquias
1695 856 1742 898 et
1782 844 2063 915 privileyia
2103 864 2457 899 concessurum

724 960 842 994 esse.
901 941 1071 994 Addit
1108 943 1170 995 de
1207 943 1386 996 litteris
1415 942 1840 1013 ad'Sz'yc‘fredum
1866 941 2311 1013 archiepiscopum
2337 942 2456 995 Mo-

720 1040 997 1108 yuntinum
1034 1041 1223 1091 missis·

347 1154 462 1198 1074
669 1146 948 1217 Gregorius
999 1149 1270 1219 episcopus
1320 1166 1498 1203 servus
1548 1165 1815 1204 servorum
1860 1147 1961 1201 Dei
1988 1143 2304 1203 Wratizlao¹
2341 1148 2458 1202 duci

316 1215 490 1253 Mart.18
519 1243 762 1299 Boemiae
802 1245 1023 1298 salutem
1062 1249 1113 1299 et
1151 1245 1489 1315 apostolicam
1528 1245 1953 1299 benedictionem.

668 1340 947 1410 Quoniam,
995 1341 1199 1395 afflatus
1239 1342 1358 1410 igne
1398 1342 1573 1396 divino
1585 1347 1611 1410 ,⁴
1641 1342 1813 1395 studia
1851 1342 2138 1396 devotionis
2179 1359 2302 1410 erga
2339 1358 2457 1395 san-

520 1442 659 1492 ctam
698 1443 749 1492 et
787 1438 1127 1508 apostolicam
1165 1438 1434 1492 ecclesiam
1472 1438 1662 1491 habere
1695 1439 1928 1509 coepisti,
1970 1439 2122 1492 silere
2148 1455 2242 1492 nos
2268 1439 2456 1492 caritas

521 1535 574 1588 in
611 1539 662 1588 te
702 1533 890 1588 diffusa
913 1551 1018 1587 non
1052 1535 1265 1605 patitur,
1306 1535 1448 1603 quin,
1490 1534 1728 1587 ardorem
1759 1535 1966 1589 divinae
1995 1535 2257 1589 servitutis
2284 1535 2347 1588 de
2375 1534 2457 1588 die

517 1631 574 1684 in
595 1631 733 1684 diem
757 1631 1040 1684 ferventius
1071 1634 1123 1684 te
1150 1631 1437 1700 concipere,
1465 1630 1724 1699 frequenti
1749 1631 2109 1686 exhortatione
2135 1648 2454 1685 moneamus

510 1727 613 1780 Illa
651 1727 843 1781 etenim
879 1731 1000 1780 vota
1039 1726 1178 1796 apud
1203 1726 1373 1780 Deum
1410 1727 1648 1797 praemia
1679 1731 1944 1781 merentur
1972 1732 2023 1781 et
2048 1728 2285 1797 gloriam,
2325 1745 2457 1797 quae

517 1840 612 1894 per
661 1823 852 1891 gradus
899 1823 1153 1876 bonorum
1204 1840 1419 1893 operum
1467 1823 1531 1876 ad
1578 1839 1824 1877 cacumen
1861 1824 2200 1893 plenitudinis
2238 1824 2458 1878 tendunt

519 1924 571 1974 et
617 1937 823 1990 semper
873 1919 1110 1974 inbono
1152 1919 1409 1973 desideria
1448 1919 1704 1990 ampliora
1743 1920 2055 1990 concipiunt.
2115 1920 2456 1991 Quapropter,

516 2016 792 2070 karissime
830 2015 906 2069 fili
942 2016 999 2069 in
1024 2015 1247 2084 Christo,
1288 2016 1440 2085 bona,
1483 2033 1613 2085 quae
1640 2016 1750 2069 Deo
1790 2016 2079 2087 inspirante
2113 2034 2259 2071 mens
2293 2021 2345 2071 et
2369 2017 2457 2071 de-

516 2113 656 2167 votio
704 2117 796 2166 tua
842 2113 1136 2184 proposuit,
1187 2113 1253 2166 ad
1303 2111 1542 2167 effectum
1588 2113 1921 2183 perfectionis
1972 2114 2248 2168 extendere
2289 2114 2454 2183 stude,

518 2213 770 2279 quatenus
812 2209 1098 2279 apostolica
1134 2208 1510 2278 benevolentia,
1551 2209 1695 2262 nulla
1731 2209 1827 2262 tibi
1865 2209 2176 2264 labefactata
2214 2210 2453 2283 segnicie,

516 2322 612 2376 pro
668 2306 868 2359 meritis
916 2306 1020 2359 tuis
1070 2306 1312 2376 ampliori
1360 2322 1564 2376 semper
1609 2309 1660 2359 te
1711 2305 1985 2369 dilectione
2033 2285 2451 2376 comprehendat.

517 2401 596 2455 De
642 2401 875 2471 reliquiis
915 2407 967 2456 et
1003 2403 1303 2472 privilegio,
1351 2401 1489 2454 unde
1526 2417 1619 2453 nos
1658 2402 1877 2469 rogasti,
1928 2418 2046 2455 cum
2082 2403 2280 2456 nuntiis
2317 2402 2453 2457 tuisb

517 2496 665 2552 finita
704 2501 755 2551 et
791 2499 1022 2568 perfecta
1060 2499 1276 2553 ecclesia
1314 2497 1714 2552 consecrationis
1754 2497 2029 2551 consilium
2066 2516 2096 2552 a
2119 2499 2270 2553 nobis
2298 2516 2455 2568 quae-

519 2595 680 2663 sierit,
720 2594 978 2648 voluntati
1015 2599 1135 2648 tuae
1176 2595 1472 2649 satisfacere
1512 2594 1729 2661 benigne
1767 2594 2176 2664 procurabimus
2320 2595 2455 2664 Sigi-

516 2691 721 2745 fredum
778 2708 900 2745 vero
966 2691 1414 2762 archiepiscopum
1470 2689 1832 2758 Moguntinum
1893 2691 1955 2744 de
2011 2692 2453 2762 praesumptione,

518 2805 674 2858 quam
719 2788 775 2840 in
825 2805 981 2841 causa
1018 2788 1254 2841 Ieromiri
1291 2786 1568 2854 Bragensis
1609 2787 1837 2866 episcopi
1874 2787 2080 2856 habuit,
2130 2806 2225 2859 per
2264 2789 2454 2858 episto-

516 2885 623 2938 lam
660 2880 923 2938 nostram²
964 2884 1162 2937 duriter
1198 2883 2005 2954 increpavimUS,interdicentes
2042 2885 2104 2953 ei,
2145 2902 2210 2938 ne
2235 2883 2452 2937 ulterius

517 2998 572 3035 se
617 2981 916 3034 huiusmodi
949 2980 1189 3051 ‚ineptia0
1231 2984 1282 3033 et
1327 2980 1566 3033 fatuitate
1607 2996 1859 3050 occupare
1896 2981 2127 3050 incipiat.
2186 2980 2450 3049 Attamen,

517 3078 562 3131 si
609 3078 733 3147 quid
781 3077 1055 3131 adversum
1102 3081 1154 3130 te
1198 3077 1474 3131 temerario
1522 3076 1711 3129 iudicio
1750 3077 1954 3144 fecerit,
2005 3079 2289 3146 praeventu
2329 3070 2453 3146 apo-

517 3174 728 3228 stolicae
777 3173 1099 3227 auctoritatis
1146 3177 1289 3226 tutus
1339 3178 1493 3242 atque
1542 3173 1808 3240 defensuS,
1860 3172 2021 3224 donec
2069 3172 2258 3224 iterum
2297 3172 2364 3225 ad
2400 3177 2451 3226 te

515 3275 696 3325 nostra
742 3271 931 3338 legatio
982 3270 1301 3341 perferatur,
1353 3286 1447 3339 pro
1497 3269 1659 3323 nihilo
1709 3269 1891 3336 ducaS,
1941 3267 2209 3336 magisque
2248 3268 2347 3321 sibi
2386 3268 2452 3321 ad

515 3367 804 3436 periculum
844 3384 1000 3436 quam
1038 3366 1135 3421 tibi
1172 3366 1404 3420 futurum
1444 3382 1557 3419 esse
1587 3383 1691 3419 non
1718 3364 1965 3432 ambigas.
2025 3362 2104 3416 De
2130 3367 2298 3417 cetero
2326 3381 2450 3435 apo-

631 3505 663 3551 a.
698 3529 805 3562 super
824 3513 1061 3552 Olomucensi
1087 3517 1236 3561 scripsit
1264 3516 1344 3552 alia
1372 3529 1503 3551 manus
1522 3512 1746 3550 Marovensi.
1874 3510 1910 3548 b.
1937 3510 2063 3547 missis
2091 3512 2274 3549 excidisse
2294 3513 2448 3549 videtur.

517 3590 549 3616 c.
575 3579 710 3617 inertia
737 3581 820 3617 cod.

634 3667 673 3709 1.
705 3666 762 3709 H.
912 3668 952 3710 2.
986 3680 1055 3723 ep.
1080 3669 1136 3711 60
1167 3680 1315 3724 supra.
