2730 4198
799 266 1074 305 GREGORII
1110 268 1190 304 vn
1226 267 1491 306 REGIsTm
1526 268 1607 304 vn
1634 267 1695 304 27.
1721 266 1783 304 28.
2155 254 2259 306 421

317 384 512 455 partim
550 388 642 438 tua
678 400 774 437 nos
810 383 1239 439 laetificaverunt.
1313 385 1412 448 Qui
1450 401 1573 438 vero
1615 401 1643 438 e
1681 389 1878 452 contra,
1920 384 2264 452 quorumdam
2301 391 2416 459 10330

315 496 599 550 pravorum
637 479 882 532 consilio³
913 521 1257 533 ..........
1302 497 1452 534 aures
1491 485 1699 534 nostras
1738 480 2166 548 molestaverunt,
2206 485 2265 534 ut
2292 450 2380 488 Μαι
2400 453 2423 489 8

314 576 516 647 priores
548 576 792 643 hilarem,
835 576 910 630 sic
949 576 1148 629 sinistri
1185 592 1280 629 nos
1319 576 1592 630 reddidere
1629 576 1852 629 tristem.
1929 575 2082 629 Nunc
2118 593 2261 645 vero,

315 672 439 741 quia
473 688 569 742 per
607 671 900 725 Hubertum
937 671 1103 724 filium
1141 676 1377 725 nostrum
1418 673 1738 739 audivimUS,
1778 676 1829 725 te
1866 672 2101 741 paternis
2142 688 2262 725 con-

315 768 445 821 siliis
485 768 835 837 adquiescere,
875 785 1159 838 pravorum
1196 766 1350 820 veroh
1382 808 1541 820 .....
1585 768 1796 819 omnino
1836 767 2115 836 dimittere,
2154 767 2262 821 lae-

313 868 501 917 tamur.
561 864 779 935 Insuper
817 881 1088 918 monemus
1129 868 1180 916 et
1216 867 1435 933 paterne
1474 879 1774 932 precamur:
1815 866 1874 915 ut
1910 863 2102 916 menti⁰
2141 867 2262 918 tuae

313 977 520 1030 semper
559 961 628 1014 sit
665 960 911 1028 infixum,
963 959 1148 1029 quamd
1186 959 1310 1011 forti
1347 974 1532 1026 manu,
1574 974 1732 1027 quam
1771 958 2039 1026 divulgata
2076 959 2260 1029 gloria,

313 1057 560 1127 quicquid
608 1062 760 1128 pater
807 1061 927 1110 tuus
974 1055 1265 1126 possideat,
1319 1054 1384 1108 ab
1425 1071 1514 1107 ore
1561 1054 1895 1108 inimicorum
1942 1056 2258 1123 extraxerit3

312 1154 481 1207 sciens
520 1157 714 1222 tamen,
755 1170 809 1206 se
847 1169 953 1205 non
991 1152 1046 1204 in
1086 1155 1398 1221 perpetuum
1432 1151 1625 1218 vivere,
1667 1150 1759 1204 sed
1787 1150 1852 1203 ad
1877 1150 1975 1204 hoc
1999 1155 2110 1204 tam
2135 1153 2261 1205 viri-

310 1248 430 1303 liter
467 1250 726 1317 insistere,
765 1253 824 1301 ut
862 1248 1004 1301 eredi
1043 1247 1197 1300 alicui
1236 1254 1357 1300 sua⁰
1399 1247 1699 1301 dimitteret.
1766 1246 1964 1300 Caveas
2004 1265 2145 1316 erg0,
2185 1247 2260 1302 fili

311 1345 663 1413 dilectissime,
692 1345 1046 1412 admonemuS,
1073 1361 1140 1397 ne
1168 1343 1355 1396 abhinc
1379 1360 1663 1414 pravorum
1684 1343 1914 1396 consiliis
1937 1344 2258 1414 adquiescaS,

310 1442 496 1511 quibus
535 1445 739 1512 patrem
781 1439 1011 1494 offendas
1052 1444 1104 1493 et
1140 1445 1362 1494 matrem
1402 1440 1742 1493 contristeris
1805 1439 1924 1494 Sint
1961 1440 2059 1494 tibi
2095 1441 2259 1495 indis-

309 1538 600 1592 solubiliter
637 1536 800 1591 infixa
838 1540 1119 1607 praecepta
1159 1541 1210 1590 et
1246 1537 1446 1590 monita
1483 1537 1685 1590 divina:
1726 1537 1948 1590 Honora
1978 1548 2188 1608 patrem
2214 1550 2259 1592 et

308 1647 539 1700 matrerm,
582 1646 641 1688 ut
679 1638 750 1687 sis
779 1635 1021 1704 lonyevus
1048 1653 1206 1704 super
1233 1644 1425 1686 terram
1442 1629 1453 1652 ¹
1463 1653 1480 1695 ,-
1522 1637 1573 1686 et
1596 1632 1752 1685 illud:
1798 1633 1907 1700 Qui
1929 1634 2259 1688 maledixerit

307 1734 454 1801 patri
489 1732 570 1783 cel
606 1734 780 1796 matri,
822 1741 984 1783 morte
1020 1726 1323 1783 moriatur².
1405 1728 1462 1782 Si
1499 1745 1622 1782 vero
1662 1745 1727 1781 ex
1764 1728 1959 1782 honore
1997 1729 2165 1799 patris
2207 1734 2259 1784 et

309 1827 493 1880 matris
531 1826 735 1894 longior
783 1826 879 1880 tibi
917 1825 1164 1879 tribuitur
1203 1826 1337 1893 vita,
1389 1842 1416 1879 e
1455 1828 1637 1878 contra
1684 1825 1729 1877 si
1777 1823 1890 1878 eos‘
1927 1825 2255 1896 dehonestaS,

311 1923 436 1991 quid
482 1922 768 1991 tribuatur,
818 1922 974 1975 liceat
1012 1922 1206 1975 videas,
1287 1921 1343 1976 Si
1383 1925 1556 1975 autem
1597 1939 1662 1974 ex
1700 1920 1992 1975 maledictis
2031 1925 2256 1977 mortem

308 2017 414 2071 filio
466 2018 644 2071 divina
691 2019 952 2088 scriptura
995 2018 1225 2086 intonat,
1278 2017 1442 2071 multo
1483 2017 1672 2071 certius
1713 2034 1778 2070 ex
1816 2017 2108 2072 malefactis
2147 2035 2257 2073 cer-

307 2115 493 2167 tiorem
533 2117 756 2167 mortem
793 2115 1039 2168 insinuat.
1101 2113 1236 2177 Quid
1275 2131 1396 2183 ergo
1434 2117 1614 2181 restat,
1656 2113 1700 2165 si
1738 2113 2031 2167 membrum
2061 2114 2255 2169 Christi

307 2210 386 2262 vis
424 2210 601 2262 vivere
641 2214 692 2263 et
728 2210 782 2263 in
823 2211 1017 2263 mundo
1055 2211 1156 2263 isto
1183 2210 1398 2263 honeste
1427 2210 1758 2263 conversari?
1816 2209 2105 2264 Pravorum
2133 2229 2254 2266 con-

306 2305 426 2358 silia
473 2322 539 2359 ex
579 2304 746 2358 officio
785 2310 964 2359 nostro
1003 2306 1354 2376 praecipimus
1394 2306 1603 2375 penitus
1643 2306 1906 2374 dimittas,
1957 2308 2124 2378 patris
2163 2326 2253 2361 vo-

304 2401 494 2455 luntati
540 2401 597 2454 in
647 2402 887 2455 omnibus
937 2402 1258 2472 adquiescas,
1338 2402 1478 2455 Data
1524 2401 1687 2456 Rome
1738 2404 1768 2456 8
1815 2403 1935 2457 Idus
1973 2402 2126 2473 Maii,
2174 2405 2254 2458 in-

305 2499 531 2553 dictione
571 2500 620 2552 3.

304 2670 408 2732 VII
435 2675 536 2732 28.
600 2677 846 2746 Roffredo
906 2677 1295 2747 archiepiscopo
1353 2677 1716 2730 Beneventano
1774 2679 2016 2744 mandat,
2082 2690 2140 2732 ut
2195 2682 2253 2731 in

489 2773 824 2826 Macharium
873 2791 934 2825 ecc
979 2773 1236 2825 Armenia
1277 2773 1495 2843 pulsum
1543 2774 1868 2845 haeresisque
1915 2796 1949 2827 a
1996 2772 2250 2845 Greyorio

488 2870 877 2939 archiepiscopo
929 2868 1232 2922 Simadensi
1275 2881 1596 2935 accusatum,
1650 2874 1999 2940 quaestionem
2047 2872 2248 2937 habeat,

489 2984 720 3035 eumque,
761 2967 869 3017 nisi
904 2967 1197 3035 resipuerit,
1241 2985 1303 3018 ea·
1341 2967 1792 3037 archiepiscopatu
1831 2969 1998 3020 eiciat.

452 3074 732 3144 Gregorius
761 3075 1034 3145 episcopus
1062 3092 1241 3129 servus
1269 3093 1536 3130 servorum
1563 3076 1663 3130 Dei
1689 3077 1838 3130 fratri
1866 3080 1918 3130 et
1942 3077 2249 3147 coepiscopo
2284 3089 2398 3133 1080

303 3171 671 3226 Beneventano
709 3171 992 3238 R(offredo)
1034 3171 1253 3225 salutem
1297 3177 1348 3226 et
1387 3172 1727 3242 apostolicam
1766 3173 2196 3227 benedictionem.

450 3267 791 3322 Fraternitati
837 3273 958 3322 tuae
996 3272 1175 3322 notum
1216 3268 1465 3337 facimuS,
1514 3270 1870 3338 praesentium
1907 3269 2129 3323 latorem
2167 3270 2248 3323 Io-

303 3364 530 3418 hannem
574 3345 993 3435 presbyterum,
1017 3365 1188 3418 virum
1239 3365 1448 3434 quidem
1497 3365 1631 3418 sicut
1679 3382 1742 3418 ex
1790 3365 2114 3435 professione
2153 3383 2248 3419 sua

419 3530 452 3555 a.
485 3520 523 3556 te
551 3521 661 3556 antea
688 3520 922 3567 acquievisse
949 3520 1177 3564 nuntiantes,
1209 3520 1394 3557 excidisse
1428 3520 1584 3557 videtur.
1738 3519 1775 3556 b.
1812 3520 2031 3557 societatem
2062 3521 2247 3559 excidisse

301 3585 455 3621 videtur.
586 3597 617 3622 c.
644 3587 782 3622 mentis
810 3588 895 3623 cod.
1027 3586 1063 3622 d.
1092 3586 1179 3634 quia
1206 3597 1317 3633 quam
1344 3586 1428 3622 cod.
1569 3597 1600 3622 e.
1629 3597 1696 3622 suo
1725 3586 1808 3622 cod.
1947 3586 1974 3623 f.
2003 3597 2069 3624 eos
2097 3588 2247 3624 addidi.

422 3665 460 3707 1.
492 3663 637 3708 Exod.
661 3665 731 3720 20,
755 3666 824 3708 12.
976 3666 1017 3708 2.
1050 3665 1200 3709 Exod:
1218 3666 1288 3721 21,
1312 3665 1382 3708 17.
