2730 4198
788 289 1062 327 GREGORII
1099 290 1176 326 vn
1215 287 1479 326 REGISTRI
1515 287 1574 323 VI
1598 286 1661 323 40.
1699 285 1778 323 vn
1806 286 1839 321 1.
2170 271 2276 322 379

338 409 483 463 niam·
517 412 569 461 te
605 406 751 459 illam
788 407 1059 476 tyrannice
1084 405 1337 459 invasisse
1364 404 1673 472 audivimuS,
1712 406 1764 457 te
1797 400 2061 473 praesenti
2085 400 2279 470 pagina

339 520 749 558 commonemus:
791 507 864 570 ut,
906 503 951 556 si
989 503 1158 556 Deum
1197 506 1248 555 et
1285 506 1491 554 sanctos
1532 499 1794 569 apostolos
1833 498 1930 552 tibi
1967 497 2047 550 vis
2085 496 2277 550 habere

336 599 621 670 propitiOS‚
673 599 736 652 ab
783 599 1053 651 invasione
1100 597 1398 668 praedictae
1446 595 1691 649 ecclesiae
1730 595 1793 648 de
1832 598 2036 647 caetero
2075 608 2279 645 cessare

336 697 547 766 penitus
586 695 800 763 debeaS‚
847 695 1146 763 nullamque
1195 693 1413 746 ulterius
1452 691 1688 760 praefato
1729 689 1947 760 Symoni
1984 688 2276 742 molestiam

339 791 646 845 vel'clericis
671 791 746 844 ibi
771 791 882 844 Deo
910 790 1253 844 servientibus
1279 788 1471 841 inferre
1497 803 1828 856 praesumas3
1861 785 1969 852 sed,
1999 788 2059 837 ut
2084 785 2280 838 dictum

338 891 441 955 est,
490 887 657 940 libera
703 887 766 939 ab
806 888 949 940 omni
995 884 1411 956 perturbatione,
1452 899 1634 935 secura
1672 886 1882 935 sanctae
1920 880 2280 934 Hierosolimi-

336 987 490 1038 tanae
530 983 792 1051 ecclesiae,
833 983 916 1036 cui
952 981 1182 1034 fidelium
1220 979 1364 1032 illam
1391 979 1600 1032 devovit
1623 977 1861 1045 intentiO,
1900 976 2012 1030 Deo
2050 976 2280 1047 propitio

341 1097 405 1133 ex
442 1084 622 1133 nostra
661 1079 967 1132 auctoritate
1004 1077 1060 1130 in
1097 1079 1408 1146 perpetuum
1447 1078 1798 1128 conservetur.
1859 1072 2055 1136 Quodsi
2083 1073 2282 1141 aliquid

336 1175 567 1229 iustitiae
604 1176 659 1228 in
687 1191 845 1244 supra
871 1173 1009 1226 dicta
1035 1172 1252 1225 ecclesia
1288 1175 1341 1224 te
1379 1171 1570 1224 habere
1608 1168 1852 1238 confidiS‚
1893 1173 2013 1222 ante
2050 1169 2278 1237 legatum

337 1276 568 1325 nostrum
597 1270 847 1323 Diensem
887 1269 1190 1338 episcopum
1227 1267 1285 1320 in
1324 1265 1560 1334 concili0,
1601 1265 1738 1335 quod
1776 1266 2015 1336 proxime
2053 1265 2280 1319 celebra-

336 1372 484 1420 turus
525 1370 619 1433 est,
659 1370 710 1419 te
748 1368 1082 1434 praesentare
1109 1363 1344 1430 debebis3
1387 1363 1554 1416 sciens
1590 1362 1705 1430 hoc,
1747 1362 1885 1431 quod
1910 1362 1965 1415 in
1990 1362 2133 1415 nullo
2159 1378 2281 1415 con-

334 1466 419 1515 tra
453 1461 708 1514 iustitiam
746 1464 797 1513 te
834 1460 1072 1513 volumus
1111 1476 1475 1530 praegravare.
1537 1457 1593 1512 Si
1634 1462 1824 1527 autem,
1865 1459 2065 1512 monita
2101 1462 2282 1511 nostra

332 1557 493 1610 immo
530 1556 630 1610 Dei
667 1556 828 1610 verba
875 1557 1013 1624 quod
1059 1556 1196 1610 absit
1244 1556 1424 1609 audire
1472 1559 1836 1623 contemnem,
1889 1555 1953 1609 ab
1998 1554 2183 1608 illicita
2230 1558 2282 1608 et

332 1653 613 1706 interdicta
648 1652 916 1706 invasione
955 1670 1114 1722 supra
1153 1652 1321 1706 dictae
1361 1651 1607 1706 ecclesiae
1646 1655 1698 1705 te
1747 1650 1987 1704 cohibere
2033 1650 2280 1720 nolueris,

335 1749 942 1817 excommunicationem,
985 1766 1138 1818 quam
1169 1750 1225 1802 in
1251 1752 1303 1802 te
1330 1765 1425 1819 pro
1452 1749 1571 1818 ipsa
1609 1747 1826 1801 ecclesia
1861 1746 2064 1815 legatus
2101 1751 2280 1802 noster

333 1845 486 1913 Hugo
513 1845 723 1898 Diensis
752 1846 1025 1915 episcopus
1050 1845 1106 1897 in
1133 1844 1349 1898 concilio
1375 1844 1673 1898 Pictavensi
1697 1843 1952 1898 iaculatus
1981 1847 2076 1912 est,
2104 1848 2280 1898 aucto-

333 1941 489 1994 ritate
528 1941 815 2011 apostolica
852 1940 1232 1995 confirmamus
1297 1940 1436 1995 Data
1469 1940 1744 1995 Lateranis
1784 1942 1818 1993 4
1845 1940 2106 1994 Kalendas
2144 1941 2278 2010 Iulii,

332 2037 614 2091 indictione
653 2039 701 2090 2.

979 2163 1206 2197 EXPLICIT
1242 2164 1391 2196 LIBER
1429 2163 1629 2197 SEXTUS.

1023 2446 1086 2491 IN
1117 2445 1346 2491 NOMINE
1375 2445 1591 2491 DOMINI

312 2534 903 2650 ‘INCIPIT
996 2550 1437 2633 LIBER
1530 2552 2277 2634 SEPTIMUS

719 2682 1008 2735 REGISTRI
1053 2683 1346 2736 GREGORII
1390 2684 1595 2737 PAPAE
1644 2684 1890 2738 SEPTIMI

357 2796 498 2827 anno
531 2783 808 2826 dominice
839 2783 1258 2828 incarnationis
1290 2785 1590 2832 millesimo
1622 2786 2053 2842 septuagesimo
2084 2797 2253 2841 nono,

546 2854 923 2912 pontificatus
954 2869 1087 2900 vero
1119 2856 1302 2901 domni
1327 2857 1592 2914 Gregorii
1621 2872 1763 2904 anno
1790 2859 2054 2915 septimo,

986 2929 1308 2974 indictione
1349 2932 1614 2976 secunda.

328 3064 434 3127 VII
466 3070 516 3126 1.
551 3072 842 3125 Ηαῦθνταφη
878 3084 1097 3126 revocat.
1165 3072 1450 3126 Teuzonem
1487 3077 1691 3127 iniussu
1729 3093 1821 3127 suo
1862 3077 1919 3126 in
1956 3092 2126 3145 reyem
2159 3075 2276 3127 An-

546 3169 688 3238 qlz'ae
713 3169 868 3220 verba
883 3169 1093 3237 fecisse.
1146 3169 1403 3222 Wlkelmi
1426 3170 1464 3221 I
1485 3171 1879 3240 Rotomayensis
1895 3173 2278 3240 promotionem

549 3265 826 3335 improbat.
884 3265 970 3317 De
1010 3265 1286 3317 Rainardo
1321 3265 1658 3334 [Anyonensi.
1717 3267 2010 3336 Episcopos
2049 3266 2278 3336 Anyliae

551 3372 598 3413 et
633 3361 998 3413 Normanniae
1036 3362 1108 3412 ad
1143 3362 1400 3430 synodum
1436 3363 1609 3412 veni-re
1646 3361 1769 3413 vult.

478 3468 757 3538 Gregorius
797 3471 1069 3541 episcopus
1110 3487 1289 3524 servus
1329 3487 1597 3524 servorum
1622 3470 1723 3524 Dei
1761 3470 1949 3524 dilecto
1987 3472 2043 3524 in
2069 3470 2276 3526 Christo

328 3562 434 3618 filio
471 3564 705 3620 Huberto
747 3570 956 3620 sanctae
992 3566 1258 3621 Romanae
1307 3566 1555 3621 ecclesiae
1604 3566 1919 3621 subdiacono
1964 3567 2184 3623 salutem
2225 3574 2277 3624 et

332 3659 668 3728 apostolicam
707 3662 1135 3716 benedictionem.

2327 405 2439 448 1079

2307 465 2387 501 Iun.
2407 465 2455 502 28

2332 3485 2446 3529 1079

2307 3545 2410 3593 Sept.
2430 3547 2478 3583 23
