2782 4198
325 411 438 456 1075

303 473 393 521 Apr.
414 473 462 509 20

324 1558 437 1602 1075

299 1619 389 1666 Apr.
412 1619 459 1655 17

498 276 600 329 198
993 286 1266 326 GREGORII
1304 287 1382 323 vn
1418 284 1682 323 REG1s'rm
1718 285 1760 322 11
1786 284 1847 321 73.
1874 284 1936 321 74.

492 401 808 459 Ruscorum¹
835 403 1141 470 abstulistiS‚
1176 401 1398 455 violasse
1423 400 1687 454 videmini.
1746 399 2074 471 Quapropter
2099 399 2430 454 condolentes

492 501 663 569 vobis,
714 499 935 553 multum
973 515 1065 551 vos
1103 513 1347 565 rogamus
1387 500 1439 550 et
1477 495 1839 549 admonemus:
1889 499 1948 548 ut
1983 513 2079 566 pro
2118 512 2294 550 amore
2330 495 2432 550 Dei

493 600 545 650 et
582 595 749 649 sancti
784 593 951 662 Petri,
1001 593 1246 663 quicquid
1292 592 1393 645 sibi
1442 608 1473 644 a
1518 590 1662 644 vobis
1701 590 1786 644 vel
1822 591 2010 644 vestris
2059 591 2290 645 ablatum
2335 594 2430 659 est,

490 691 696 745 restitui
732 690 965 755 faciatis3
1003 705 1109 741 non
1144 688 1461 756 ignoranteS‚
1503 687 1764 755 quoniam,
1805 686 1894 755 qui
1921 686 2142 740 aliorum
2177 687 2314 741 bona
2350 687 2430 740 in-

490 787 624 840 iuste
651 785 908 852 auferunt,
935 784 1038 838 nisi
1064 783 1454 838 emendaverint
1480 782 1525 836 si
1552 781 1829 836 emendare
1854 782 2099 852 poterint,
2133 781 2430 836 nullatenus

493 883 549 935 in
586 898 746 949 regno
773 879 967 934 Christi
1005 884 1057 934 et
1081 879 1181 934 Dei
1209 883 1412 950 partem
1437 878 1628 932 habere
1655 877 1898 931 credendi
1924 882 2060 931 sunt.
2120 877 2232 931 Hoc
2257 881 2432 931 autem

493 994 524 1030 a
559 976 706 1030 vobis
745 976 926 1030 eadem
966 976 1198 1044 caritate,
1240 992 1342 1044 qua
1381 975 1616 1042 dicimuS‚
1656 990 1751 1043 pro
1792 973 1959 1027 salute
1999 973 2203 1026 animae
2227 977 2432 1027 vestrae

491 1072 653 1142 recipi
679 1072 1104 1142 concupiscimus.
1144 1071 1284 1124 Data
1303 1070 1466 1124 Rome
1500 1072 1562 1124 12
1584 1068 1845 1123 Kalendas
1864 1068 2008 1139 Maii,
2033 1068 2317 1123 indictione
2347 1070 2429 1123 13.

492 1242 543 1303 II
580 1246 679 1303 74.
715 1248 980 1301 Demetrio
1018 1250 1132 1318 reyi
1157 1248 1450 1301 Bassorum
1490 1258 1536 1301 et
1561 1250 1787 1318 reyinae,
1829 1249 1988 1300 uoeori
2011 1249 2136 1312 eius,
2177 1246 2435 1316 siqnificat

712 1362 764 1396 se
801 1344 1077 1414 Iaropoleo
1118 1362 1292 1396 eorum
1316 1344 1435 1412 filio
1475 1346 1686 1413 royanti
1709 1361 1771 1396 ex
1790 1354 1946 1414 parte
1971 1343 2017 1395 b.
2045 1343 2196 1396 Petri
2217 1361 2433 1413 reynum

711 1440 1002 1492 tradidisse.
1057 1439 1280 1509 Leyatos
1319 1441 1654 1493 commendat.

638 1547 917 1616 Gregorius
965 1549 1238 1618 episcopus
1277 1535 1467 1602 'servus
1518 1554 1786 1603 servorum
1831 1548 1931 1602 Dei
1976 1544 2273 1602 Demetrio²
2321 1547 2433 1615 regi

487 1645 775 1697 Ruscorum
825 1647 877 1697 et
912 1643 1124 1711 reginae
1162 1644 1314 1696 uxori
1362 1644 1472 1697 eius
1520 1644 1742 1698 salutem
1790 1647 1842 1698 et
1888 1643 2225 1714 apostolicam
2276 1643 2431 1697 bene-

488 1739 781 1793 dictionem.

633 1834 827 1887 Filiusa
847 1829 1064 1902 vester³,
1090 1833 1275 1887 limina
1301 1834 1656 1903 apostolorum
1674 1835 1911 1904 visitans,
1941 1835 2008 1887 ad
2031 1851 2126 1887 nos
2147 1835 2304 1889 venit.
2342 1834 2430 1903 Et,

488 1930 626 2000 quod
663 1946 883 1997 regnum
918 1929 1051 1982 illud
1087 1929 1222 1982 dono
1272 1930 1441 1983 sancti
1477 1929 1621 1984 Petri
1665 1947 1761 2001 per
1809 1947 1994 1984 manus
2033 1934 2239 1984 nostras
2277 1931 2434 1985 vellet

486 2026 740 2095 optinere,
781 2025 949 2079 eidem
987 2024 1137 2079 beato
1164 2024 1320 2079 Petro
1349 2026 1704 2096 apostolorum
1728 2026 1955 2097 principi
1980 2025 2156 2080 debita
2183 2025 2433 2081 fidelitate

487 2121 742 2190 exhibita,
793 2121 993 2174 devotis
1042 2120 1283 2191 precibus
1333 2122 1640 2191 postulavit3
1698 2122 2053 2176 indubitanter
2101 2127 2430 2176 asseverans:

485 2218 630 2271 illam
671 2234 817 2271 suam
857 2217 1163 2286 petitionem
1201 2220 1374 2270 vestro
1413 2233 1668 2271 consensu
1713 2222 1883 2271 ratam
1924 2219 2036 2271 fore
2074 2234 2134 2272 ac
2171 2218 2429 2288 stabilem,

487 2314 532 2365 si
572 2312 887 2382 apostolicae
927 2313 1251 2381 auctoritatis
1291 2313 1463 2380 gratia
1501 2330 1560 2366 ac
1598 2314 1887 2367 munimine
1913 2314 2209 2367 donaretur.
2269 2314 2429 2369 Cuius

485 2408 620 2461 votis
661 2412 713 2461 et
748 2407 1115 2477 petitionibus,
1165 2408 1288 2476 quia
1334 2408 1474 2462 iusta
1515 2409 1852 2477 videbantur,
1901 2412 2012 2462 tum
2063 2426 2126 2463 ex
2177 2425 2431 2464 consensu

486 2506 659 2557 vestro
698 2506 812 2555 tum
851 2520 916 2556 ex
954 2503 1226 2557 devotione
1264 2504 1524 2574 poscentis
1559 2505 1771 2558 tandem
1798 2521 2069 2558 assensum
2094 2506 2429 2575 praebuimus

488 2602 540 2652 et
577 2598 726 2666 regni
763 2598 925 2651 vestri
963 2598 1313 2666 gubernacula
1352 2599 1452 2653 sibi
1491 2617 1556 2654 ex
1592 2604 1741 2670 parte
1766 2601 1906 2654 beati
1930 2600 2074 2655 Petri
2099 2601 2426 2672 tradidimus

488 2711 550 2748 ea
586 2693 829 2747 videlicet
863 2693 1152 2747 intentione
1180 2698 1334 2764 atque
1362 2695 1618 2749 desiderio
1645 2696 1903 2750 caritatis:
1943 2700 2002 2750 ut
2034 2697 2215 2751 beatus
2241 2697 2427 2752 Petrus

486 2806 578 2843 vos
617 2793 669 2843 et
704 2805 923 2856 regnum
962 2792 1194 2843 vestrum
1233 2791 1508 2860 omniaque
1545 2795 1721 2846 vestra
1766 2792 1903 2846 bona
1949 2810 2044 2846 sua
2082 2794 2222 2863 apud.
2258 2793 2427 2849 Deum

486 2885 856 2939 intercessione
883 2885 1157 2954 custodiat,
1195 2890 1248 2940 et
1272 2902 1390 2939 cum
1415 2888 1557 2940 omni
1581 2904 1710 2957 pace
1735 2888 1930 2942 honore
1957 2905 2160 2958 quoque
2186 2893 2238 2943 et
2262 2890 2427 2957 gloria

484 2980 624 3034 idem
662 2996 882 3048 regnum
919 2997 1083 3049 usque
1119 2980 1175 3033 in
1213 2979 1371 3035 finem
1409 2983 1548 3036 vitae
1585 2987 1790 3037 vestrae
1827 2987 2005 3038 tenere
2029 3001 2121 3038 vos
2159 2985 2318 3038 faciat
2356 2989 2424 3054 et,

485 3076 638 3129 huius
675 3076 895 3129 militiae
932 3074 1079 3130 finito
1119 3093 1288 3145 cursu,
1328 3078 1576 3148 impetret
1599 3079 1744 3133 vobis
1777 3080 1917 3149 apud
1942 3096 2224 3150 supernum
2247 3097 2422 3148 regem

485 3171 706 3239 gloriam
744 3173 1132 3243 sempiternam.
1192 3173 1328 3237 Qui-n
1367 3173 1525 3227 etiam
1560 3190 1655 3227 nos
1693 3175 2053 3244 paratissimos
2085 3192 2196 3229 esse
2221 3177 2426 3230 noverit

484 3270 690 3321 vestrae
726 3267 1016 3323 nobilitatis
1054 3268 1331 3338 serenitaS‚
1380 3272 1462 3337 ut,
1512 3269 1579 3322 ad
1626 3286 1978 3340 quaecumque
2025 3271 2164 3324 iusta
2209 3273 2425 3340 negocia

600 3446 632 3472 a.
669 3434 787 3473 Filius
812 3456 852 3461 —
872 3437 1144 3475 intercessione
1172 3437 1360 3476 custodiat
1385 3438 1556 3488 leguntur
1581 3439 1692 3475 etiam
1721 3435 1758 3485 2)
1779 3451 1839 3486 ap.
1859 3438 2070 3475 Deusdedit
2090 3439 2249 3484 cardin„
2277 3441 2420 3492 Borgia

485 3499 587 3536 breve
614 3502 746 3538 istoria
774 3502 837 3539 del
864 3502 1027 3541 dominio
1055 3511 1176 3552 temp„
1206 3517 1294 3552 app.
1310 3517 1350 3552 p.
1369 3503 1431 3540 14.

484 3649 512 3692 3
556 3649 579 3693 1
604 3578 643 3621 1.
676 3578 906 3626 Demetrio
937 3593 973 3626 s.
995 3581 1168 3627 Isaslao
1197 3582 1220 3626 I
1249 3580 1339 3626 filio
1368 3580 1569 3626 Iaroslai.
1717 3581 1759 3626 2.
1791 3593 1828 3626 s.
1848 3580 2021 3627 Isaslao
2050 3582 2072 3626 I
2101 3580 2192 3628 filio
2218 3582 2419 3630 Iaroslai.

516 3682 526 3694 .
581 3651 829 3706 aropolcus.
