2782 4198
554 262 661 316 252
1071 274 1345 314 GREGORII
1383 276 1461 311 vn
1498 273 1762 312 REGISTm
1798 276 1856 312 1v
1883 275 1917 312 7.
1946 275 1981 312 s.

394 398 508 443 1076
553 393 831 447 factionem
868 392 1045 446 veniat
1080 408 1191 460 rex,
1232 390 1393 444 alium
1429 407 1602 458 regem
1632 390 1807 460 palam
1834 391 2010 446 dicant
2036 392 2240 462 eligere.
2297 392 2493 458 Quibus

377 458 457 497 (Μ’
477 460 523 496 31
553 506 648 543 nos
694 489 869 542 favere
919 490 1125 541 servata
1170 487 1372 540 iustitia
1418 487 1777 556 promisimus3
1828 488 2246 558 promissumque
2284 488 2494 544 firmum

553 585 860 639 tenebimus,
983 582 1090 636 Vos
1129 583 1305 652 itaque
1345 582 1710 635 confortamini
1735 583 1790 635 in
1817 582 2057 637 Domino.
2118 584 2374 648 Quoniam
2398 602 2494 656 per

553 678 964 733 misericordiam
1002 678 1102 732 Dei
1140 695 1303 749 prope
1343 682 1421 732 est
1457 678 1747 748 redemptio
1785 683 1975 732 vestra.
2039 679 2111 734 Et
2150 681 2214 734 ad
2251 678 2495 735 tertium¹

554 775 905 846 superandum
938 791 1042 827 non
1071 774 1237 827 adhuc
1263 775 1428 827 virtus
1455 773 1609 827 Petro
1638 774 1839 842 defecit,
1881 775 1969 844 qui
1996 775 2124 829 duos
2149 776 2267 830 illos
2292 778 2493 847 priores

551 870 825 925 Widonem
865 873 917 923 et
955 868 1286 924 Gotefredum
1302 866 1336 937 ²,
1377 873 1557 923 contra
1582 869 1872 923 Romanam
1911 871 2183 924 ecclesiam
2220 871 2494 927 calcitran-

552 972 648 1035 teS,
689 967 752 1021 ab
793 966 1077 1037 episcopali
1116 966 1236 1019 sede
1276 965 1477 1019 deiecit.
1538 965 1676 1019 Data
1701 966 1896 1020 Romae
1923 968 1955 1020 2
1982 966 2243 1021 Kalendas
2267 968 2494 1023 Novem-

552 1063 677 1132 bris,
716 1063 1000 1116 indictione
1044 1063 1125 1114 15.

552 1233 630 1296 IV
665 1239 721 1295 8.
773 1241 1055 1310 Eposo-opis
1089 1238 1308 1291 Tusciae
1333 1236 1607 1309 siynffleat,
1652 1239 1944 1308 Rodulfum
1971 1241 2269 1310 episcopum
2297 1238 2493 1293 Senen—

773 1354 894 1401 sem,
937 1336 1078 1405 quod
1102 1335 1352 1387 Heinrieo
1380 1335 1418 1386 I
1423 1335 1469 1388 V
1491 1337 1943 1388 communicaverit
1981 1338 2492 1402 excommunicatum,

771 1433 880 1483 nisi
907 1432 1283 1501 poenitentiam
1321 1433 1615 1502 susceperit,
1656 1450 1762 1484 non
1793 1449 1950 1502 posse
1989 1431 2190 1484 absolvi
2195 1451 2214 1494 ,·
2254 1450 2411 1502 quam
2438 1442 2496 1484 ut

775 1529 823 1579 ei
857 1528 1152 1595 iniunyant,
1193 1527 1424 1579 mandat.

390 1647 504 1690 1076
699 1634 978 1703 Gregorius
1020 1635 1293 1705 episcopus
1334 1653 1512 1689 servus
1553 1653 1820 1690 servorum
1847 1635 1946 1691 Dei
1972 1636 2229 1707 episcopis
2257 1636 2491 1706 Tusciae,

379 1707 515 1744 N⁰v'¹
550 1730 893 1784 Constantino
928 1730 1164 1799 Aretino,
1203 1730 1448 1785 Rainerio
1476 1731 1515 1784 F
1519 1731 1793 1800 lorentino,
1833 1731 1997 1786 Leoni
2020 1732 2344 1801 Pistoriensi,
2382 1732 2493 1785 An-

550 1827 710 1880 selmo
739 1825 980 1895 Lucensi,
1019 1825 1311 1880 Lanfranco
1341 1826 1570 1896 Clusino,
1612 1827 1832 1882 salutem
1872 1832 1924 1882 et
1964 1827 2301 1898 apostolicam
2339 1827 2493 1882 bene-

549 1923 844 1977 dictionem.

694 2018 812 2072 Non
849 2019 1090 2086 ignorare
1125 2003 1383 2072 credimus
1411 2019 1795 2073 fraternitatem
1820 2023 2067 2088 vestram,
2108 2019 2330 2089 qualiter
2354 2035 2494 2074 com-

547 2114 882 2185 provincialis
922 2118 1095 2168 vester
1119 2114 1371 2168 Rodulfus
1401 2115 1644 2169 Senensis
1686 2116 1959 2186 episcopus
1984 2116 2082 2170 hoc
2107 2116 2162 2168 in
2189 2132 2341 2184 ann0,
2381 2115 2493 2170 sine

548 2215 729 2264 nostra
774 2211 987 2264 licentia
1032 2228 1210 2278 regem
1258 2212 1762 2265 excommunicatum
1812 2212 2016 2280 adienS,
2067 2216 2248 2264 contra
2286 2228 2492 2265 omnem

549 2306 953 2360 ecclesiasticam
993 2308 1357 2360 auctoritatem
1395 2308 1822 2361 communicando
1863 2324 1979 2361 cum
2019 2323 2096 2376 eo,
2136 2307 2367 2360 eiusdem
2403 2324 2491 2360 ex-

550 2403 1032 2456 communicationis
1071 2403 1317 2472 laqueum
1354 2403 1648 2456 incurrerit.
1708 2402 1820 2466 Qua
1846 2403 1908 2456 de
1933 2420 1991 2456 re
2018 2419 2330 2472 quamquam
2372 2420 2491 2456 eum

547 2498 764 2568 propria
802 2503 1008 2554 accuset
1046 2503 1098 2552 et
1133 2516 1283 2552 reum
1319 2499 1512 2552 iudicet
1549 2499 1880 2567 conscientia,
1921 2516 1952 2552 a
1980 2498 2126 2552 nulla
2147 2502 2326 2552 tamen
2351 2515 2492 2552 com-

549 2593 810 2660 munione,
852 2594 986 2648 sicut
1020 2595 1525 2648 excommunicatum
1556 2594 1859 2665 oportuerit,
1900 2611 1954 2648 se
1982 2592 2240 2648 abstinere
2266 2595 2489 2662 curavit;

551 2689 642 2742 sed
681 2689 855 2742 omnia
890 2693 1000 2743 tam
1037 2690 1093 2742 in
1130 2691 1420 2743 ministerio
1458 2708 1612 2760 quam
1641 2691 1896 2744 exteriore
1922 2690 2314 2744 conversatione
2340 2707 2491 2761 prae-

551 2801 778 2853 sumenS,
819 2786 1020 2855 peccati
1058 2786 1139 2839 sui
1176 2786 1406 2839 maculas
1436 2787 1493 2839 in
1519 2786 1710 2840 multos
1738 2786 1998 2857 dispersit.
2055 2786 2127 2840 Et
2150 2786 2310 2840 nichil
2333 2786 2389 2839 in
2415 2803 2487 2855 se,

550 2881 689 2951 quod
715 2881 781 2934 ad
807 2881 1054 2934 delictum
1079 2882 1355 2952 pertineat,
1382 2882 1563 2936 habitu
1582 2883 1666 2936 vel
1692 2883 2082 2936 conversatione
2109 2882 2487 2950 demonstranS,

550 2993 581 3029 a
617 2977 767 3030 nobis
812 2994 906 3047 per
942 2977 1140 3045 legatos
1180 2995 1300 3031 suos
1340 2979 1406 3031 ad
1444 2978 1867 3032 satisfaciendum
1906 2978 1969 3031 de
2007 2978 2160 3047 culpa
2195 2976 2358 3047 recipi
2394 2993 2488 3047 po-

550 3072 710 3126 stulat
751 3077 802 3127 et
841 3073 1054 3127 absolvi.
1115 3074 1261 3138 Quod
1294 3075 1502 3144 quidem
1540 3090 1635 3126 nos
1674 3074 1889 3127 minime
1926 3073 2219 3127 faciendum
2259 3089 2371 3125 esse
2406 3072 2487 3125 iu-

550 3169 853 3238 dicavimuS,
892 3170 996 3222 nisi
1032 3170 1178 3240 prius
1216 3188 1334 3224 eum
1362 3187 1456 3241 pro
1488 3174 1663 3223 reatus
1691 3170 1771 3223 sui
1798 3168 2147 3239 competentia
2174 3168 2240 3220 ad
2263 3167 2487 3221 formam

551 3268 602 3318 et
638 3264 997 3319 habitudinem
1036 3266 1258 3320 amissae
1297 3266 1675 3320 communionis
1713 3282 1807 3335 per
1846 3264 2055 3332 aliquod
2084 3267 2290 3333 tempus
2315 3263 2486 3316 humi-

548 3359 734 3413 liatum
771 3361 882 3415 fore
921 3378 1361 3430 cognosceremus
1419 3361 1645 3415 Proinde
1681 3359 1998 3413 fraternitati
2033 3363 2236 3413 vestrae
2275 3359 2487 3429 scripsi-

550 3471 667 3508 mus
707 3457 1069 3511 admonentes:
1108 3461 1167 3510 ut
1197 3475 1315 3511 eum
1352 3488 1418 3494 —
1462 3459 1507 3511 si
1544 3456 1763 3527 potestis
1803 3471 1998 3522 omneS,
2041 3458 2130 3508 aut
2167 3455 2267 3507 duo
2307 3455 2370 3509 de
2407 3455 2485 3508 vi-

551 3550 831 3604 cinioribus
874 3582 941 3588 —
980 3553 1035 3606 in
1072 3553 1186 3607 loco
1225 3569 1451 3621 congruo
1493 3552 1797 3621 quantocius
1836 3549 2153 3604 conveniatis
2192 3555 2269 3620 et,
2313 3551 2486 3605 iniun-

669 3659 709 3702 1.
741 3658 991 3704 Tedaldum
1022 3660 1407 3717 archiepiscopum
1437 3660 1830 3705 Mediolanensem.
1980 3658 2022 3702 2.
2053 3658 2110 3702 Π.
