2730 4198
668 296 942 334 GREGORH
980 298 1058 333 vn
1096 296 1403 334 EPISTOLAE
1443 296 1787 334 COLLECTAE.
1819 296 1854 331 1.
2121 281 2226 333 521

285 430 502 482 exorare
540 429 641 466 non
683 413 858 483 pigeat
897 417 949 467 et
987 413 1220 467 subditos
1266 413 1367 467 sibi
1404 413 1487 467 vel
1525 413 1826 467 coniunctos
1864 411 2082 465 fratres⁸
2122 411 2230 464 suis

283 520 378 562 nos
427 491 749 562 orationibus
799 509 939 579 apud
977 509 1148 563 Deum
1193 509 1374 562 iuvare
1423 511 1762 562 commoneat.
1841 506 2045 571 Quanto
2092 507 2230 561 enim

283 605 339 658 in
376 605 574 658 maiore
611 604 842 674 periculo
881 605 1040 674 positi
1079 621 1274 671 sumuS,
1317 607 1463 657 tanto
1491 603 1716 673 amplius
1741 603 1846 657 tuis
1886 608 1938 656 et
1976 603 2228 656 bonorum

286 700 518 754 omnium
557 699 816 768 suffragiis
855 700 1163 768 indigemus,
1231 699 1338 752 Nos
1378 699 1597 766 etenim,
1644 699 1690 751 si
1727 699 1933 752 divinae
1972 698 2231 752 vindictae

285 796 539 850 iudicium
578 795 800 864 effugere
841 796 1103 864 volumUS,
1154 798 1335 848 contra
1379 794 1571 847 multos
1619 794 1891 862 insurgere
1942 798 1995 848 et
2041 810 2129 848 eos
2175 794 2232 847 in

288 892 519 946 animam
555 897 790 945 nostram
818 908 1102 962 provocare
1128 889 1504 959 compellimur.
1562 889 1715 958 Nam,
1749 890 1874 943 dum
1900 906 2079 943 omnes
2104 890 2230 958 fere,

288 989 423 1042 sicut
459 989 535 1042 ait
573 988 863 1058 apostoluS,
912 1004 1042 1056 quae
1081 1002 1176 1039 sua
1212 989 1334 1038 sunt
1370 1002 1476 1038 non
1515 1002 1647 1054 quae
1683 985 1802 1039 Iesu
1840 985 2034 1039 Christi
2074 1003 2231 1055 quae-

287 1088 411 1138 runt
426 1081 454 1153 ¹,
492 1100 773 1152 regnorum
810 1083 1072 1153 principes
1121 1084 1172 1135 et
1207 1080 1360 1133 huius
1399 1081 1583 1133 mundi
1619 1085 1885 1151 potenteS,
1934 1085 1994 1135 ut
2031 1082 2232 1152 cupidi-

289 1184 423 1234 tates
464 1197 583 1233 suas
623 1179 882 1249 expleant,
919 1178 1084 1246 legem
1125 1175 1227 1230 Dei
1264 1180 1316 1230 et
1351 1176 1610 1230 iustitiam
1647 1194 1752 1230 non
1776 1178 1884 1230 iam
1909 1177 2233 1246 negligenter

290 1277 560 1344 deserunt,
611 1276 702 1328 sed
739 1274 955 1328 summis
994 1272 1263 1327 conatibus
1301 1272 1636 1342 impugnant3
1685 1277 1744 1327 ut
1779 1273 1909 1327 illud
1947 1274 2234 1345 prophetae

289 1389 427 1426 nunc
465 1372 559 1425 sub
599 1370 759 1424 oculis
797 1369 1065 1423 videamus
1102 1368 1403 1438 impletum:
1450 1369 1744 1424 Astiterunt
1780 1390 1923 1441 reyes
1962 1382 2146 1437 terrae,
2189 1382 2235 1424 et

285 1471 553 1539 pm'nczpes
595 1477 937 1520 convenerunt
982 1469 1040 1519 in
1087 1485 1250 1518 unum
1288 1467 1534 1518 adversus
1572 1466 1865 1519 Dominum
1903 1478 1950 1520 et
1985 1469 2233 1521 adversus

289 1565 537 1617 christum
575 1558 727 1616 eiust.
803 1561 1054 1632 Episcopi
1092 1577 1214 1615 vero
1255 1565 1332 1629 et,
1384 1561 1473 1630 qui
1509 1566 1748 1631 pastores
1787 1562 2081 1616 animarum
2120 1580 2234 1617 esse

288 1658 562 1726 deberent,
612 1658 794 1711 mundi
832 1657 1053 1726 gloriam
1093 1662 1145 1711 et
1183 1656 1394 1710 delicias
1442 1658 1613 1710 carnis
1651 1658 1939 1712 insatiabili
1976 1659 2234 1712 desiderio

287 1758 686 1825 prosequentes,
735 1771 842 1806 non
881 1753 1049 1807 solum
1088 1754 1143 1806 in
1193 1758 1358 1807 semet
1403 1753 1560 1824 ipsiS,
1609 1771 1742 1823 quae
1781 1758 1963 1808 sancta
2000 1771 2235 1824 quaeque

290 1855 413 1905 sunt
448 1850 715 1918 religiosa,
763 1849 1109 1918 confundunt,
1161 1848 1280 1903 sedb
1321 1850 1505 1903 etiam⁰
1544 1849 1778 1903 subditos
1818 1867 1939 1904 suos
1979 1850 2045 1904 ad
2083 1867 2236 1905 omne

290 1947 438 2000 nefas
486 1962 702 2016 operum
750 1962 964 1999 suorum
1013 1945 1252 2016 exemplo
1300 1945 1626 2016 pertrahunt.
1715 1945 1911 2009 Quibus
1961 1963 2066 2000 non
2113 1963 2236 2001 con-

290 2043 451 2097 traire
489 2059 647 2111 quam
684 2042 833 2096 nobis
871 2041 1238 2112 periculosum,
1277 2042 1521 2095 resistcre
1558 2045 1734 2095 autem
1765 2046 1817 2096 et
1850 2059 2030 2096 eorum
2054 2043 2237 2112 nequi-

243 2137 246 2139 ’
290 2138 418 2192 tiam
458 2138 722 2192 refrenare
762 2155 919 2208 quam
958 2136 1168 2191 difficile
1195 2137 1280 2206 sit,
1306 2142 1413 2209 ,tua
1445 2137 1725 2208 prudentia
1757 2138 1917 2193 novit.
1979 2138 2082 2193 Sed
2109 2156 2236 2208 quo-

289 2235 448 2303 niam,
489 2251 616 2303 quos
657 2234 860 2287 dolores
897 2233 1035 2287 inter
1072 2233 1167 2287 has
1205 2234 1471 2304 patiamur
1509 2234 1793 2303 angustiaS,
1830 2239 1890 2288 ut
1916 2252 2078 2305 supra
2102 2235 2236 2293 dixi-

289 2347 431 2399 mus,
479 2329 602 2383 huic
649 2330 912 2383 communi
962 2327 1069 2382 filio
1117 2325 1326 2383 nostro³
1373 2330 1471 2384 tibi
1515 2330 1847 2384 referendum
1895 2331 2237 2401 exseruimuS,

288 2426 443 2497 plura
480 2426 544 2480 de
580 2425 662 2478 his
702 2426 874 2480 dicere
913 2426 1328 2496 supersedemus,
1870 2430 1873 2433 ’

439 2522 606 2575 Tuam
642 2539 764 2575 vero
803 2522 1214 2591 fraternitatem,
1266 2522 1364 2576 etsi
1401 2522 1659 2578 monitore
1695 2540 1800 2578 non
1839 2528 2013 2593 egeat,
2051 2523 2237 2595 impel-

290 2617 431 2672 lente
477 2622 652 2671 tamen
699 2635 793 2671 nos
843 2618 1217 2687 sollicitudine,
1276 2619 1643 2673 admonemus:
1704 2621 1947 2690 quatinus
1995 2620 2238 2688 graviora

291 2730 456 2783 usque
504 2730 708 2782 quaque
753 2731 989 2768 resecare
1036 2715 1166 2768 vitia
1213 2715 1443 2782 studeat;
1505 2720 1556 2770 et
1602 2717 1741 2770 inter
1788 2717 1965 2770 omnia
2010 2721 2063 2770 et
2108 2734 2236 2787 prae

293 2809 532 2863 omnibus
569 2810 734 2878 nefaS,
775 2810 913 2878 quod
951 2810 1013 2864 de
1042 2809 1211 2864 Scotis
1251 2811 1545 2866 audivimus
1576 2843 1645 2850 —
1672 2813 1915 2867 videlicet
1950 2812 2088 2882 quod
2124 2812 2237 2883 ple-

290 2906 439 2975 rique
476 2906 717 2976 proprias
755 2922 944 2960 uxores
982 2923 1087 2960 non
1110 2906 1293 2960 ,solum
1333 2908 1578 2962 deserunt
1605 2909 1695 2962 sed
1723 2909 1879 2963 etiam
1905 2908 2139 2962 vendunt
2164 2938 2234 2946 —

292 3002 531 3056 omnibus
569 3002 739 3055 modis
779 3002 1055 3072 prohibere
1094 3004 1388 3057 contendat.
1464 3005 1552 3058 Ad
1596 3005 1725 3058 haec
1772 3005 1912 3058 enim
1951 3005 2238 3075 apostolica

290 3101 343 3152 te
382 3099 692 3152 auctoritate
729 3098 915 3151 fultum
958 3115 1069 3152 esse
1107 3099 1371 3154 volumus:
1410 3104 1470 3154 ut
1506 3118 1612 3154 non
1651 3100 1818 3154 solum
1846 3101 1902 3154 in
1933 3100 2100 3154 Scotis
2139 3100 2238 3155 hoc

291 3194 458 3248 scelus
498 3195 590 3248 sed
630 3195 786 3248 etiam
824 3194 881 3247 in
920 3194 1053 3262 aliis,
1094 3194 1139 3247 si
1179 3212 1306 3265 quos
1344 3197 1401 3249 in
1424 3196 1718 3265 Anglorum
1742 3197 1916 3251 insula
1952 3196 2083 3251 tales
2123 3214 2237 3251 esse

291 3291 620 3359 cognoveriS,
660 3291 791 3345 dura
831 3291 1278 3357 animadversione
1314 3293 1529 3362 punias,
1583 3297 1635 3347 et
1670 3294 1900 3347 radicem
1937 3294 2073 3347 tanti
2109 3292 2236 3347 mali

290 3387 536 3456 prudenti
574 3387 777 3441 sarculo
818 3387 1152 3441 correctionis
1191 3388 1400 3458 penitus
1439 3389 1704 3459 extirpare
1741 3406 1846 3443 non
1885 3388 2109 3443 differas

413 3522 446 3548 a..
479 3511 654 3550 fraternis
681 3513 718 3558 1,
744 3512 880 3550 fratres
908 3514 943 3550 2.
1098 3512 1136 3549 b.
1163 3514 1202 3549 et
1229 3513 1264 3558 1,
1293 3513 1362 3550 sed
1388 3514 1423 3550 2.
1579 3525 1611 3550 0.
1647 3514 1760 3551 etiam
1787 3515 1939 3552 addidi.

411 3589 452 3633 1.
483 3589 674 3647 Philipp.
696 3592 737 3648 2,
760 3593 831 3636 21.
983 3593 1024 3636 2.
1056 3591 1129 3636 Ps.
1154 3592 1195 3648 2,
1218 3592 1260 3636 2.
1409 3592 1452 3636 3.
1484 3592 1721 3649 epistolam
1750 3591 2008 3650 perferenti.

2322 417 2436 460 1073

2248 475 2330 523 (Iul.
2345 496 2386 501 —
2399 475 2508 524 Nov.)
