2782 4198
548 274 656 327 254
1046 285 1320 325 Gna-Gonu
1357 286 1436 321 vu
1473 283 1737 321 REGIs‘rm
1774 285 1830 320 1v
1857 283 1892 320 9.
1920 283 1980 320 lo.

394 409 510 453 1076
548 421 856 475 suspensum
895 406 947 457 et
987 419 1016 455 a
1054 401 1420 455 communione
1456 400 1689 470 corporis
1724 403 1777 453 et
1803 400 2070 468 sanguinis
2097 398 2311 454 Domini
2336 415 2487 469 sepa-

383 469 476 507 Nov.
495 470 519 507 2
546 504 744 566 ratum3
785 499 886 551 nisi
922 499 1054 550 forte
1095 497 1193 550 sibi
1231 496 1414 549 mortis
1453 495 1744 566 periculum
1771 497 2143 565 supervenerit.
2267 494 2339 548 Et
2365 494 2487 564 quia

545 612 650 648 non
697 594 863 647 solum
910 593 1191 647 necessitas
1243 597 1295 646 et
1337 592 1603 645 tribulatio
1643 591 1784 644 illius
1824 591 2070 645 ecclesiae
2107 608 2289 645 verum
2328 590 2487 643 etiam

545 690 711 743 multa
749 689 852 742 alia
887 689 1036 757 regni
1071 689 1232 742 vestri
1269 688 1485 755 negocia
1523 688 1754 755 exigunt,
1795 690 1853 739 ut
1877 686 2110 740 Romano
2140 686 2356 741 concilio
2380 686 2487 739 fra-

545 785 762 839 ternitas
810 789 901 837 tua
945 784 1197 837 interesse
1247 784 1457 851 debeat,
1509 783 1846 836 admonemus
1885 786 1962 836 te:
2010 787 2069 836 ut
2107 783 2247 835 omni
2286 785 2487 835 remota

546 881 813 934 occasione
852 879 917 932 ad
955 880 1252 949 proximam
1291 880 1545 949 synodum
1583 882 1818 932 nostram
1856 878 2036 932 venias
2077 882 2128 931 et
2156 878 2263 931 iam
2289 878 2486 931 dictum

545 975 974 1029 Aurelianensem
1029 975 1330 1045 episcopum
1378 979 1548 1028 tecum
1597 974 1774 1028 venire
1821 990 2166 1027 commoneas.
2234 973 2486 1027 Volumus

547 1071 721 1139 etiam,
761 1075 820 1124 ut
858 1074 909 1123 et
945 1070 1008 1138 is,
1050 1071 1139 1139 qui
1177 1087 1313 1124 nunc
1351 1074 1493 1124 tenet
1531 1070 1817 1138 decaniam,
1865 1086 1982 1123 cum
2022 1069 2203 1123 eodem
2242 1070 2486 1139 episcopo

546 1166 736 1219 veniat.
798 1165 900 1219 Sed
939 1170 991 1219 et
1017 1165 1377 1234 loschelinum,
1420 1166 1508 1235 qui
1537 1166 1728 1219 iniuste
1757 1183 1810 1219 se
1837 1165 2156 1235 expoliatum
2185 1169 2236 1218 et
2259 1165 2489 1235 plurima

547 1278 642 1314 sua
677 1278 774 1331 pro
812 1262 1142 1330 reparatione
1180 1262 1435 1315 bonorum
1474 1262 1720 1316 ecclesiae
1760 1262 2070 1332 expendisse
2099 1261 2353 1331 deplorat,
2392 1276 2488 1314 nec

546 1373 650 1409 non
683 1356 1007 1409 Everardum
1047 1360 1098 1409 et
1138 1357 1338 1426 aliquos
1377 1358 1440 1411 de
1479 1357 1697 1425 clericiS,
1738 1362 2035 1410 ostensuros
2074 1362 2181 1410 tam
2223 1356 2487 1410 decretum

546 1452 818 1522 proprium
857 1452 1088 1521 episcopi
1128 1469 1283 1520 quam
1323 1454 1482 1506 etiam
1519 1453 1844 1507 venerandae
1883 1454 2165 1506 memoriae
2199 1451 2488 1505 Alexandri

544 1563 713 1616 papae
737 1547 1150 1616 praedecessoris
1177 1549 1343 1601 nostri
1367 1549 1716 1618 privilegium,
1745 1549 1920 1602 venire
1947 1548 2321 1618 praecipimus;
2363 1564 2488 1616 qua-

543 1646 694 1695 tenus
733 1641 886 1694 unius
926 1642 1173 1712 cuiusque
1210 1645 1467 1698 rationem
1497 1645 1895 1712 diligentissime
1922 1645 2182 1713 possimus
2207 1643 2486 1712 inquirere,

545 1742 597 1791 et
635 1754 766 1806 quae
804 1738 1111 1805 corrigenda
1150 1744 1271 1792 sunt
1307 1740 1383 1793 ita
1409 1740 1520 1793 Deo
1560 1740 1846 1793 auxiliante
1873 1740 2146 1807 corrigere,
2186 1743 2245 1792 ut
2271 1739 2488 1809 quisque

542 1833 798 1886 iustitiam
825 1850 972 1886 suam
998 1833 1188 1888 habeat
1214 1840 1266 1888 et
1292 1836 1508 1889 ecclesia
1534 1836 1743 1889 omnino
1773 1836 2017 1903 quiescat.
2073 1834 2287 1887 Interim
2316 1838 2490 1887 autem

545 1929 611 1982 ad
656 1927 1011 1982 firmissimam
1052 1934 1103 1984 et
1140 1931 1496 1985 inviolabilem
1534 1948 1718 2002 pacem
1758 1931 1987 1984 eiusdem
2029 1930 2275 1984 ecclesiae
2315 1930 2490 1984 decer-

542 2025 741 2078 nimus:
781 2029 840 2078 ut
876 2026 971 2094 illi,
1014 2027 1103 2095 qui
1140 2044 1279 2081 nunc
1308 2027 1552 2081 decaniae
1590 2031 1814 2098 praeest,
1854 2035 2045 2096 1180110ἃ
2074 2026 2140 2080 ad
2170 2026 2490 2080 audientiam

542 2124 775 2173 nostram
816 2122 1047 2175 eiusdem
1079 2123 1323 2177 decaniae
1359 2124 1619 2194 possessio
1648 2123 1994 2191 relinquatur;
2035 2122 2320 2176 loschelino
2351 2139 2487 2191 ver0,

545 2217 790 2285 quicquid
830 2222 948 2271 ante
987 2218 1195 2271 initium
1234 2219 1386 2272 huius
1424 2219 1533 2272 litis
1571 2219 1765 2287 tenuit,
1818 2219 1928 2271 sine
1968 2218 2374 2271 contradictione
2413 2222 2489 2271 te-

543 2329 666 2365 nere
704 2313 1055 2382 permittatur.
1114 2313 1395 2368 Benedicto
1434 2320 1606 2368 autem
1634 2332 1738 2367 non
1767 2314 1935 2366 solum
1961 2313 2313 2383 praebendam
2340 2330 2489 2366 suam

545 2408 636 2461 sed
677 2409 832 2461 etiam
873 2426 948 2476 ea,
990 2426 1121 2477 quae
1160 2411 1427 2464 occasione
1453 2410 1606 2463 huius
1634 2409 1923 2462 discordiae
1949 2408 2155 2462 videtur
2179 2409 2488 2479 perdidisse,

543 2503 599 2556 in
645 2503 908 2571 integrum
953 2505 1278 2559 restituenda
1322 2506 1433 2559 fore
1479 2506 1733 2559 iubemus.
1813 2504 1952 2558 Data
1997 2504 2191 2558 Romae
2239 2506 2273 2557 4
2311 2504 2488 2558 Nonas

545 2598 870 2668 NovembriS,
911 2599 1193 2654 indictione
1238 2603 1319 2654 15.

544 2768 624 2831 IV
654 2773 751 2831 10.
789 2774 980 2828 Adilae
1020 2779 1309 2830 comitissae
1334 2777 1657 2830 Flandrensi
1692 2779 1886 2844 scribit,
1927 2778 2277 2831 sacerdotibus
2301 2777 2486 2846 forni-

785 2874 982 2924 cationi
1019 2873 1255 2925 obnoxiis
1295 2874 1549 2925 celebrare
1586 2876 1798 2926 missam
1835 2893 1941 2926 non
1975 2875 2139 2926 licere.
2200 2873 2488 2924 Hubertum

784 2968 1212 3021 archidiaconum
1257 2968 1678 3022 Tarvannensem
1716 2972 1779 3022 de
1817 2971 2019 3022 haeresi
2054 2970 2245 3037 arquit.

376 3084 490 3127 1076
693 3075 974 3145 Gregorius
1015 3068 1288 3148 episcopus
1329 3095 1508 3132 servus
1548 3096 1819 3132 servorum
1846 3079 1945 3132 Dei
1969 3074 2154 3131 Adilel
2178 3076 2487 3130 Flandrensi

351 3144 444 3181 Nov.
468 3144 515 3180 ¹⁰
545 3172 841 3227 comitissae
880 3173 1098 3227 salutem
1140 3177 1192 3227 et
1230 3174 1570 3244 apostolicam
1609 3175 2034 3228 benedictionem.

691 3268 937 3322 Pervenit
974 3269 1040 3322 ad
1082 3287 1232 3323 aures
1271 3273 1494 3339 nostraS,
1536 3270 1674 3339 quod
1713 3270 1925 3340 quidam
1961 3271 2193 3322 vestrum
2221 3266 2485 3321 dubitant:

544 3367 720 3416 utrum
767 3381 930 3419 necne
975 3365 1269 3419 sacerdotes
1322 3382 1382 3419 ac
1418 3366 1608 3420 levitae
1647 3383 1738 3419 seu
1777 3364 1967 3417 caeteri
2012 3363 2100 3432 qui
2148 3363 2308 3416 sacris
2358 3363 2487 3416 alta-

545 3458 688 3511 ribus
727 3460 1119 3530 administrant,
1169 3462 1226 3515 in
1263 3462 1607 3515 fornicatione
1643 3460 2002 3530 persistenteS,
2037 3459 2229 3512 missae
2268 3459 2490 3513 debeant

665 3593 699 3618 a.
732 3584 848 3630 utque
877 3599 910 3621 c.

666 3662 704 3703 1.
737 3662 866 3704 uxori
895 3662 1106 3706 Balduini
1125 3663 1169 3707 V
1200 3663 1377 3707 comitis
1407 3662 1658 3718 Flandriae,
1691 3661 1822 3704 matri
1851 3660 2037 3705 Roberti
2067 3661 2088 3704 I
2120 3662 2309 3705 comitis.
