2722 4172
516 280 618 334 122
1030 297 1303 336 GREGORH
1337 297 1417 335 vn
1452 297 1715 337 REGISTRI
1751 301 1793 338 11
1819 300 1854 337 8.
1882 302 1916 339 9.

335 415 449 459 1074
511 413 815 467 sacerdotali
860 413 1131 481 vigilantia
1178 418 1229 467 et
1277 413 1443 468 officio
1492 415 1592 469 sibi
1638 421 1843 484 gratum
1891 418 2199 474 sacrificium
2244 424 2297 474 et
2339 420 2435 474 tibi

310 474 410 523 56Ρῄ
431 478 479 514 22
509 512 703 562 statuat
741 514 977 562 aeternae
1014 509 1275 564 felicitatis
1313 511 1619 582 praemium.
1677 513 1816 568 Data
1847 513 2040 570 Romae
2082 518 2150 570 10
2175 516 2434 570 Kalendas

507 603 759 673 OctobriS,
797 605 1076 659 indictione
1120 608 1201 660 13.

503 760 554 820 Π
589 764 643 820 9.
702 768 938 821 Beatriei
975 780 1022 822 et
1044 771 1299 824 Matkildi
1333 772 1527 838 scribit,
1570 791 1622 825 86
1658 772 1902 842 maliynis
1941 774 2003 826 de
2039 776 2106 826 iis
2139 775 2432 827 rumoribus

702 874 808 908 non
846 858 1062 910 credere.
1129 859 1290 913 Dolet
1325 862 1387 913 de
1424 864 1645 915 sanitate
1689 862 1792 914 sibi
1834 864 2084 915 restituta.
2154 862 2434 915 Robertum

708 942 1057 999 Guiscaidum
1076 949 1494 1016 sibifidelitatem
1515 951 1768 1003 obtulisse.
1812 950 1878 1004 Si
1902 951 2067 1004 altera
2086 969 2262 1003 earum
2288 961 2432 1003 trans

702 1033 866 1106 Alpes
903 1037 1046 1088 itura
1091 1039 1182 1102 sit,
1236 1049 1387 1090 antea
1436 1039 1662 1110 colloqui
1707 1059 1821 1092 eum
1866 1041 1932 1092 iis
1981 1041 2138 1110 eupit.
2202 1039 2434 1092 Aeonem

702 1124 1048 1177 marchionem
1094 1137 1139 1179 et
1174 1127 1489 1198 Papiensem
1535 1148 1595 1180 ae
1633 1130 1979 1182 Mutinensem
2017 1130 2281 1199 episcopos
2322 1128 2432 1181 Ro-

700 1231 839 1264 mam
876 1225 1080 1267 vocatos
1119 1234 1237 1267 esse.

324 1318 470 1416 0137?ss
646 1312 925 1382 Gregorius
965 1317 1236 1388 episcopus
1286 1335 1464 1372 servus
1512 1336 1779 1372 servorum
1817 1319 1916 1372 Dei
1953 1318 2179 1372 Beatrici
2227 1319 2345 1373 duci
2383 1324 2435 1374 et

394 1406 402 1414 ‘
500 1410 608 1462 eius
646 1409 783 1464 filiae
820 1410 1059 1465 Mathildi
1097 1414 1318 1468 salutem
1356 1419 1407 1468 et
1446 1416 1784 1486 apostolicam
1822 1415 2245 1469 benedictionem.

643 1506 761 1560 Non
779 1516 898 1560 vos⁸
917 1508 1066 1578 fugit,
1087 1510 1259 1564 varios
1286 1528 1441 1581 saepe
1468 1512 1533 1564 ad
1558 1511 1683 1564 nosb
1703 1528 1936 1564 rumores
1965 1512 2027 1565 de
2046 1511 2219 1565 vobis⁰
2242 1511 2430 1581 afferri,

498 1602 631 1656 sicut
667 1621 779 1657 mos
819 1621 998 1658 eorum
1036 1610 1138 1675 est,
1188 1607 1276 1675 qui
1316 1608 1599 1660 amicorum
1637 1607 1900 1660 dilectioni
1935 1608 2171 1661 invident
2217 1612 2267 1661 et
2303 1625 2432 1662 una-

495 1699 737 1753 nimitati.
797 1699 867 1753 Et
906 1701 1140 1770 quidem,
1193 1702 1237 1755 si
1274 1720 1369 1755 nos
1408 1703 1599 1756 talibus
1639 1720 1788 1757 aures
1829 1704 1965 1772 quod
2006 1704 2140 1758 absit
2179 1704 2432 1758 acclinare

494 1795 760 1864 vellemne,
801 1813 906 1849 non
942 1796 1095 1850 multi
1134 1802 1271 1867 sunt,
1310 1799 1366 1851 in
1406 1799 1590 1868 quibus
1617 1799 1848 1853 sincerae
1875 1800 2164 1853 dilectionis
2193 1791 2434 1854 affectum

494 1892 642 1945 nobis
681 1896 862 1962 patere
901 1893 1244 1948 crederemus,
1304 1894 1406 1949 Sed
1431 1913 1542 1964 noS,
1582 1896 1712 1949 nihil
1736 1896 1844 1949 fere
1869 1896 2043 1966 potius
2071 1914 2227 1965 quam
2253 1913 2432 1967 suspe-

495 1993 635 2042 ctum
662 1989 893 2042 animum
917 1990 1189 2059 fugienteS,
1216 1991 1272 2044 in
1298 1992 1516 2046 veritate
1540 1992 1686 2046 vobis
1711 1992 1997 2062 loquimur:
2034 1993 2172 2061 quod
2194 1993 2251 2045 in
2275 1992 2432 2047 nullis

494 2089 752 2139 terrarum
789 2087 1111 2156 principibus
1150 2088 1313 2141 tutius
1342 2105 1498 2157 quam
1522 2089 1578 2142 in
1603 2093 1779 2142 vestra
1804 2089 2074 2143 nobilitate
2101 2088 2430 2156 confidimus3

496 2183 741 2251 quoniam
778 2182 876 2236 hoc
915 2183 1096 2252 verba,
1136 2184 1234 2237 hoc
1271 2185 1434 2253 facta,
1473 2184 1570 2238 hoc
1606 2186 1724 2255 piae
1764 2185 2051 2239 devotionis
2091 2186 2286 2254 studia,
2335 2185 2432 2239 hoc

492 2277 614 2332 fidei
651 2282 854 2332 vestrae
890 2279 1162 2349 praeclara
1188 2298 1284 2335 nos
1311 2282 1602 2335 constantia
1627 2282 1924 2335 docuerunt.
1984 2281 2031 2334 N
2034 2297 2091 2335 ec
2116 2281 2428 2350 dubitamuS,

495 2375 619 2443 quin
656 2379 831 2428 vestra
866 2376 922 2428 in
959 2376 1109 2430 nobis
1147 2394 1271 2430 vera
1307 2378 1528 2430 nitescat
1567 2378 1772 2454 caritas,
1813 2394 1930 2431 cum
1964 2394 2058 2447 per
2083 2376 2293 2431 Petrum
2321 2394 2429 2431 ser-

492 2488 586 2525 vus
627 2475 679 2524 et
713 2471 898 2525 Petrus
935 2472 992 2525 in
1031 2490 1179 2526 servo
1219 2474 1466 2542 diligitur.

639 2567 719 2621 De
758 2571 927 2621 cetero
967 2569 1165 2638 scitote,
1204 2586 1300 2622 nos
1337 2573 1545 2639 praeter
1583 2586 1728 2639 spem
1768 2569 2000 2622 omnium
2039 2569 2127 2638 qui
2160 2569 2430 2623 nobiscum

493 2668 641 2717 erant
676 2662 1034 2718 infirmitatem
1079 2666 1308 2736 corporis
1355 2665 1581 2718 evasisse
1630 2670 1681 2718 et
1717 2666 1823 2718 iam
1862 2666 2051 2719 bonam
2089 2666 2429 2720 valitudinem

490 2761 761 2831 recepisse.
820 2759 969 2813 Unde
1013 2761 1162 2815 nobis
1202 2762 1480 2815 dolendum
1525 2762 1700 2832 potius
1748 2779 1903 2831 quam
1947 2762 2277 2829 gaudendum
2315 2779 2428 2815 esse

490 2861 752 2927 putamus.
813 2857 1079 2911 Tendebat
1117 2858 1254 2911 enim
1295 2858 1470 2911 anima
1492 2862 1672 2911 nostra
1699 2862 1750 2911 et
1774 2862 1882 2911 toto
1910 2858 2163 2912 desiderio
2192 2858 2258 2911 ad
2281 2857 2426 2911 illam

490 2954 717 3024 patriam
756 2952 1056 3022 anhelabat,
1107 2954 1163 3007 in
1202 2972 1303 3023 qua
1340 2954 1452 3023 ille,
1506 2955 1595 3023 qui
1631 2954 1863 3008 laborem
1903 2958 1953 3007 et
1992 2954 2221 3007 dolorem
2259 2953 2426 3006 consi-

491 3051 639 3105 derat
653 3048 683 3120 ¹,
721 3051 873 3104 lassis
913 3051 1138 3120 quietem
1178 3055 1229 3104 et
1264 3051 1594 3119 refrigerium
1623 3055 1869 3121 praestat.
1926 3050 2135 3119 Verum,
2174 3050 2427 3103 reservati

492 3147 659 3201 adhuc
698 3148 763 3200 ad
802 3151 1074 3201 consuetos
1111 3147 1314 3200 labores
1343 3151 1394 3201 et
1417 3147 1646 3200 infinitas
1675 3147 2062 3214 sollicitudineS,
2101 3147 2157 3198 in
2195 3146 2425 3214 singulas

490 3245 644 3298 horas
672 3244 821 3314 quasi
845 3244 1181 3314 parturientis
1219 3241 1448 3297 dolores2
1476 3249 1528 3298 et
1561 3243 1825 3312 angustias
1860 3243 2105 3312 patimur,
2146 3242 2269 3294 dum
2291 3259 2425 3313 pene

489 3342 545 3393 in
585 3341 744 3394 oculis
781 3341 975 3394 nostris
1014 3340 1410 3408 naufragantem
1460 3340 1730 3394 ecclesiam
1776 3339 1916 3391 nullo
1955 3338 2185 3391 valemus
2226 3339 2425 3409 eripere

491 3436 854 3504 gubernaculo,
913 3436 1024 3490 Lex
1063 3438 1202 3490 enim
1241 3441 1291 3490 et
1327 3437 1509 3505 religio
1549 3436 1829 3490 christiana
1865 3435 1940 3488 ita
1976 3434 2084 3488 fere
2111 3435 2299 3504 ubique
2338 3436 2424 3489 de-

490 3533 663 3603 periit,
701 3538 760 3587 ut
787 3533 1060 3588 Sarraceni
1100 3537 1151 3587 et
1178 3533 1394 3602 quilibet
1430 3533 1622 3603 pagani
1659 3549 1779 3586 suos
1816 3532 1947 3585 ritus
1972 3529 2171 3584 firmius
2197 3536 2424 3601 teneant,

607 3647 638 3672 a.
674 3648 744 3673 nos
773 3652 804 3672 c.
957 3637 994 3673 b.
1030 3648 1098 3673 vos
1126 3652 1156 3672 c.
1313 3648 1344 3673 c.
1379 3636 1489 3673 nobis
1517 3651 1549 3672 c.

609 3701 649 3743 1.
680 3701 754 3743 Ps.
779 3701 846 3757 10,
872 3700 941 3743 14.
1091 3701 1132 3744 2.
1163 3700 1321 3744 Ierem.
1344 3701 1414 3757 22,
1437 3701 1507 3744 23.
