2722 4172
483 266 587 318 140
978 279 1251 318 GREGORII
1289 281 1367 317 vn
1404 279 1669 318 REGISTRI
1705 281 1748 318 11
1773 280 1834 317 27.
1860 281 1922 318 28.

307 400 422 445 1074
474 397 658 450 mitate
698 412 757 450 ac
793 413 890 466 pro
927 413 1028 464 me,
1067 400 1127 450 ut
1164 396 1265 450 sibi
1295 395 1564 450 consulere
1590 395 1809 466 valeam,
1849 398 2035 468 Deum,
2073 398 2158 453 cui
2193 397 2418 454 fideliter

283 461 378 498 N⁰v‘
399 462 447 499 ²⁷
473 491 825 559 famulamini,
865 491 1056 558 iugiter
1096 491 1338 546 exoretis,
1417 490 1557 545 Data
1592 491 1860 547 Romaeb
1900 493 2159 548 Kalendas
2197 494 2417 549 Decem-

472 586 598 656 bris,
637 586 919 640 indictione
962 588 1044 639 13.

472 758 523 819 ῙῙ
557 762 658 820 28.
694 764 975 816 Lemarum
1013 764 1460 834 arehiepiscopum
1485 765 1817 817 Bremensem
1852 765 1925 816 ad
1959 767 2216 835 synodum
2251 777 2414 821 vocat.

695 860 911 912 Interim
949 861 1238 930 episcopali
1272 879 1482 912 munere
1521 879 1633 913 eum
1655 860 1828 931 funqi
1862 871 2012 926 vetat,
2062 865 2188 931 quia
2226 862 2417 933 leyatoe

692 975 811 1009 suos
851 976 884 1008 a
918 957 1144 1025 yerendo
1184 956 1402 1008 coneilio
1441 958 1784 1027 impediverit.

306 1075 421 1118 1074
621 1064 900 1133 Gregorius
941 1065 1214 1135 episcopus
1254 1082 1434 1119 servus
1474 1083 1743 1119 servorum
1769 1066 1869 1120 Dei
1901 1065 2123 1120 Lemaro
2147 1064 2420 1121 Bremensi

282 1135 373 1172 Dec'
395 1136 442 1172 ¹2
473 1162 877 1232 archiepiscopo

619 1257 753 1320 Quia
790 1257 1018 1327 suscepti
1056 1255 1310 1325 beneficii,
1354 1273 1454 1326 quo
1493 1261 1547 1312 te
1585 1262 1766 1311 sancta
1802 1257 2038 1311 Romana
2075 1257 2293 1312 ecclesia
2327 1275 2419 1313 vo-

470 1353 570 1407 luit
594 1354 886 1422 honestare,
913 1357 966 1407 te
990 1353 1349 1406 immemorem
1370 1353 1559 1406 immo⁸
1580 1354 1752 1424 potius
1779 1341 2039 1422 ingratum
2064 1355 2417 1424 cognovimuS,

473 1449 690 1503 oblitum
739 1449 895 1502 etiam
943 1449 1345 1518 promissionem
1402 1449 1806 1518 canonicamque
1863 1449 2258 1519 obligationem,
2317 1467 2420 1520 qua.

472 1549 681 1599 sanctae
717 1544 982 1598 Romanae
1020 1544 1268 1598 ecclesiae
1306 1548 1376 1612 te,
1413 1543 1621 1598 fidelem
1658 1549 1710 1599 te
1750 1545 1895 1599 eamb
1924 1545 2139 1614 diligere
2165 1546 2315 1616 eique
2353 1564 2419 1601 ex

471 1641 626 1694 corde
666 1640 892 1708 obedire,
934 1640 1180 1693 canonice
1208 1639 1477 1707 obligasti3
1517 1657 1620 1694 non
1647 1641 1909 1695 immerito
1937 1658 2094 1712 super
2119 1646 2170 1696 te
2198 1642 2417 1697 dolendo

471 1753 757 1805 movemur,
799 1752 903 1789 non
943 1736 1054 1789 sine
1094 1752 1251 1789 causa
1287 1736 1400 1804 tibi,
1442 1752 1596 1805 quem
1633 1735 1840 1790 fidelem
1868 1735 2036 1790 filium
2063 1738 2417 1808 credebamuS,

469 1833 759 1885 irascimur.
800 1831 917 1885 Heu
941 1832 1137 1885 inversi
1162 1848 1333 1885 mores
1361 1835 1412 1885 et
1436 1836 1674 1902 tempora
1699 1832 1991 1886 immutata.
2026 1833 2190 1897 Quem
2208 1851 2420 1888 murum

469 1928 928 1999 inexpugnabilem
956 1945 1051 1998 pro
1074 1932 1254 1982 sancta
1271 1927 1509 1981 Romana
1530 1928 1762 1998 ecelesia,
1791 1929 1873 1982 cui
1898 1929 2021 1983 licet
2043 1914 2246 1998 indigni
2266 1947 2420 2001 prae-

470 2025 745 2094 sidemus⁰,
785 2024 1125 2095 putabamus3
1168 2041 1319 2093 quem
1361 2027 1563 2078 scutum
1602 2023 1741 2093 fidei,
1783 2042 1935 2094 quem
1966 2025 2199 2093 gladium
2224 2025 2420 2081 Christi

471 2138 675 2174 sumere
714 2120 919 2189 debere,
961 2121 1005 2174 si
1045 2124 1324 2191 oporteret,
1363 2124 1477 2173 tum
1503 2119 1671 2174 officio
1696 2124 1786 2174 tuo
1814 2125 1922 2174 tum
1951 2122 2218 2192 praedicto
2245 2122 2419 2177 debito

469 2234 565 2288 pro
605 2222 787 2271 sancta
823 2217 1061 2270 Romana
1098 2216 1331 2285 ecclesia,
1370 2233 1465 2286 pro
1503 2216 1654 2270 nobis
1694 2217 1852 2270 etiam
1890 2217 2185 2286 nostrisque
2217 2234 2419 2272 succes-

472 2313 676 2367 soribus
728 2313 1089 2380 credebamus3
1147 2313 1254 2366 iam
1305 2312 1415 2366 eius
1458 2315 1797 2382 nostrumque
1840 2313 2110 2366 inimicum
2157 2317 2419 2367 nostrum-

472 2426 571 2478 que
608 2409 1011 2479 inpugnatorem
1061 2409 1355 2462 invenimus
1403 2412 1482 2477 te,
1533 2408 1719 2477 atque*¹
1756 2409 1975 2462 iniurias
2015 2426 2046 2462 a
2082 2412 2135 2463 te
2182 2416 2269 2462 30ο
2306 2413 2419 2463 tur-

470 2505 745 2575 pissimam
795 2507 847 2558 et
882 2504 1172 2558 inauditam
1209 2504 1475 2574 repulsam
1513 2503 1637 2557 licet
1671 2504 1863 2558 iniuste
1901 2505 2146 2575 patimur.
2204 2503 2418 2574 Legatis

474 2601 667 2671 quippe
712 2601 905 2653 nostris
949 2600 1169 2654 Uberto‘
1205 2600 1627 2654 Praenestinensi
1676 2604 1727 2654 et
1775 2598 1988 2653 Giraldo
2033 2600 2262 2654 Ostiensi
2309 2601 2419 2671 epi-

473 2697 644 2766 scopis
684 2725 753 2732 —
795 2712 923 2764 quos
963 2697 1031 2749 ad
1067 2700 1245 2766 partes
1282 2696 1401 2749 illas
1442 2696 1507 2749 ad
1543 2696 1599 2749 id
1629 2696 2021 2765 destinavimus,
2060 2699 2136 2765 ut,
2174 2697 2231 2750 in
2254 2714 2418 2751 unum

474 2792 877 2862 archiepiscopis
906 2792 1165 2862 episcopis
1193 2791 1466 2845 abbatibus
1491 2792 1851 2861 religiosisque
1877 2793 2077 2846 clericis
2104 2792 2417 2861 convocatiS,

471 2888 584 2941 vice
624 2892 676 2942 et
714 2888 1022 2941 auctoritate
1059 2891 1239 2941 nostra
1274 2887 1417 2957 fulti,
1470 2905 1601 2957 quae
1639 2889 1946 2957 corrigenda
1982 2892 2156 2942 essent
2192 2887 2418 2956 corrige-

472 2987 606 3052 rent,
647 3001 779 3053 quae
816 2983 1058 3051 religioni
1098 2983 1336 3037 addenda
1375 2984 1625 3038 adderent
1651 3014 1721 3022 —
1748 3001 1844 3055 pro
1879 2984 2076 3038 viribus
2102 2982 2413 3053 impedisti&

472 3079 559 3132 Ad
595 3079 739 3148 haec,
778 3082 838 3132 ut
876 3083 928 3133 et
965 3079 1241 3133 concilium
1283 3079 1455 3149 fieret,
1506 3080 1832 3150 prohibuisti.
1900 3079 1985 3133 Ab
2023 3078 2219 3133 eisdem
2257 3079 2416 3132 etiam

472 3175 690 3229 Romam
729 3179 943 3229 vocatus
958 3216 972 3244 ,
1025 3176 1092 3228 ad
1136 3175 1436 3229 institutum
1484 3177 1790 3244 terminum,
1838 3175 2174 3229 festivitatem
2220 3173 2418 3228 scilicet

474 3272 641 3325 sancti
664 3271 908 3325 Andreae
923 3268 952 3340 ¹,
991 3288 1098 3324 non
1135 3272 1338 3325 venisti.
1399 3272 1486 3325 Ad
1523 3273 1651 3326 haec
1688 3272 1848 3340 igitur
1874 3274 1927 3324 et
1953 3286 2107 3339 quam
2133 3269 2287 3340 plura
2313 3269 2418 3323 alia

474 3367 779 3435 corrigenda
806 3367 871 3420 ad
896 3367 1192 3438 proximam
1222 3368 1495 3437 synodum,
1533 3384 1664 3437 quae
1692 3366 1962 3437 proximae
1989 3365 2416 3435 quadragesimae

590 3480 623 3506 a.
657 3469 770 3507 immo
801 3471 951 3508 addidi.
1108 3470 1146 3508 b.
1175 3482 1256 3507 eam
1285 3471 1437 3508 addidi.
1593 3481 1624 3508 0.
1651 3477 1851 3518 sequuntur
1876 3471 1914 3506 in
1941 3468 2025 3506 cod.
2052 3478 2120 3516 pro
2146 3467 2255 3504 nobis
2283 3468 2415 3514 etiam3

474 3534 543 3571 sed
569 3535 661 3571 haec
689 3536 844 3573 inducta
871 3544 967 3573 sunt.
1124 3537 1160 3574 d.
1195 3538 1255 3583 te,
1291 3538 1403 3585 atque
1438 3538 1575 3585 scripsi
1600 3549 1672 3584 pro
1698 3535 1857 3582 tuasque
1883 3534 1966 3571 cod.
2125 3544 2159 3570 e.
2194 3544 2238 3571 ac
2265 3533 2416 3572 addidi.

472 3598 499 3635 f.
536 3599 685 3639 alberto
713 3615 743 3638 c.
905 3612 940 3648 g.
969 3616 1017 3638 an
1044 3601 1313 3650 impedimento
1338 3602 1471 3639 fuisti?

593 3663 634 3706 1.
665 3662 779 3707 Nov.
802 3664 874 3708 30.
