2722 4172
507 295 579 349 20
1032 308 1305 348 GREGORII
1341 307 1419 345 vn
1455 306 1718 346 REGISTRI
1753 309 1774 345 1
1799 307 1916 344 9.1o.

356 431 471 501 1073
507 426 664 495 derit,
709 426 1061 481 interminatio
1102 442 1203 494 qua
1241 425 1454 479 dicitur:
1499 426 1808 478 Maledictus
1846 427 2022 492 homo,
2075 428 2169 495 qui
2195 425 2438 496 prohibet

343 491 477 531 Ma1.6
501 524 739 594 yladium
784 542 935 576 suum
972 543 1005 575 a
1042 525 1294 592 sanquine
1311 518 1338 589 ¹,
1388 537 1543 591 super
1580 537 1675 573 nos
1715 519 1825 574 Deo
1864 521 2168 591 providente
2205 538 2311 574 non
2348 537 2435 574 ve-

504 618 655 672 niet·.
712 618 891 687 Neque
930 618 1068 671 enim
1105 617 1327 671 liberum
1366 617 1514 670 nobis
1555 621 1656 684 est,
1708 616 1923 670 alicuius
1968 617 2229 686 personali
2267 617 2438 685 gratia

503 713 674 782 legem
720 713 821 768 Dei
869 718 1181 784 postponere
1235 717 1325 767 aut
1364 731 1395 766 a
1432 713 1641 766 tramite
1693 712 2018 765 rectitudinis
2065 730 2160 783 pro
2210 713 2435 766 humano

504 810 681 864 favore
717 810 984 878 recedere,
1024 810 1226 863 dicente
1268 808 1526 880 apostolo:
1570 809 1637 863 Si
1672 810 1962 862 hominibus
1994 810 2203 879 plaeere
2240 810 2433 875 vellem,

504 926 678 960 servus
705 907 813 960 Dei
834 926 939 960 non
965 902 1163 959 esse2m2.
1221 905 1362 959 Data
1384 905 1578 959 Romae
1606 907 1637 959 2
1665 905 1841 959 Nonas
1868 903 2010 972 Maii,
2040 905 2320 958 indictione
2352 907 2433 957 11.

503 1055 528 1116 Ῑ
566 1060 663 1118 10.
709 1060 946 1117 Gnidom'
982 1065 1157 1115 comiti
1189 1062 1437 1114 Imolensi
1471 1064 1702 1127 mandat,
1743 1072 1801 1114 ut
1825 1061 2101 1113 Imolenses
2128 1080 2161 1112 a
2191 1058 2435 1114 Guiberto

706 1151 1091 1221 archiepiscopo
1122 1152 1422 1204 Ravennam
1459 1170 1621 1221 usque
1660 1152 1731 1203 ad
1770 1151 2053 1220 Zeqatorum
2090 1167 2301 1201 suorum
2339 1149 2435 1200 ad-

703 1250 909 1292 ventum
946 1240 1204 1308 defendat.

354 1344 467 1389 1073
649 1333 928 1403 Gregorius
966 1335 1022 1387 in
1059 1334 1350 1387 Romanum
1388 1333 1687 1404 pontificem
1727 1334 1918 1388 electus
1947 1332 2171 1387 Guidoni
2195 1331 2437 1386 Imolensi

343 1405 471 1442 1un.1
502 1431 680 1484 comiti
718 1430 938 1484 salutem
976 1430 1031 1482 in
1071 1430 1278 1483 domino
1317 1429 1432 1483 Iesu
1473 1429 1693 1483 Christo,

613 1525 831 1589 Quidam
870 1525 1177 1594 ImolenseS,
1227 1531 1463 1580 nostram
1503 1527 1749 1580 adeuntes
1786 1526 2164 1596 praesentiam,
2213 1541 2434 1594 conque-

501 1622 661 1676 rendo
707 1622 856 1676 nobis
893 1622 1214 1690 indicavere,
1265 1623 1402 1691 quod
1442 1623 1699 1676 confrater
1737 1627 1913 1676 noster
1952 1621 2229 1676 Guibertus
2268 1622 2434 1675 archi-

504 1718 776 1789 episcopus
815 1717 1088 1771 Ravennas
1129 1735 1215 1771 eos
1256 1722 1438 1771 contra
1475 1719 1725 1771 honorem
1764 1719 1929 1772 sancti
1954 1718 2111 1786 Petri,
2151 1719 2233 1772 cui
2268 1717 2434 1771 fideli-

501 1818 662 1868 tatem
700 1815 954 1882 iuravere,
996 1831 1119 1867 suae
1160 1815 1368 1868 omnino
1410 1815 1601 1867 dicioni
1640 1814 1876 1882 subigere
1916 1819 1967 1867 et
2002 1815 2067 1867 ad
2090 1815 2309 1867 iuranda
2335 1813 2434 1867 sibi

500 1909 767 1964 fidelitatis
808 1914 1084 1980 attemptet
1121 1915 1447 1964 sacramenta
1487 1910 1810 1980 compellere.
1870 1910 2065 1964 Verum
2099 1910 2226 1963 haec
2250 1909 2432 1963 relatio

500 2009 645 2060 tanto
683 2006 801 2077 plus
841 2006 1218 2060 ammirationis
1257 2007 1406 2060 nobis
1448 2006 1645 2074 attulit,
1697 2012 1887 2076 quanto
1927 2011 2201 2077 perspecta
2239 2006 2432 2059 dudum

499 2102 556 2155 in
599 2119 658 2156 eo
698 2107 749 2156 et
785 2103 1018 2156 fraterna
1057 2103 1245 2155 caritas
1287 2107 1338 2156 et
1376 2102 1710 2155 sacerdotalis
1749 2103 1992 2156 honestas
2032 2103 2339 2173 suspicionis
2377 2103 2432 2155 in

499 2198 646 2251 illum
695 2199 1073 2252 indubitantius
1121 2215 1302 2252 causas
1355 2198 1596 2252 excludit.
1674 2198 1852 2266 Neque
1892 2199 2027 2251 enim
2068 2199 2274 2252 credere
2312 2215 2431 2268 pos-

502 2311 697 2363 sumUS,
737 2298 846 2348 tam
883 2295 1194 2365 prudentem
1233 2295 1404 2347 virum
1442 2295 1517 2347 ita
1543 2298 1632 2347 aut
1656 2299 1872 2347 naturae
1899 2299 1988 2347 aut
2014 2295 2282 2363 dignitatis
2309 2311 2431 2348 suae

500 2390 602 2444 loci
641 2390 860 2444 oblitum
898 2407 1036 2457 esse,
1083 2394 1155 2459 ut,
1200 2391 1287 2460 qui
1327 2389 1679 2460 apostolorum
1716 2390 1943 2460 principi
1979 2389 2282 2445 fidelitatem
2318 2391 2432 2462 ipse

500 2486 833 2541 iureiurando
883 2486 1150 2556 promisit,
1201 2486 1435 2554 neglecto
1485 2486 1714 2556 periculo
1749 2468 1882 2554 suc,
1934 2486 2090 2555 alios,
2140 2488 2227 2556 qui
2263 2484 2431 2541 idem³

500 2582 752 2651 fecerunt,
794 2581 859 2635 ad
897 2582 1185 2651 periurium
1223 2582 1423 2635 nitatur
1461 2599 1555 2653 per
1595 2583 1853 2651 exquisita
1892 2583 1955 2636 ab
1996 2583 2068 2636 eis
2109 2590 2433 2638 sacramenta

501 2678 819 2749 pertrahere.
878 2678 1143 2747 Attamen,
1186 2695 1505 2747 quecumque
1545 2679 1681 2731 inter
1721 2695 1807 2732 eos
1848 2679 2106 2732 discordia
2144 2684 2234 2733 aut
2270 2680 2430 2734 mole-

502 2775 720 2827 stiarum
759 2774 827 2827 sit
865 2775 1081 2843 occasio,
1124 2778 1375 2843 quatenus
1415 2792 1528 2828 eam
1569 2774 1747 2827 sedare
1787 2779 1853 2843 et,
1894 2775 1937 2828 si
1974 2776 2142 2845 possis
2170 2776 2313 2830 salvo
2337 2776 2429 2829 ho-

500 2887 626 2924 nore
666 2870 832 2923 sancti
870 2869 1028 2938 Petri,
1066 2869 1219 2923 firma
1253 2870 1460 2924 studeas
1487 2887 1613 2940 pace
1640 2871 1891 2940 decidere,
1930 2873 2260 2942 prudentiam
2283 2877 2429 2926 tuam

500 2966 651 3020 valde
689 2983 948 3034 rogamus,
1009 2966 1154 3030 Quod
1193 2966 1238 3019 si
1277 2966 1533 3035 aliquibus
1571 2967 1723 3020 malis
1752 2968 2154 3037 impedientibus
2178 2984 2282 3020 non
2308 2983 2428 3037 pos-

502 3063 572 3116 sis
612 3061 813 3116 efficere
852 3067 903 3116 et
939 3062 1234 3133 praedictus
1274 3062 1531 3115 confrater
1568 3067 1743 3116 noster
1770 3063 2185 3133 archiepiscopus
2212 3067 2300 3116 aut
2326 3063 2428 3116 alia

503 3158 761 3228 quaelibet
806 3175 1029 3230 persona
1074 3158 1336 3228 praefatos
1383 3159 1519 3212 cives
1569 3177 1599 3212 a
1635 3159 1885 3212 fidelitate
1932 3159 2068 3212 sedis
2115 3159 2425 3228 apostolicae

500 3272 606 3308 non
645 3255 848 3309 desinat
887 3255 1145 3309 obstinata
1183 3255 1545 3308 coercitatione
1585 3255 1854 3322 divellere,
1905 3255 2037 3307 sicut
2076 3254 2426 3325 apostolorum

502 3350 600 3427 tibi
636 3351 900 3421 praesidia
938 3351 1077 3421 apud
1116 3351 1523 3420 omnipotentem
1549 3351 1718 3404 Deum
1756 3350 2000 3420 prodesse
2040 3355 2091 3404 et
2117 3351 2172 3403 in
2198 3350 2294 3404 hac
2318 3351 2427 3404 vita

502 3463 608 3499 non
646 3447 757 3500 sine
792 3447 1099 3500 meritorum
1140 3446 1443 3517 compendio
1482 3446 2006 3516 praesidere'cupiaS,
2045 3446 2120 3499 ita
2146 3446 2236 3515 eiS,
2275 3464 2426 3517 prae-

505 3543 639 3597 senti
678 3543 983 3596 auctoritate
1024 3547 1234 3611 rogatus
1275 3546 1327 3597 et
1351 3544 1707 3611 commonitUS,
1748 3542 2058 3596 defensionis
2086 3542 2296 3612 auxilia,
2336 3543 2425 3597 do-

617 3649 651 3675 η.
682 3638 848 3676 inveniet
873 3653 906 3677 c.

621 3703 662 3746 1.
691 3701 849 3747 Ierem.
873 3702 944 3758 48,
974 3703 1042 3746 10.
1221 3703 1261 3745 2.
1295 3702 1439 3746 Galat.
1469 3703 1506 3758 1,
1535 3703 1602 3746 10.
1779 3702 1820 3746 3.
1851 3702 2170 3748 iusiurandum.
