2722 4172
520 248 622 303 154
1008 266 1278 305 GREGORII
1312 266 1391 302 vn
1427 263 1689 303 REGISTRI
1724 265 1767 302 11
1792 264 1854 301 40.
1882 264 1943 301 41.

512 374 564 436 Π
594 381 696 439 40.
730 384 996 437 Fidelibus
1037 383 1094 438 S.
1122 384 1273 437 Petri
1309 382 1499 454 leyatos
1537 401 1673 448 euos,
1725 380 2035 453 Gepizonem
2072 382 2130 438 S.
2158 382 2434 452 Bonffaeii

731 485 777 528 et
812 475 1059 527 Mauram
1099 472 1157 527 S.
1188 472 1359 527 Sabae
1397 473 1600 526 abbates
1640 472 1921 538 Romanos,
1963 473 2322 526 commendat.¹

367 590 480 634 1075
658 574 933 644 Gregorius
985 576 1256 647 episcopus
1303 591 1483 629 servus
1533 591 1800 628 servorum
1836 573 1935 629 Dei
1983 575 2218 629 omnibus
2265 574 2431 629 sancti

362 651 438 688 Μ’
459 653 482 688 ²
509 671 651 727 Petri
686 671 938 741 fidelibus,
979 672 1044 726 ad
1082 689 1208 742 quos
1237 672 1515 742 portitores
1544 670 1895 743 praesentium
1919 671 2171 740 venerint,
2211 670 2430 725 salutem

510 772 561 822 et
598 768 933 839 apostolicam
972 769 1395 823 benedictionem.

652 864 844 918 Notum
887 865 1032 918 vobis
1070 868 1172 933 est,
1223 865 1385 934 quod,
1434 867 1785 918 succrescente
1823 862 2054 932 nequitia
2090 866 2142 916 et
2178 861 2432 917 diabolica

506 960 687 1014 fraude
732 977 1097 1030 usquequaque
1144 960 1514 1029 invalescente,
1565 960 1846 1013 multorum
1882 959 1987 1012 iam
2026 959 2214 1014 caritas
2250 958 2433 1027 friguit

508 1060 560 1110 et
602 1057 760 1110 totius
813 1050 1076 1126 religionis
1123 1057 1347 1110 studium
1394 1058 1450 1110 in
1496 1060 1675 1110 sancta
1722 1055 1940 1110 ecclesia
1988 1071 2120 1125 pene
2169 1053 2427 1108 defecerit.

508 1151 609 1206 Sed
659 1153 780 1222 quia
820 1152 1123 1223 inpossibile
1161 1156 1262 1221 est,
1309 1156 1543 1206 nostram
1578 1153 1633 1206 in
1671 1156 1749 1206 tot
1787 1155 1839 1206 et
1873 1155 1983 1204 tam
2020 1150 2251 1205 diversas
2287 1149 2430 1205 solli-

505 1249 757 1303 citudines
795 1249 1144 1320 praesentiam
1182 1249 1429 1318 exhiberi,
1468 1249 1705 1302 misimus
1745 1249 1811 1302 ad
1846 1264 1937 1301 vos
1976 1247 2190 1301 dilectos
2221 1250 2430 1301 sanctae

504 1345 767 1399 Romanae
814 1346 1059 1399 ecclesiae
1107 1344 1266 1412 filios,
1314 1343 1554 1398 videlicet
1600 1343 1917 1414 Gepizonem
1965 1343 2203 1398 abbatem
2253 1342 2431 1397 Sancti

503 1439 781 1496 Bonifacii¹
822 1446 874 1496 61
899 1441 1137 1495 Maurum
1177 1440 1416 1494 abbatem
1443 1440 1620 1494 Sancti
1647 1439 1780 1494 Sabe
1791 1438 1826 1509 ²,
1865 1458 1959 1511 per
1998 1457 2124 1509 quos
2164 1443 2215 1493 et
2250 1443 2430 1502 nostra

502 1538 649 1592 vobis
686 1541 1103 1608 repraesentetur
1142 1537 1421 1591 auctoritas
1460 1540 1512 1590 et
1547 1540 1727 1591 nostra
1762 1537 1874 1591 vice
1912 1554 1989 1606 ea,
2029 1554 2160 1606 quae
2198 1536 2264 1590 ad
2287 1535 2429 1591 utili-

501 1636 663 1687 tatem
708 1637 917 1688 sanctae
965 1633 1210 1687 ecclesiae
1257 1633 1545 1703 pertinent,
1595 1649 1710 1686 cum
1748 1633 1848 1687 Dei
1895 1633 2150 1687 adiutorio
2197 1633 2431 1687 studiosa

500 1731 863 1800 procuratione
900 1733 1230 1800 peragantur.
1289 1728 1394 1782 Vos
1419 1728 1578 1797 igitur
1596 1759 1665 1766 -—
1685 1746 1940 1783 memores
1967 1729 2129 1783 divini
2152 1747 2247 1800 per
2273 1746 2428 1783 euan-

499 1826 692 1895 gelium
730 1827 880 1880 dicti:
939 1826 1047 1894 Qui
1080 1846 1169 1879 voe
1208 1827 1378 1892 audit,
1421 1845 1501 1878 me
1537 1827 1686 1880 audit
1692 1847 1710 1889 3
1761 1838 1808 1880 et
1844 1830 1938 1897 qui
1971 1846 2060 1880 vos
2098 1828 2310 1898 spernit,
2350 1844 2431 1878 me

499 1918 724 1994 sperni?
753 1953 821 1959 ——
857 1939 960 1991 eOS,
1002 1923 1135 1976 sicut
1172 1921 1236 1975 (16
1273 1925 1453 1975 nostra
1491 1922 1721 1976 amicitia
1756 1924 1916 1976 immo
1955 1922 2018 1977 de
2056 1922 2226 1990 gratia
2263 1921 2431 1975 sancti

498 2018 641 2073 Petri
687 2020 831 2073 cuius
870 2019 1047 2073 nuncii
1085 2022 1206 2072 sunt
1242 2035 1421 2072 curam
1458 2018 1684 2088 habetiS,
1734 2019 1908 2074 debita
1944 2036 2063 2074 cum
2099 2019 2430 2073 veneratione

501 2119 552 2170 et
599 2117 813 2170 caritate
850 2115 1142 2186 recipiatis3
1194 2119 1246 2168 et
1281 2115 1337 2168 in
1375 2115 1630 2184 omnibuS,
1671 2132 1803 2185 quae
1840 2116 1923 2170 vel
1961 2132 2117 2170 causa
2154 2115 2428 2184 legationis

500 2230 679 2266 eorum
717 2213 799 2267 vel
835 2212 1154 2281 fatigationis
1192 2212 1473 2266 necessitas
1510 2211 1876 2282 postulaverit,
1923 2210 2128 2266 fidelem
2165 2211 2269 2265 illis
2309 2211 2428 2266 obe-

500 2309 748 2363 dientiam
789 2313 839 2363 et
877 2325 1185 2362 consensum
1222 2308 1531 2378 praebeatis,
1599 2307 1873 2361 Praeterea
1912 2308 1956 2361 si
1994 2308 2292 2376 contigerit,
2340 2323 2426 2361 eos

500 2422 564 2460 ex
611 2405 936 2459 considerata
986 2408 1037 2458 et
1082 2404 1396 2475 competenti
1441 2405 1749 2458 necessitate
1786 2404 2118 2472 negociorum
2165 2404 2327 2457 dividi
2376 2407 2428 2458 et

499 2502 783 2573 separatim
807 2503 863 2555 in
890 2502 1120 2555 diversas
1146 2504 1322 2571 partes
1347 2499 1619 2571 proficisci,
1648 2500 1714 2553 ad
1739 2516 2067 2571 quoscunque
2094 2500 2224 2554 alter
2250 2517 2426 2554 eorum

499 2599 715 2667 venerit,
755 2615 872 2652 eum
910 2598 1044 2651 sicut
1079 2614 1174 2650 nos
1214 2597 1436 2650 audiatis
1476 2600 1543 2665 et,
1585 2596 1720 2665 quod
1758 2601 1966 2650 nostrae
1995 2596 2250 2650 deberetis
2275 2613 2426 2667 prae-

498 2695 709 2764 sentiae,
748 2695 804 2748 in
842 2712 900 2749 eo
941 2694 1211 2748 ostendere
1251 2697 1303 2747 61
1340 2693 1526 2763 exequi
1559 2709 1664 2746 non
1689 2693 1951 2747 dubitetis
2010 2692 2147 2747 Data
2170 2693 2364 2747 Romae
2390 2694 2426 2746 4

496 2791 672 2845 Nonas
710 2790 954 2860 Ianuarii,
991 2790 1273 2844 indictione
1315 2790 1396 2842 13.

496 2941 547 3002 ΙΙ
578 2946 680 3003 41.
715 2948 1014 3000 Feretranis
1066 2957 1113 3000 et
1146 2947 1439 3016 Euqabinis
1485 2947 1804 2999 commendat
1843 2945 1899 2999 S.
1931 2945 2104 2999 Sabae
2142 2955 2189 2997 et
2225 2943 2282 2997 S.
2311 2943 2422 2995 Bo-

716 3037 907 3106 nffaeii
951 3036 1155 3089 abbates
1201 3037 1410 3100 missos,
1461 3045 1518 3088 ut
1566 3054 1741 3088 eorum
1789 3033 2009 3087 eeclesiis
2046 3032 2423 3104 praeficiendos

718 3129 981 3197 episcopos
1020 3134 1209 3178 carent.

351 3241 465 3285 1075
645 3228 923 3297 Gregorius
972 3228 1243 3298 episcopus
1291 3243 1471 3280 servus
1520 3242 1787 3280 servorum
1824 3224 1923 3277 Dei
1969 3223 2104 3277 clero
2144 3226 2196 3276 et
2230 3221 2423 3292 populo

496 3422 922 3475 benedictionem.

615 3524 654 3566 1.
688 3521 766 3566 SS.
788 3521 939 3565 Alexii
971 3523 1017 3564 et
1039 3517 1261 3564 Bonifacii
1290 3520 1337 3563 in
1368 3522 1518 3563 monte
1550 3517 1775 3563 Aventino
1806 3516 1982 3572 (postea
2019 3527 2088 3572 ep.
2111 3514 2423 3570 caesenatem)

497 3596 554 3640 de
585 3608 672 3651 quo
705 3594 761 3639 cf.
783 3594 951 3638 Farlati
974 3594 1198 3652 Illyricum
1232 3606 1409 3637 sacrum
1428 3592 1496 3636 ΠΙ
1517 3591 1615 3636 146.
1734 3591 1774 3634 2.
1807 3602 1843 3633 S.
1868 3588 2017 3633 Cellae
2038 3601 2182 3633 novae
2202 3589 2422 3644 (Romae).

496 3670 538 3714 3.
569 3670 678 3714 Luc.
702 3669 770 3725 10,
794 3668 862 3711 16.
