2730 4198
773 263 1122 302 Bomrnoms
1160 266 1237 303 AD
1275 265 1503 304 AMICUM
1540 267 1648 303 ΜΒ.
1678 267 1720 303 11
2112 253 2220 306 609

276 378 396 447 gulo
455 382 576 432 ante
621 380 950 434 renunciavit
996 398 1154 450 quam
1203 382 1434 450 dogmati
1449 379 1477 435 ¹.
1633 381 1724 435 Set
1777 384 1828 435 et
1865 380 2221 436 Valentiniani
2253 389 2501 434 361—363

275 475 440 528 divini
479 476 670 528 amoris
707 475 966 530 fervorem
1004 494 1109 530 non
1145 479 1545 547 pretermittam.
1605 477 1705 531 Hic
1735 494 1857 531 cum
1885 478 2111 546 quodam
2138 480 2220 533 die

275 588 340 625 ex
390 570 559 625 officio
599 602 669 608 —
711 577 823 625 erat
870 574 1009 626 enim
1059 573 1301 643 princeps
1348 574 1577 627 cohortis
1627 574 1893 642 legionum
1933 603 2000 610 —
2043 590 2222 641 regem

273 667 591 721 intraturum
616 668 871 738 templum
895 668 1157 722 Fortunae
1185 670 1422 737 anteiret,
1460 685 1680 737 cumque
1707 669 1949 722 sacerdos
1976 673 2036 722 ut
2060 669 2222 721 moris

276 766 388 816 erat
413 780 548 832 aqua
573 765 890 833 aspersionis
916 765 1172 818 intrantes
1201 768 1517 834 aspergeret,
1561 765 1764 832 accidit,
1793 768 1852 817 ut
1876 765 1958 817 vir
1984 763 2223 817 christia-

274 859 524 912 nissimus
563 863 767 927 guttam
807 877 971 929 aquae
1000 861 1057 913 in
1083 860 1304 913 clamide
1331 876 1426 912 sua
1453 859 1724 929 aspiceret.
1786 858 1926 928 Mox,
1966 876 2060 927 ve,
2089 858 2224 911 chri-

275 954 433 1007 stiani
479 955 704 1009 nominis
755 956 866 1009 zelo
914 973 1218 1023 succensus,
1271 959 1390 1008 ante
1437 955 1696 1008 sevissimi
1733 955 2069 1026 imperatoris
2107 971 2225 1024 pre-

276 1050 498 1103 sentiam
553 1051 609 1103 in
660 1051 774 1122 ipso
822 1052 1042 1105 introitu
1090 1051 1274 1122 templi
1322 1051 1643 1104 sacerdotem
1694 1068 1870 1121 pugno
1918 1067 2226 1121 percussum

274 1147 576 1215 prostravit,
617 1147 864 1216 clamanS,
907 1164 961 1201 se
1001 1147 1490 1201 christianissimum
1530 1163 1626 1216 pro
1666 1147 1764 1200 hac
1804 1147 2104 1217 aspersione
2131 1163 2226 1216 po-

275 1242 379 1295 tius
426 1243 745 1296 maculatum
785 1260 942 1312 quam
979 1247 1276 1313 purgatum.
1356 1243 1503 1307 Quod
1541 1243 1739 1296 factum
1777 1243 1832 1296 in
1870 1247 2076 1296 tantum
2114 1242 2226 1296 Deo

274 1336 488 1407 placuit,
517 1340 655 1408 quod
681 1343 801 1393 ante
828 1339 952 1393 anni
978 1336 1324 1393 curriculum²
1350 1341 1510 1393 totius
1531 1339 1754 1392 Romani
1778 1339 1990 1409 imperii
2016 1356 2227 1392 monar-

276 1433 448 1487 chiam
488 1435 534 1488 ei
572 1435 792 1489 tradidit
825 1435 1233 1504 gubernandam.
1292 1436 1429 1489 Nam
1455 1436 1655 1489 Iuliano
1682 1436 1908 1506 turpiter
1937 1435 2077 1506 apud
2101 1434 2227 1489 Per-

276 1546 361 1582 sas
399 1530 562 1584 vitam
612 1530 851 1601 finiente,
901 1548 1019 1585 cum
1068 1531 1310 1586 Iovianus
1359 1533 1406 1586 ei
1453 1532 1788 1585 successisset
1834 1532 1890 1584 in
1927 1532 2224 1602 imperium,
2257 1540 2510 1586 363—364

277 1629 396 1679 ante
436 1627 560 1679 anni
598 1628 913 1681 curriculum
950 1629 1006 1680 in
1045 1645 1173 1698 pace
1212 1628 1446 1698 sepultus
1487 1633 1592 1695 est3
1635 1645 1735 1697 quo
1774 1632 2007 1697 mortUO,
2035 1627 2226 1681 Valen-

275 1719 536 1776 tinianus³
564 1724 612 1777 ei
638 1725 889 1777 successit
912 1725 968 1777 in
993 1741 1230 1793 regnum,
1270 1725 1352 1778 vir
1376 1720 1639 1778 urbanus⁴
1667 1728 1719 1778 et
1744 1724 2224 1778 christianissimus,
2259 1734 2510 1778 364—375

278 1816 377 1881 Qui
414 1819 471 1871 in
508 1820 797 1889 primordio
838 1821 1182 1874 ordinationis
1223 1838 1346 1875 suae
1384 1821 1602 1874 fratrem
1630 1837 1782 1873 suum
1808 1821 2019 1874 nomine
2037 1819 2229 1874 Valen-

277 1918 386 1968 tem
424 1920 717 1969 consortem
757 1915 927 1970 effecit
965 1917 1201 1987 imperii,
1251 1934 1349 1987 pro
1390 1917 1537 1970 dolor
1575 1916 1786 1970 tradens
1828 1917 1875 1970 ei
1915 1917 2076 1970 totius
2113 1917 2231 1970 iura

280 2011 510 2080 orientiS,
551 2012 666 2082 ipse
705 2013 1052 2066 occidentales
1092 2013 1403 2081 gubernavit
1439 2013 1694 2080 regiones,

426 2107 525 2161 Hic
550 2108 905 2162 Mediolanum
944 2109 1121 2162 sedem
1146 2109 1274 2177 legit
1297 2110 1521 2179 imperii.
1581 2109 1787 2162 Mortuo
1814 2125 1937 2162 vero
1963 2109 2229 2162 Auxentio

278 2202 522 2272 hereticO,
565 2208 616 2257 et
652 2205 708 2256 in
733 2221 861 2274 pace
889 2205 1093 2275 sepulto
1122 2210 1301 2259 sancto
1328 2205 1584 2274 Dionisio,
1628 2206 1832 2273 accidit,
1873 2210 1932 2258 ut
1957 2205 2082 2258 illuc
2109 2221 2231 2265 con,-

278 2299 517 2352 venirent
567 2301 801 2370 episcopi
838 2300 1043 2369 Italiae,
1094 2305 1153 2354 ut
1193 2301 1292 2355 sibi
1330 2302 1386 2354 in
1425 2319 1700 2355 commune
1741 2301 1994 2369 eligerent
2032 2301 2232 2371 episco-

280 2411 420 2464 pum.
480 2395 567 2448 Ad
606 2397 744 2465 quod
780 2397 1079 2450 faciendum
1119 2414 1449 2468 summopere
1483 2398 1831 2468 expectabant
1854 2398 1992 2465 regis
2021 2414 2233 2467 presen-

281 2491 424 2543 tiam.
467 2490 613 2554 Quod
639 2497 700 2546 ut
725 2493 940 2562 audivit,
981 2494 1094 2564 ipse
1121 2494 1290 2547 modis
1318 2494 1559 2548 omnibus
1585 2494 1875 2562 interdixit,
1907 2494 2036 2547 dans
2063 2494 2232 2562 legem

285 2595 430 2639 cum⁶
471 2588 772 2655 euangelica
809 2590 1028 2643 veritate
1064 2591 1490 2644 concordantem:
1531 2595 1591 2644 ut
1623 2607 1776 2644 nemo
1807 2590 2060 2642 laicorum
2089 2590 2234 2660 prin-

282 2683 457 2752 cipum
497 2683 582 2736 vel
619 2689 893 2754 potentum
932 2686 1122 2739 audeat
1160 2703 1215 2739 se
1255 2687 1487 2740 inserere
1528 2687 1768 2740 electioni
1794 2686 2126 2756 patriarchae
2152 2685 2235 2739 vel

280 2779 645 2848 metropolitae
681 2779 764 2832 vel
803 2781 1059 2851 episcopi3
1101 2782 1240 2851 quod
1278 2783 1323 2835 si
1359 2783 1558 2835 factum
1595 2783 1770 2849 fuerit,
1811 2782 2112 2834 inordinata
2137 2782 2236 2835 erit

280 2874 401 2927 talis
434 2871 672 2941 electio⁵;
715 2875 970 2930 adiciens:
1018 2878 1199 2931 Talem
1225 2881 1505 2931 seeundum
1531 2881 1734 2931 decreta
1762 2898 2019 2931 canonum
2045 2879 2231 2949 eliqite,

283 2974 377 3042 qui
420 2974 611 3024 nostris
658 2975 826 3042 possit
871 2976 1068 3026 mederi
1109 2975 1422 3027 vulneribus.
1490 2973 1655 3037 Quam
1705 2973 1933 3043 piissimi
1980 2974 2235 3044 principis

281 3067 630 3120 humilitatem
655 3066 798 3121 Deus
840 3085 904 3121 ex
944 3069 1048 3122 alto
1087 3070 1371 3140 respiciens
1413 3069 1696 3137 exaudivit,
1737 3073 1789 3123 et
1828 3070 1927 3123 sibi
1963 3074 2014 3123 et
2041 3071 2235 3124 aeccle-

283 3163 390 3217 siae
439 3163 654 3217 donavit
699 3164 1039 3217 Ambrosium
1087 3166 1405 3236 episcopum.
1559 3165 1683 3234 Qui,
1741 3183 1898 3235 quam
1948 3166 2037 3219 diu
2084 3167 2233 3236 vixit,

283 3276 407 3328 erga
450 3260 743 3314 sacerdotes
782 3260 883 3314 Dei
922 3261 1314 3331 devotissimus,
1368 3261 1584 3333 pacifice
1622 3262 1902 3333 imperium
1941 3262 2234 3316 Romanum

282 3355 607 3423 gubernavit.

403 3477 436 3503 a.
473 3478 557 3504 cum
585 3467 736 3504 addidi.

402 3538 442 3581 1.
482 3538 540 3582 V.
563 3538 897 3594 Hist.'Tripart.
920 3539 1010 3584 VH
1032 3540 1071 3595 1,
1103 3539 1131 3582 l.
1154 3539 1182 3583 l.
1214 3553 1258 3595 p.
1282 3540 1383 3583 300.
1564 3542 1606 3584 2.
1652 3553 1791 3597 „cum
1832 3553 1977 3585 annus
2017 3545 2064 3585 et
2101 3541 2236 3598 pauci

283 3611 553 3655 transissent
582 3611 798 3656 menses“
842 3613 958 3657 Hist.
991 3613 1184 3669 Tripart.
1213 3613 1280 3658 VI
1309 3614 1380 3670 35,
1411 3614 1489 3658 1.1.
1521 3627 1565 3670 p.
1589 3613 1689 3658 295.
1811 3614 1853 3658 3.
1885 3614 1920 3657 Ι.
2040 3614 2083 3658 4.
2116 3615 2232 3658 Hist.

283 3684 407 3740 Trip.
424 3684 512 3729 VII
544 3686 583 3741 7,
614 3686 642 3728 l.
664 3686 692 3729 1.
724 3699 767 3741 p.
791 3687 892 3730 304.
915 3687 1015 3730 305.
1147 3688 1188 3730 5.
1231 3686 1287 3730 de
1325 3688 1541 3731 ementita
1570 3687 1655 3731 hac
1685 3688 1787 3743 lege
1819 3702 1862 3732 v.
1896 3701 2033 3744 supra
2062 3701 2107 3743 p.
2131 3688 2232 3731 601.

357 3762 489 3805 an'.
517 3766 753 3801 Bibliotheca
777 3768 823 3802 11.
1823 3769 1880 3812 39
