2730 4198
791 277 1140 315 Bom‘moms
1178 278 1255 313 AD
1295 275 1524 314 AMICUM
1559 276 1667 312 Lm.
1697 275 1740 312 11
2126 261 2231 313 607

290 409 408 447 111113
448 392 729 447 aecclesiae
766 393 1089 463 devastator,
1136 394 1167 447 a
1206 409 1306 461 quo
1344 392 1573 446 Arriana
1609 389 1807 444 heresis
1847 393 2029 443 exorta
2068 395 2236 444 est-et
2266 395 2512 440 306—337

292 487 357 542 ab
414 505 474 542 eo
529 489 673 543 mille
718 489 960 544 hereseos
1006 490 1290 555 novitates3
1349 491 1531 542 contra
1581 502 1710 555 quas
1759 485 1902 538 omni
1952 485 2234 539 christiano

289 584 630 654 pugnandum
685 602 780 654 pro
835 585 1018 639 officii⁸
1069 585 1150 638 sui
1197 583 1636 649 consideratione,
1693 580 1826 634 nulli
1852 580 2089 634 dubium
2139 585 2232 634 est.

290 678 427 733 Nam
463 684 769 734 veternosus
811 698 1041 752 serpens,
1083 680 1278 747 (1013113,
1318 677 1615 748 imperialia
1640 693 1767 736 vasa
1782 673 1810 744 ¹,
1849 692 1945 745 per
1973 691 2072 743 que
2099 674 2235 727 chri-

290 775 516 829 stianam
553 777 963 846 persequebatur
998 776 1320 843 religionem,
1361 773 1462 827 sibi
1500 789 1613 826 esse
1652 771 1874 839 sublata,
1915 770 2154 823 omnemb
2181 787 2236 823 se

289 870 499 939 collegit
535 872 592 925 in
628 873 816 939 iram03
858 876 911 926 et
947 889 1042 942 per
1081 870 1334 940 quosdam
1365 885 1489 921 suae
1517 867 1646 920 artis
1673 867 1832 934 virOS,
1870 865 2005 918 falsa
2028 864 2237 918 iusticia

289 966 578 1036 debriatOS‚
617 985 721 1022 non
762 968 985 1022 cessavit
1021 983 1118 1021 nec
1156 968 1325 1020 cessat
1361 979 1459 1017 nec
1497 962 1562 1015 ad
1601 979 1765 1031 usque
1803 961 1970 1029 illius,
2019 961 2108 1029 qui
2145 977 2236 1014 ex-

288 1062 488 1117 tollitur
526 1081 687 1135 supra
725 1080 877 1118 omne
915 1063 1053 1133 quod
1091 1062 1281 1115 dicitur
1321 1063 1411 1113 aut
1436 1058 1622 1113 colitur
1649 1058 1775 1112 deus
1787 1053 1823 1126 ²,
1861 1061 2102 1127 tempora
2126 1072 2235 1110 ces-

289 1158 427 1213 sabit
464 1160 744 1214 aecclesiae
782 1158 1045 1213 maculare
1082 1157 1384 1228 puritatem.

439 1255 530 1309 Set
568 1272 684 1309 cum
725 1256 756 1309 a
794 1254 1135 1308 Constantino
1175 1253 1485 1323 ceperimuS,
1526 1249 1858 1303 Constantini
1895 1249 2076 1303 laudes
2113 1265 2236 1320 pro-

288 1367 582 1421 sequamur.
661 1351 760 1405 Hic
797 1355 877 1404 est
915 1349 1316 1416 Constantinus,
1358 1347 1447 1416 qui
1482 1346 1653 1414 legem
1689 1346 1866 1416 posuit
1904 1344 2236 1413 euangelicae

287 1447 554 1501 doctrinae
592 1450 991 1501 consonantem:
1031 1449 1091 1498 ut
1129 1461 1307 1498 omnes
1348 1442 1581 1513 episcopi
1605 1441 1897 1495 Romanum
1938 1440 2236 1511 pontificem

285 1542 538 1597 haberent
575 1547 757 1613 caput,
808 1543 943 1596 sicut
980 1557 1160 1594 omnes
1199 1539 1396 1594 iudices
1435 1555 1612 1606 regem
1626 1534 1659 1591 ³.
1812 1537 1912 1590 Hic
1951 1541 2030 1591 est
2069 1537 2234 1591 domi-

285 1639 434 1693 nicae
472 1639 639 1692 crucis
676 1639 935 1707 inventor,
977 1637 1174 1690 Christi
1211 1635 1438 1689 nominis
1477 1634 1740 1688 maximus
1778 1637 2116 1704 propagator,
2158 1633 2233 1686 al-

286 1751 404 1788 mae
448 1751 616 1788 novae
653 1731 877 1788 Romae⁴²
919 1733 1191 1801 fundator,
1242 1732 1577 1786 basilicarum
1615 1729 1896 1800 precipuus
1934 1729 2231 1783 fabricator.

286 1830 387 1884 Hic
434 1834 538 1899 est,
587 1831 677 1900 qui
713 1830 863 1883 nobis
902 1833 1139 1884 sanctam
1176 1828 1428 1882 Nicenam
1468 1826 1726 1896 synodum
1764 1826 2126 1894 congregavit3
2177 1825 2233 1878 in

289 1943 392 1996 qua
429 1926 662 1980 omnium
700 1927 1064 1997 episcoporum
1102 1924 1348 1979 subsellia
1384 1923 1497 1993 ipse
1536 1922 1844 1992 composuit,
1886 1925 1939 1975 et
1972 1921 2086 1992 ipse
2112 1920 2233 1974 sub-

285 2022 520 2093 pedaneo
569 2023 704 2076 sedit
750 2022 973 2077 scabello
985 2019 1019 2091 ⁵,
1065 2021 1340 2089 indignum
1378 2019 1641 2087 iudicanS,
1690 2017 2018 2088 imperialem
2055 2017 2232 2071 sedem

285 2118 486 2172 thronis
531 2118 742 2173 illorum
783 2117 1082 2186 admisceri,
1134 2133 1356 2186 quorum
1394 2116 1542 2170 sedes
1581 2114 1905 2168 iudicaturae
1943 2116 2066 2167 sunt
2105 2112 2232 2166 duo-

285 2215 454 2269 decim
490 2215 658 2269 tribus
696 2211 903 2268 Israel⁶.
963 2213 1059 2267 Cui
1097 2230 1215 2267 cum
1256 2212 1480 2281 quadam
1519 2211 1603 2264 die
1639 2210 1805 2264 libelli
1842 2209 2233 2265 accusationum

285 2310 350 2365 ab
389 2311 645 2382 episcopis
682 2311 1092 2381 porrigerentur,
1130 2309 1297 2363 fertur
1335 2308 1554 2361 dixisse:
1594 2307 1767 2372 Absit,
1808 2317 1867 2360 ut
1891 2325 1981 2376 eqo
2008 2308 2233 2359 iudicem

283 2409 418 2461 deos.
475 2408 562 2461 De
597 2408 741 2461 vobis
782 2409 916 2460 enim
943 2409 1136 2460 dictum
1163 2416 1260 2459 est:
1301 2406 1464 2476 „qu
1492 2406 1623 2469 dixi,
1654 2405 1748 2457 dii
1772 2398 1980 2456 estis“⁷.
2040 2402 2227 2472 Neque

285 2506 420 2556 enim
455 2515 649 2557 rectum
685 2515 772 2570 est,
812 2514 872 2557 ut
906 2506 1078 2556 maior
1116 2507 1149 2555 ά
1186 2505 1387 2555 minore
1411 2495 1713 2554 iudicetuffl.
1774 2498 1874 2552 Hic
1899 2502 1994 2567 est,
2035 2498 2099 2551 de
2128 2514 2229 2566 quo

282 2597 491 2667 legitur,
530 2598 752 2652 dixisse:
794 2602 921 2669 quia
958 2602 1008 2652 si
1042 2601 1326 2652 invenirem
1364 2598 1594 2667 aliquem
1630 2596 1874 2667 reliqioso
1914 2596 2098 2650 habitu
2123 2597 2228 2648 eir-

399 2793 432 2819 a.
468 2781 592 2819 officio
620 2782 704 2819 cod.
807 2782 844 2819 b.
880 2783 978 2821 oiEm
1005 2798 1037 2820 c.
1140 2794 1172 2819 c.
1209 2781 1263 2819 Cf.
1296 2782 1450 2832 Virgilii
1474 2783 1608 2831 Georg.
1636 2783 1682 2819 II
1704 2780 1798 2818 154:
1836 2778 2044 2828 Squameus
2078 2779 2118 2816 in
2152 2779 2230 2827 spi-

283 2859 363 2886 ram
387 2849 512 2885 tractu
538 2858 579 2884 se
607 2847 751 2894 colligit
776 2849 920 2895 anguis.

401 2927 441 2971 1.
475 2924 544 2971 Cf.
565 2926 701 2970 Marc.
723 2927 764 2982 3,
787 2927 866 2970 27:
901 2960 922 2984 „
935 2926 1078 2971 Nemo
1098 2928 1251 2983 potest
1270 2938 1384 2969 vasa
1402 2923 1545 2982 fortis,
1576 2925 1810 2980 ingressus
1831 2923 1878 2967 in
1899 2923 2096 2980 domum,
2125 2922 2229 2967 diri-

281 3012 402 3057 pere,
433 2999 521 3044 nisi
550 2998 688 3058 eet.“;
720 3003 766 3044 31
795 2998 943 3044 Biblia
973 3013 1075 3044 cum
1106 3000 1260 3056 glossa
1290 2997 1600 3054 (Antwerpiae
1632 2997 1764 3052 1634)
1786 2997 1830 3043 V
1850 2997 1950 3054 518,
1982 2995 2062 3040 ubi
2094 3008 2231 3053 super

284 3073 456 3132 „vasa“
488 3073 686 3131 positum
717 3077 808 3118 est:
844 3073 1082 3131 „homines
1113 3086 1141 3116 a
1171 3070 1350 3117 diabolo
1381 3071 1598 3127 deceptos
1612 3069 1650 3127 “,
1684 3074 1730 3114 et
1760 3082 1896 3127 super
1929 3068 2130 3128 „fortis“
2162 3069 2227 3114 in-

280 3147 484 3192 venitur:
521 3145 773 3204 „diaboli“.
923 3149 964 3191 2.
1005 3149 1033 3192 2
1062 3146 1222 3191 Thess.
1254 3147 1295 3204 2,
1326 3145 1377 3190 4:
1421 3145 1535 3203 „qui
1566 3168 1621 3175 -
1654 3145 1883 3188 extollitur
1913 3157 2050 3200 supra
2080 3155 2227 3200 omne,

280 3220 404 3278 quod
433 3220 596 3265 dicitur
626 3220 739 3265 deus
772 3223 851 3264 aut
881 3219 1001 3276 quod
1032 3220 1193 3264 colitur
1207 3218 1245 3264 “.
1367 3219 1408 3263 3.
1441 3230 1499 3262 ex
1517 3218 1614 3263 vita
1635 3217 1841 3263 Silvestri
1860 3218 1883 3262 I
1907 3219 1996 3274 (ap.
2011 3217 2229 3261 Muratori

282 3293 360 3339 SS.
382 3294 449 3339 ΠΙ
470 3294 556 3338 104
575 3308 619 3338 n.
641 3294 712 3349 4):
747 3328 768 3350 „
781 3293 867 3336 Hic
888 3291 1210 3337 Constantinus
1233 3315 1286 3324 —-
1308 3292 1595 3349 privilegium
1626 3292 1844 3336 eeclesiae
1864 3292 2096 3336 Romanae
2123 3303 2227 3335 con-

278 3368 383 3412 tulit
417 3366 639 3425 pontifici:
679 3371 732 3411 ut
769 3367 817 3411 in
852 3370 948 3411 toto
988 3366 1097 3411 orbe
1136 3366 1328 3410 Romani
1367 3365 1627 3410 sacerdotes
1664 3364 1785 3410 hune
1823 3366 1976 3421 itaque
2014 3363 2226 3420 habeant,

280 3440 398 3485 sicut
427 3453 584 3486 omnes
612 3441 785 3485 iudices
815 3439 1013 3496 regem“.
1133 3440 1176 3484 4.
1210 3439 1638 3495 Constantinopolis
1759 3439 1801 3483 5.
1835 3436 1903 3482 Cf.
1935 3438 2104 3483 Hister.
2128 3437 2225 3481 Tri-

278 3517 394 3570 part.
423 3514 470 3558 H
497 3515 539 3571 5,
571 3514 829 3560 Cassiodori
860 3513 972 3571 Opp.
996 3513 1067 3558 ed.
1091 3512 1302 3558 Garetius
1325 3512 1348 3556 I
1378 3513 1478 3556 226.
1600 3513 1641 3555 6.
1674 3511 1832 3556 Matth.
1855 3512 1925 3567 19,
1949 3512 2027 3555 28:
2063 3510 2226 3569 „sede-

279 3585 385 3631 bitis
424 3590 471 3631 et
506 3600 590 3632 vos
628 3600 764 3645 super
802 3587 935 3632 sedes
976 3586 1236 3643 duodecim,
1276 3585 1529 3630 iudicantes
1568 3584 1807 3629 duodecim
1846 3584 1992 3629 tribus
2032 3582 2224 3629 Israel“.

281 3660 321 3703 7.
353 3660 426 3703 Ps.
449 3661 519 3716 81,
542 3662 584 3704 6.
703 3662 745 3705 8.
779 3660 847 3706 Cf.
868 3662 986 3706 Hist.
1008 3660 1254 3717 Tripartita
1272 3660 1316 3704 II
1338 3661 1378 3716 2,
1411 3658 1669 3704 Cassiodori
1691 3671 1793 3715 opp.
1815 3658 1838 3701 Ι
1858 3658 1958 3702 225.
