2722 4172
791 302 1064 342 GREGORII
1101 304 1180 340 vn
1202 302 1479 341 REGISTm
1514 302 1536 339 1
1563 301 1624 337 28.
1650 300 1710 337 29.
2144 287 2216 340 45

283 414 310 477 I
342 419 443 478 28.
490 418 825 476 Guilielmum
870 425 1166 494 episcopam
1201 422 1516 492 Papiensem
1563 421 1826 486 hortatur,
1875 429 1934 473 ut
1979 412 2215 472 Herle‘m-
2292 430 2297 435 '

485 518 639 571 baldo
677 519 1065 572 Mediolanensi
1101 538 1248 590 opem
1270 519 1437 588 ferat.

429 627 710 697 Gregorius
749 630 1020 701 episcopus
1048 646 1227 684 servus
1254 645 1521 683 servorum
1547 627 1647 681 Dei
1674 625 1948 681 Guilielmo
1974 625 2220 697 Papiensi

282 725 524 798 episcopo
565 725 786 779 salutem
825 731 877 780 et
915 725 1253 797 apostolicam
1290 724 1716 779 benedictionem.

427 820 659 876 Litterae
695 822 1038 876 fraternitatis
1075 827 1196 875 tuae
1232 821 1381 875 nobis
1422 821 1648 873 directae
1687 820 1943 888 simulque
1981 818 2218 873 Herlem-

281 917 424 973 baldi
460 910 862 973 Mediolanensis
900 918 1060 972 verba
1098 918 1362 972 evidenter
1402 916 1696 984 ostendunt,
1737 916 1874 985 quod
1911 919 1970 969 tu
2008 919 2218 969 sanctae

283 1015 596 1086 apostolicae
634 1015 747 1069 sedi
784 1032 914 1084 eam,
956 1031 1112 1084 quam
1138 1014 1310 1083 debeS,
1349 1013 1477 1068 velis
1506 1013 1855 1067 obedientiam
1878 1011 2102 1065 fideliter
2129 1029 2219 1066 ex-

280 1111 460 1167 hibere
507 1116 559 1166 et
605 1103 1047 1170 exhortationibus
1096 1111 1288 1164 nostris
1328 1111 1462 1164 sicut
1500 1110 1647 1164 decet
1682 1126 1881 1180 parere.
1949 1107 2052 1162 Sed
2089 1109 2220 1162 nihil

283 1213 377 1279 est,
418 1208 556 1279 quod
591 1208 908 1262 fraternitati
933 1212 1053 1262 tuae
1078 1208 1371 1278 promptius
1397 1207 1746 1275 iniungamuS,
1786 1204 1917 1259 nihil
1944 1209 2039 1274 est,
2081 1206 2219 1275 quod

279 1309 333 1359 te
368 1305 614 1360 libentius
651 1305 821 1358 facere
859 1304 1096 1374 velimus,
1137 1321 1293 1374 quam
1331 1304 1377 1357 si
1415 1303 1685 1357 ecclesiam
1722 1306 1868 1355 tuam
1906 1319 2217 1372 gregemque

279 1401 378 1456 tibi
415 1402 747 1455 commissum
788 1401 852 1455 ab
890 1401 1185 1470 heresibuS,
1236 1417 1367 1470 quae
1404 1400 1459 1453 in
1499 1404 1679 1453 sancta
1718 1399 1935 1453 ecclesia
1970 1399 2218 1470 pestifere

279 1497 520 1552 videntur
544 1497 798 1569 pululare,
825 1498 1078 1568 pastorali
1102 1496 1374 1566 vigilantia
1400 1497 1609 1551 studeas
1636 1496 1927 1565 defendere,
1960 1500 2012 1550 et
2037 1500 2219 1550 contra

280 1611 368 1648 eas
415 1594 557 1648 omni
606 1594 791 1648 adnisu
836 1595 1064 1664 totisque
1110 1593 1308 1647 viribus
1321 1635 1335 1662 ,
1386 1597 1684 1647 sanctorum
1730 1597 1941 1664 patrum
1986 1594 2217 1647 munitus

280 1691 604 1760 auctoritate,
643 1691 907 1746 ardentius
933 1691 1218 1759 insurgere,
1247 1694 1326 1744 et⁶
1352 1690 1565 1744 clericos
1592 1708 1623 1744 a
1647 1690 1816 1761 turpis
1841 1691 1979 1744 vitae
2006 1707 2218 1745 conver-

280 1787 481 1842 satione
529 1788 596 1842 ad
641 1788 935 1842 castitatem
981 1804 1238 1841 revocare.
1305 1787 1416 1841 Hoc
1454 1787 1612 1841 etiam
1657 1787 1789 1840 scias
1837 1791 1889 1841 te
1938 1787 2219 1841 admodum

280 1885 439 1939 matri
473 1889 595 1939 tuae
619 1884 884 1938 Romanae
910 1883 1155 1938 ecclesiae
1182 1883 1645 1938 commendabilem
1669 1884 1865 1937 facere:
1909 1884 1955 1937 si
1981 1884 2217 1955 praefato

280 1980 648 2036 Herlembaldo
685 1981 742 2034 in
779 1981 878 2050 his,
920 1998 1050 2051 quae
1089 1985 1266 2034 nostro
1297 1980 1510 2034 consilio
1535 1981 1695 2034 immo
1723 1980 2093 2051 omnipotentis
2119 1980 2218 2034 Dei

280 2077 470 2132 timore
509 2081 771 2149 operatur,
810 2095 1025 2131 manum
1054 2077 1299 2131 adiutorii
1326 2077 1651 2148 praestiteris
1679 2081 1731 2131 et
1755 2076 1981 2131 inimicis
2009 2080 2217 2131 sanctae

281 2173 544 2243 ecclesiae,
584 2173 779 2228 bellum
803 2174 903 2229 Dei
930 2191 1102 2228 secum
1131 2174 1496 2246 praeliaturuS,
1526 2174 1746 2229 viriliter
1770 2173 2040 2228 restiteris
2097 2173 2217 2228 Stu-

280 2270 401 2325 deat
436 2271 599 2340 igitur
635 2270 913 2341 prudentia
960 2276 1052 2325 tua
1090 2271 1165 2325 sic
1203 2288 1258 2324 se
1276 2271 1351 2324 -in
1389 2271 1541 2325 huius
1581 2270 1945 2325 sollicitudinis
1982 2270 2216 2342 partem*

277 2367 466 2422 fortem
512 2366 917 2438 vigilantemque
962 2368 1289 2439 impendere,
1346 2371 1431 2437 ut,
1490 2368 1629 2438 quod
1676 2385 1740 2422 ex
1786 2367 2217 2439 promissionibus

278 2464 383 2518 tuis
423 2465 732 2536 accepimus,
773 2458 929 2519 certis
967 2482 1142 2519 rerum
1182 2464 1571 2519 executionibus
1609 2464 1934 2536 implendum
1959 2465 2070 2520 fore
2094 2482 2215 2538 pro-

278 2559 476 2615 bemus,
552 2561 692 2617 Data
729 2561 906 2634 Capue
945 2564 976 2616 3
1014 2561 1135 2617 Idus
1175 2561 1430 2632 OctobriS,
1468 2561 1752 2617 indictione
1794 2564 1876 2617 12.

280 2811 306 2873 Ῑ
340 2816 440 2874 29.
485 2820 688 2874 Iudices
717 2821 1001 2875 Sardiniae
1027 2824 1098 2875 ad
1127 2824 1374 2894 pietatem
1397 2825 1456 2876 in
1481 2823 1744 2876 ecclesiam
1771 2823 2068 2876 Romanam
2093 2823 2214 2876 hor-

481 2927 635 2971 tatur.
694 2917 1027 2972 Constantino
1066 2920 1453 2991 archiepiscopo
1486 2919 1740 2973 Turrensi
1769 2921 1949 2987 multa,
1993 2939 2125 2991 qaae
2148 2923 2216 2974 iis

480 3015 812 3084 referrentur,
852 3017 1103 3069 ‘mandata
1141 3035 1260 3083 esse,
1303 3017 1626 3088 levatumque
1664 3018 1807 3070 brevi
1840 3020 2056 3070 missum
2091 3020 2178 3070 iri.

427 3118 707 3194 Gregorius
746 3127 1018 3197 episcopus
1058 3144 1236 3180 servus
1271 3144 1540 3182 servorum
1564 3127 1665 3182 Dei
1688 3127 1922 3182 Mariano
1950 3128 2215 3197 Turrensi,

280 3220 506 3276 Orzocco
544 3222 847 3292 Arborensi,
892 3224 1017 3278 item
1058 3223 1283 3278 Orzocco
1321 3223 1635 3294 CaralitanO,
1676 3224 2016 3278 Constantino
2043 3223 2216 3278 Callu-

278 3318 437 3388 rensi,
475 3319 732 3374 iudicibus
760 3320 1047 3389 Sardiniae,
1088 3320 1308 3374 salutem
1345 3325 1396 3375 et
1422 3321 1760 3392 apostolicam
1785 3320 2211 3375 benedictionem.

426 3415 587 3470 Vobis
626 3420 678 3470 et
715 3418 969 3487 omnibuS,
1012 3418 1101 3488 qui
1139 3416 1402 3472 Christum
1440 3421 1769 3486 venerantur,
1816 3418 2082 3486 cognitum
2118 3422 2213 3488 est,

284 3512 422 3582 quod
454 3511 689 3567 Romana
727 3514 944 3569 ecclesia
980 3514 1287 3568 universalis
1324 3518 1492 3568 mater
1529 3515 1598 3567 sit
1636 3515 1869 3568 omnium
1906 3514 2213 3569 christiano—

279 3625 412 3663 rum.
473 3609 614 3674 Quae
660 3611 783 3665 licet
829 3629 894 3666 ex
942 3611 1352 3666 consideratione
1399 3610 1555 3665 officii
1593 3611 1673 3664 sui
1711 3611 1943 3666 omnium
1980 3612 2214 3681 gentium

396 3739 428 3765 a.
463 3730 502 3766 et
532 3748 571 3754 --
603 3740 778 3767 revocare
806 3730 962 3768 addidit
985 3745 1116 3768 manus
1145 3731 1239 3768 alia.
1366 3729 1403 3767 b.
1438 3746 1486 3768 an
1512 3731 1644 3778 parte?

2265 631 2380 675 1073

2248 690 2328 729 Oct.
2349 693 2397 729 13

2263 3143 2378 3187 1073

2248 3202 2328 3241 Oct.
2347 3204 2398 3242 14
