2730 4198
925 277 1182 316 BONITHO
1221 279 1298 315 AD
1338 277 1565 316 AMICUM
2109 260 2214 315 591

270 395 479 464 quidem
515 395 910 464 inscriptionem
948 396 1108 447 lianc:
1151 434 1178 459 ,,
1199 394 1595 448 Sacramentum
1618 395 1756 465 re9i8
1788 392 1994 446 Ottonis
2006 394 2219 462 factum

268 483 457 543 domno
486 508 668 560 papae
706 489 903 542 Ioanni
918 487 993 556 “¹,
1034 509 1199 561 neque
1234 510 1353 543 vero
1393 493 1559 560 tetiqit
1593 491 1744 542 haec:
1785 491 2131 559 „promittere
2170 501 2217 543 et

265 587 446 637 iurare
466 585 622 653 facio
641 585 686 636 ζ’.
760 585 837 639 At
869 605 970 656 pro
1011 587 1320 652 „honorem‚
1363 605 1513 656 quem
1549 605 1689 638 nunc
1727 586 1880 637 habes
1919 595 1968 637 et
1996 602 2099 654 per
2136 603 2217 636 me

266 680 538 733 habiturus·
585 683 686 733 eris
703 681 750 747 “,
786 682 974 751 facere
1021 700 1128 735 non
1166 683 1344 752 potuit
1382 684 1510 750 quin
1547 682 1793 736 scriberet
1829 681 2214 733 tantummodo:

270 776 557 844 „honorem
596 795 746 847 quem
773 778 927 830 habes
945 775 991 830 ⁶⁶.
1048 778 1357 830 Formula
1383 776 1586 828 Ansel
1597 795 1649 827 m
1664 795 1788 828 ana
1812 777 1992 844 τρίταν,
2037 793 2212 844 quam,

267 890 330 924 ex
365 872 667 925 Parisiensi
713 876 885 927 codice
931 874 1244 927 collectionis
1293 890 1551 924 canonum
1588 870 1831 923 Anselmi
1873 869 2012 936 (cod.
2053 871 2213 923 chart.

269 967 327 1022 S.
361 966 617 1023 Germani
653 969 824 1036 1665)
875 980 1123 1034 tractam,
1179 966 1440 1023 Gustavus
1478 967 1685 1019 Haenel
1719 967 1853 1019 mihi
1888 985 2091 1018 summa
2130 967 2213 1019 be-

263 1067 518 1135 niynitate
554 1067 714 1131 misit,
755 1066 881 1118 haec
919 1077 1017 1119 eet:

314 1188 810 1244 Sacramentum
855 1189 1032 1257 regis
1082 1187 1343 1242 Ottonis
1390 1187 1636 1240 factum
1683 1185 1910 1239 domno
1959 1202 2166 1256 papae
2244 1201 2447 1290 Arorfflla

1118 1283 1361 1337 Ioanni.
2278 1264 2345 1290 nse
2401 1265 2472 1291 ana

265 1379 383 1434 Tibi
419 1380 609 1434 domno
648 1380 831 1434 Ioanni
868 1396 1037 1450 papae
1077 1396 1170 1447 ego
1197 1397 1293 1433 rex
1321 1378 1442 1432 Otto
1469 1377 1776 1448 promittere
1803 1381 1855 1431 et
1879 1377 2053 1431 iurare
2079 1377 2214 1431 facio

263 1493 359 1547 per
395 1475 607 1530 Patrem
656 1480 709 1529 et
745 1474 940 1529 Filium
988 1479 1040 1529 et
1081 1474 1337 1546 Spiritum
1376 1478 1614 1528 sanctum
1656 1477 1708 1526 et
1744 1491 1839 1544 per
1877 1473 1975 1527 hoc
2011 1473 2214 1542 lignum

262 1570 498 1627 vivificae
545 1572 711 1626 crucis
761 1575 812 1625 et
857 1589 952 1642 per
998 1572 1092 1625 has
1130 1571 1379 1641 reliquias
1419 1574 1744 1623 sanctorum:
1796 1569 1959 1639 quod,
2010 1568 2056 1622 si
2093 1586 2214 1639 per-

262 1668 502 1723 mittente
539 1667 680 1722 Deo⁰
717 1667 938 1721 Romam
980 1685 1196 1736 venero,
1249 1671 1483 1720 sanctam
1519 1665 1809 1719 Romanam
1850 1663 2123 1718 ecclesiam
2163 1668 2215 1718 et

262 1768 332 1834 te,
370 1768 626 1819 rectorem
663 1764 846 1834 ipsine,
887 1764 1128 1818 exaltabo
1168 1763 1454 1817 secundum
1491 1778 1668 1815 meum
1696 1777 1866 1831 posse.
1981 1759 2053 1813 Et
2079 1777 2213 1813 nun-

265 1877 422 1929 quam
458 1860 623 1914 vitam
663 1863 754 1912 aut
790 1861 1027 1914 membra
1059 1877 1227 1929 neque
1251 1859 1428 1929 ipsum
1451 1857 1719 1925 honorem,
1762 1873 1947 1926 quem
1985 1855 2211 1925 habeS‚

263 1972 382 2009 mea
417 1955 685 2009 voluntate
724 1960 814 2009 aut
851 1973 966 2009 meo
1007 1973 1262 2010 consensu
1299 1954 1384 2008 vel
1422 1953 1637 2008 consilio
1680 1957 1770 2007 aut
1807 1969 1925 2006 mea
1965 1953 2211 2006 exhorta-

263 2051 405 2105 tione
441 2051 645 2121 perdeS.
758 2051 830 2105 Et
864 2052 920 2105 in
945 2051 1140 2106 Romab
1167 2046 1370 2104 nullum
1409 2050 1659 2120 placitum
1699 2053 1789 2102 aut
1827 2049 2211 2102 ordinationem

261 2147 453 2201 faciam
491 2147 555 2201 de
594 2147 852 2216 omnibuS‚
894 2165 1027 2217 quae
1067 2148 1133 2201 ad
1170 2151 1222 2201 te
1262 2151 1352 2200 aut
1390 2147 1457 2200 ad
1480 2146 1742 2199 Romanos
1779 2145 2060 2215 pertinent,
2101 2145 2213 2198 sine

261 2245 351 2296 tuo
401 2242 632 2296 consilio.
782 2243 854 2297 Et
901 2244 1153 2313 quidquid
1202 2243 1266 2297 de
1303 2247 1445 2297 terra
1483 2241 1652 2295 sancti
1688 2240 1833 2294 Petri
1873 2241 1938 2293 ad
1977 2244 2212 2294 nostram

261 2341 576 2409 potestatem
614 2339 842 2407 venerit,
892 2339 988 2393 tibi
1025 2339 1256 2393 reddam.
1411 2338 1732 2407 Cuicumque
1770 2353 1992 2405 regnum
2031 2336 2213 2390 Italiae

263 2435 587 2503 commiser0‚
626 2435 803 2489 iurare
839 2435 1026 2489 faciam
1067 2435 1242 2488 illum:
1282 2438 1342 2488 ut
1373 2435 1579 2487 adiutor
1604 2434 1713 2487 tui⁰
1743 2434 1812 2487 sit
1839 2433 1906 2486 ad
1933 2432 2213 2486 defenden-

264 2529 386 2583 dam
422 2533 618 2583 terram
656 2531 824 2584 sancti
861 2530 1005 2585 Petri
1045 2531 1330 2585 secundum
1369 2547 1521 2584 suum
1559 2547 1731 2601 posse.

421 2648 679 2701 Violenter
727 2661 897 2703 autem
946 2661 993 2702 et
1035 2650 1232 2718 inficete
1280 2651 1383 2720 eqit
1418 2650 1724 2702 Deuscleolit.
1804 2648 1860 2700 Ie
1912 2650 2049 2700 enim
2097 2667 2213 2700 cum

263 2746 725 2810 animadvertisset,
769 2764 881 2798 eam
919 2764 1052 2816 quae
1091 2748 1289 2799 tradita
1329 2757 1400 2798 est
1429 2747 1712 2798 iuramenti
1720 2745 2022 2813 formulam
2049 2762 2214 2813 neque

262 2841 327 2893 ab
356 2843 472 2912 ipso
506 2840 689 2894 Ottone
712 2859 877 2910 neque
901 2860 1007 2894 non
1031 2852 1284 2895 mutatam
1309 2842 1374 2894 ab
1404 2844 1511 2894 ciue
1524 2841 1772 2909 fidelibus
1801 2842 1911 2893 clici
1925 2842 2163 2911 potuisse
2173 2835 2208 2905 ²,

260 2955 368 2990 non
404 2937 672 3004 infitiatue‘,
715 2937 849 2989 alios
887 2939 1142 2990 iuraviese
1171 2957 1277 3008 pro
1304 2956 1439 3007 reye,
1482 2940 1557 2990 sic
1586 2938 1919 2990 commutavit
1941 2936 2114 3002 verba,
2155 2946 2215 2988 ut

262 3053 295 3086 a
336 3033 517 3102 leqatis
555 3035 763 3085 nomine
800 3035 938 3103 reyie
967 3021 1316 3103 pronuntiata
1356 3052 1462 3086 esse
1486 3036 1784 3087 viderentur
1794 3053 1813 3096 ,·
1854 3034 1996 3103 quod
2016 3050 2210 3102 ⁸cenae:

263 3128 518 3196 „Domno
559 3129 790 3181 Iohanni
817 3147 999 3199 papae
1035 3147 1127 3181 reoe
1158 3129 1276 3183 Otto
1312 3149 1410 3200 per
1446 3148 1541 3182 nos
1579 3132 1740 3183 mittit
1778 3141 1825 3182 et
1861 3126 2046 3181 iurat“
2078 3147 2210 3199 pro.-

263 3223 429 3292 „Tibi
475 3226 663 3278 domno
703 3225 936 3277 Iohanni
973 3244 1151 3295 papae
1191 3244 1281 3295 eqo
1319 3245 1413 3279 rex
1455 3226 1572 3279 Otto
1603 3228 1911 3296 promittere
1950 3236 1998 3278 et
2033 3227 2212 3277 iurare

245 3317 476 3389 facio“,·
516 3332 592 3374 et:
636 3323 730 3388 „si
756 3323 1084 3391 permittente
1109 3321 1225 3374 Deo
1254 3323 1479 3375 Romam
1515 3319 1755 3375 venerit“
1783 3340 1915 3392 pro:
1958 3323 2054 3389 „si
2079 3339 2208 3391 per-

375 3462 409 3488 a.
442 3451 524 3489 Deo
553 3467 623 3490 om.
643 3453 728 3489 cod.
749 3454 897 3498 Paris.‚·
924 3453 1059 3502 legitur
1086 3455 1122 3488 in
1151 3453 1236 3490 cod.
1258 3454 1459 3498 Vaticano,
1486 3461 1527 3490 ut
1552 3456 1588 3491 in
1617 3456 1784 3504 margine
1812 3453 1955 3490 codicis
1983 3454 2110 3489 Paris.
2138 3452 2210 3489 ad-

258 3524 425 3554 notatum
451 3525 517 3554 est.
671 3517 708 3554 b.
744 3517 836 3555 urbe
865 3518 958 3555 add.
988 3520 1093 3555 Grai.
1113 3521 1222 3555 Decr.
1399 3530 1432 3556 c.
1463 3521 1552 3556 tuus
1580 3521 1664 3557 cod.
1685 3522 1826 3563 Paris„
1854 3519 1911 3555 tui
1941 3519 2030 3556 Vat.

378 3588 419 3631 1.
450 3587 498 3631 in
528 3587 733 3632 Gratiani
763 3589 959 3633 Decreto
990 3589 1094 3633 1.1.:
1130 3589 1472 3647 „Iuramentum
1505 3589 1703 3648 Ottonis,
1736 3589 1857 3646 quod
1886 3588 1996 3634 fecit
2026 3589 2209 3634 domino

258 3671 405 3716 papae
435 3661 646 3705 Ioanni“.
827 3663 870 3707 2.
901 3663 959 3708 V.
990 3675 1128 3720 supra
1156 3677 1200 3720 p.
1223 3663 1311 3708 590
1340 3677 1385 3707 n.
1409 3664 1450 3708 1.
