2722 4172
772 273 1048 314 GREGORH
1084 276 1164 313 vn
1200 274 1466 314 REGISTRI
1501 276 1545 313 Π
1571 275 1634 312 28.
1661 275 1723 312 29.
2117 262 2219 314 141

272 391 447 462 prima
483 388 800 445 ebdomada¹
837 391 949 446 Deo
999 397 1260 447 annuente
1299 392 1670 461 celebrabitur,
1719 391 2008 462 apostolica
2047 395 2222 445 aucto·
2270 397 2385 441 1074

272 487 428 542 ritate
474 486 572 541 tibi
616 488 794 541 venire
841 489 1192 558 praecipimus
1242 493 1294 542 et
1338 489 1639 542 invitamus,
1726 487 2014 542 Praedictis
2064 487 2223 540 etiam
2250 456 2341 495 Dec‘
2360 459 2409 495 ¹2

273 582 476 638 delictis
513 582 664 637 nobis
702 584 1163 654 persuadentibuS,
1214 584 1278 638 ab
1327 584 1471 637 omni
1519 583 1804 654 episcopali
1851 582 2020 636 officio
2070 599 2223 652 prae-

273 679 414 733 dicta
453 680 787 748 auctoritate,
839 680 1002 734 donec
1041 680 1108 733 ad
1144 697 1239 733 nos
1278 679 1485 748 veniaS,
1531 683 1584 733 te
1623 680 2006 750 suspendimus,
2084 678 2225 732 Data

271 774 467 830 Romae
507 777 540 830 2
578 775 700 829 Idus
738 775 1060 844 DecembriS,
1099 775 1383 829 indictione
1427 777 1509 828 13.

271 944 324 1007 H
358 949 459 1007 29.
497 952 831 1023 Siqefredum
870 954 1317 1023 archiepiscopum
1354 953 1726 1022 Moyuntinum
1768 963 1963 1017 monet,
2013 962 2072 1004 ut
2117 972 2224 1004 una

496 1068 612 1102 cum
651 1048 1053 1113 Constantiensi,
1094 1047 1483 1118 Aryeminensi,
1527 1046 1787 1117 Spirensi,
1828 1048 2221 1118 Bambeoyensi,

495 1145 840 1215 Au9u8t6n8i‚
883 1145 1299 1214 I‘Virzeburyensi
1335 1146 1591 1215 episeopis
1631 1145 1703 1196 ad
1739 1145 1998 1214 synodum
2034 1146 2221 1196 veniat.

424 1253 704 1323 Gregorius
744 1255 1018 1325 episcopus
1058 1271 1239 1309 servus
1279 1271 1550 1308 servorum
1574 1253 1674 1308 Dei
1703 1253 1970 1322 Sigefredo
2009 1253 2224 1321 Mogon-
2258 1260 2374 1304 1074

272 1351 384 1405 tino
423 1351 811 1421 archiepiscopo
851 1351 1071 1404 salutem
1111 1355 1163 1404 et
1203 1350 1543 1421 apostolicam
1581 1350 2011 1404 benedictionem.
2252 1321 2342 1358 Dec‘
2361 1322 2386 1359 4

420 1446 700 1501 Recordari
738 1447 998 1501 credimus
1036 1447 1421 1501 fraternitatem
1458 1450 1631 1515 tuam,
1682 1463 1839 1515 quam
1876 1463 2009 1516 puro
2049 1462 2225 1500 amore

275 1547 396 1598 ante
416 1543 569 1597 huius
595 1547 805 1597 nostrae
833 1543 1302 1597 administrationis
1330 1543 1591 1597 sarcinam
1615 1547 1668 1596 te
1695 1542 1991 1611 dileximus,
2022 1548 2073 1596 et
2099 1559 2225 1611 quo-

272 1639 454 1708 modo,
497 1639 729 1694 eiusdem
766 1640 935 1693 nostri
974 1639 1166 1693 amoris
1205 1640 1423 1708 intuitu,
1470 1643 1790 1693 secretorum
1826 1643 2037 1692 tuorum
2073 1638 2225 1692 nobis

273 1735 557 1806 paucisque
597 1736 714 1790 aliis
754 1736 1064 1790 commisisti
1103 1735 1394 1789 consilium.
1463 1735 1623 1788 Cuius
1669 1735 1748 1788 rei
1793 1735 1963 1802 gratia
1999 1734 2123 1788 licet
2161 1751 2227 1788 ex

276 1848 336 1886 eo
374 1836 611 1902 tempore
648 1831 782 1886 bene
821 1832 884 1886 de
923 1836 976 1885 te
1015 1832 1443 1902 speraverimus⁰,
1489 1848 1554 1884 ex
1593 1847 1653 1884 eo
1691 1835 1886 1899 tamen,
1928 1830 2066 1899 quod
2104 1829 2226 1883 Clu-

274 1928 508 1982 niacensi
544 1928 862 1982 monasterio
900 1928 1162 1998 reliquum
1199 1928 1338 1981 vitae
1376 1933 1498 1981 tuae
1533 1927 1768 1981 conferre
1792 1926 2021 1995 voluisti,
2062 1926 2226 1979 maio-

275 2041 389 2078 rem
414 2041 479 2078 ex
505 2023 755 2092 religione
781 2028 873 2078 tua
896 2023 1051 2078 fidem
1090 2025 1429 2095 suscepimus
1489 2023 1684 2077 Verum
1717 2024 1867 2076 iuxta
1901 2022 2225 2092 quorundam
2298 2057 2303 2063 -

275 2120 600 2189 relationem,
631 2120 783 2174 aliter
809 2128 966 2190 quam
992 2121 1331 2191 sperabamus
1357 2124 1410 2174 te
1438 2120 1621 2188 egisse,
1662 2120 2027 2189 comperimus
2080 2117 2227 2182 Quod

276 2216 322 2270 si
358 2216 684 2285 negligenter
721 2217 1090 2286 inrequisitum
1128 2216 1354 2270 transire
1393 2216 1763 2286 permittimuS,
1802 2216 2094 2268 fraternum
2130 2213 2229 2268 tibi

276 2329 509 2367 amorem
545 2313 719 2367 minus
756 2312 1059 2382 impendere
1097 2329 1203 2366 non
1242 2313 1355 2366 sine
1380 2328 1570 2379 magno
1597 2311 1971 2365 taciturnitatis
1997 2310 2228 2381 periculo

276 2409 575 2479 probamur.
653 2408 982 2480 Quapropter
1033 2409 1320 2480 apostolica
1367 2408 1679 2462 auctoritate
1724 2407 2031 2475 religionem
2081 2410 2229 2459 tuam

278 2521 662 2559 ammonemus:
690 2509 750 2559 ut
775 2505 840 2558 ad
868 2505 1142 2575 synodum,
1183 2522 1341 2575 quam
1366 2503 1478 2558 Deo
1507 2507 1767 2557 annuente
1791 2503 1846 2556 in
1872 2503 2045 2574 prima
2070 2502 2229 2573 septi-

278 2617 437 2654 mana
474 2600 902 2670 quadragesimae
919 2598 931 2621 ¹
968 2601 1279 2655 celebraturi
1317 2617 1522 2669 sumuS,
1569 2617 1687 2654 cum
1726 2598 2067 2667 suffraganeis
2106 2599 2228 2667 tuis,

279 2696 522 2750 videlicet
559 2696 809 2750 OttoneM
835 2696 1239 2767 Constantiensi,
1281 2696 1569 2751 Guarnerio
1612 2694 2029 2764 Strazburgensi,
2068 2695 2229 2749 Hein-

280 2791 388 2846 rico
439 2790 703 2862 Spirensi,
752 2789 1103 2846 Herimanno³
1148 2792 1596 2861 Babenbergensi,
1655 2791 1847 2846 Imbric
1890 2791 2228 2860 Augustensi,

280 2888 569 2942 Adelbero⁰
609 2886 1055 2958 Guerzburgensi,
1096 2889 1142 2943 si
1179 2893 1344 2959 poteS,
1383 2889 1579 2943 venias.
1640 2887 1836 2952 Quodsi
1875 2887 2051 2957 aliqua
2085 2885 2230 2940 infir-

280 2985 464 3039 mitate
503 2984 641 3056 quod
688 2984 825 3038 absit
870 2985 1208 3055 praepeditus
1245 2985 1424 3040 venire
1470 2985 1793 3055 nequiveriS,
1843 2984 1974 3038 tales
2024 2983 2090 3036 ad
2134 3000 2230 3036 nos

282 3081 492 3136 studeas
530 3081 748 3134 nuncios
788 3080 1037 3149 dirigere,
1087 3098 1307 3151 quorum
1348 3097 1526 3135 secure
1565 3080 1780 3134 consilio
1818 3080 1975 3133 inniti
2013 3083 2065 3133 et
2104 3095 2230 3147 quo-

281 3194 400 3231 rum
437 3177 738 3231 testimonio
779 3176 929 3245 quasi
959 3177 1292 3246 praesentiae
1316 3180 1438 3231 tuae
1463 3177 1674 3231 credere
1699 3175 1977 3246 possimus,
2035 3174 2107 3228 Et
2132 3174 2232 3228 hoc

284 3272 681 3341 diligentissime
717 3272 1018 3330 fraternitas
1057 3275 1148 3325 tua
1172 3272 1479 3342 perpendat,
1518 3276 1578 3325 ut
1601 3288 1770 3340 neque
1794 3269 2036 3341 precibus
2061 3286 2231 3339 neque

284 3369 455 3437 gratia
494 3369 710 3422 alicuius
749 3369 1000 3436 dimittas,
1041 3368 1167 3437 quin
1203 3368 1477 3420 introitum
1518 3372 1569 3421 et
1595 3367 2040 3420 conversationem
2077 3383 2230 3436 prae-

285 3463 539 3519 dictorum
598 3465 962 3536 episcoporum
1018 3463 1416 3532 diligentissime
1470 3463 1706 3531 inquiras
1764 3466 1816 3515 et
1870 3479 1965 3532 per
2022 3462 2229 3516 eosdem

401 3600 435 3626 a.
470 3590 701 3638 speravimus
730 3605 760 3626 c.
918 3589 955 3626 b.
993 3588 1080 3626 Otto
1109 3587 1364 3625 Costantiensi
1391 3603 1422 3625 c.
1578 3598 1611 3624 c.
1643 3589 1700 3624 sic
1722 3601 1793 3636 pro
1820 3587 2069 3624 Adelberone.

406 3667 447 3712 1.
480 3667 595 3712 1075
623 3667 757 3713 Febr.
778 3668 967 3713 22—28.
1116 3667 1158 3711 2.
1188 3667 1225 3711 Ι.
1374 3667 1417 3711 3.
1447 3666 1483 3711 Ι.
