2722 4172
877 282 1150 322 GREGORH
1184 283 1264 322 vn
1299 282 1562 323 namsrm
1598 283 1620 321 1
1647 283 1707 321 81.
2152 271 2252 324 101

322 393 349 456 Ῑ
381 398 481 457 81.
536 399 708 453 Udoni
736 402 1125 474 archiepiscopo
1160 402 1457 456 Trevirensi
1478 403 1711 469 mandat,
1750 413 1825 468 ut,
1867 401 2114 455 adhibitis
2139 402 2254 456 Me-

524 500 658 551 tensi
682 510 728 551 et
758 498 994 552 Tallensi
1016 502 1286 570 episcopi&
1336 499 1704 552 Theodericum
1731 498 2120 564 Virdunensem,
2165 502 2259 569 qui

520 597 888 648 monasterium
928 595 985 650 S.
1013 597 1288 650 Michaelis
1337 606 1517 648 contra
1562 596 1867 649 mandatum
1914 594 2257 665 apostolicum

523 695 1043 745 excommunicatione
1078 711 1183 746 non
1222 692 1512 757 absolverit,
1562 702 1754 755 evocet,-
1805 702 1851 744 et
1885 693 2256 744 monasterium

521 788 779 854 absolvat,
822 799 868 842 et
906 790 1203 860 episcopum
1240 790 1312 841 ad
1339 790 1666 859 pertinaciae
1703 789 1958 841 rationem
1996 788 2100 840 sibi
2134 789 2253 842 red-

520 886 743 938 dendam
779 886 1049 939 hortetur⁰.

466 993 743 1064 Gregorius
782 996 1055 1066 episcopus
1093 1011 1271 1049 servus
1316 1010 1584 1048 servorum
1617 993 1718 1047 Dei
1756 992 2065 1048 karissimob
2102 994 2254 1048 fratri
2286 1007 2400 1076 1074

314 1092 370 1145 in
417 1090 620 1146 Christo
666 1091 836 1146 Udoni
885 1091 1179 1146 Trevirensi
1235 1091 1621 1162 archiepiscopo
1673 1090 1895 1144 salutem
1943 1094 1995 1145 et
2043 1094 2251 1162 aposto-

313 1187 468 1242 licam
505 1188 932 1242 benedictionem.

461 1283 735 1339 Confrater
758 1288 934 1338 noster
961 1284 1303 1338 Theodericus
1323 1283 1663 1338 Virdunensis
1691 1282 1982 1354 episcopus,
2010 1287 2069 1337 ut
2094 1300 2250 1355 saepe

312 1381 460 1434 nobis
498 1381 719 1435 relatum
757 1385 859 1450 est,
905 1380 1222 1435 habitatores
1260 1381 1362 1435 loci
1402 1380 1539 1451 apud
1577 1379 1950 1433 monasterium
1989 1379 2250 1450 quoddam

311 1477 478 1531 sancti
502 1476 803 1531 Michahelis
840 1477 977 1531 infra
1014 1478 1316 1548 parochiam
1354 1494 1501 1531 suam
1541 1477 1606 1530 ad
1646 1477 1897 1547 quasdam
1934 1493 2096 1531 novas
2127 1493 2248 1531 con-

310 1574 607 1628 suetudines
654 1591 748 1628 sua
785 1575 976 1629 virtute
1024 1578 1076 1628 et
1117 1575 1354 1645 potentia
1390 1573 1596 1628 flectere
1636 1577 1688 1628 et
1725 1574 1996 1628 cohercere
2035 1573 2125 1627 diu
2163 1591 2248 1628 co-

309 1674 462 1724 natus
501 1674 601 1724 est:
642 1671 884 1725 videlicet
920 1675 979 1725 ut
1016 1687 1134 1724 cum
1171 1670 1378 1725 letaniis
1417 1671 1668 1725 maiorem
1707 1670 1994 1740 ecclesiam,
2033 1670 2131 1725 hoc
2171 1675 2250 1725 est

310 1784 457 1821 suam
503 1768 849 1839 episcopalem
897 1768 1097 1837 sedem,
1147 1767 1302 1821 simul
1341 1768 1639 1837 congregati
1679 1767 1895 1836 singulis
1935 1768 2084 1822 annis
2123 1767 2248 1822 visi-

308 1867 494 1918 tarent.
563 1864 712 1929 Quod
760 1881 878 1918 cum
923 1864 1001 1918 illi
1048 1865 1381 1934 inusitatum⁷
1433 1882 1500 1918 ne
1546 1866 1681 1919 forte
1730 1869 1782 1919 et
1821 1864 2035 1918 alterius
2081 1881 2248 1919 novae

309 1961 591 2014 exactionis
631 1961 954 2015 occasionem
992 1961 1202 2030 darent,
1251 1961 1361 2032 pati
1399 1966 1701 2031 renuerent,
1750 1962 1984 2016 divinum
2021 1961 2096 2015 ibi
2133 1960 2246 2014 offi-

307 2057 444 2111 cium
479 2057 593 2111 fieri
629 2058 836 2128 penitus
874 2058 1160 2112 interdixit.
1219 2057 1303 2112 Ex
1342 2075 1444 2127 qua
1481 2076 1538 2113 re
1577 2075 1694 2112 cum
1735 2059 2007 2130 episcopus
2038 2062 2245 2129 aposto-

304 2153 432 2208 licas
469 2154 575 2207 iam
615 2159 733 2208 ante
770 2154 970 2209 litteras
1008 2155 1294 2226 recepisset
1332 2185 1398 2192 -—
1442 2155 1804 2225 commonitus,
1849 2159 1909 2209 ut
1943 2154 2117 2208 locum
2155 2154 2245 2210 ab·

305 2250 528 2304 solveret
584 2255 636 2305 et
681 2251 813 2305 nihil
858 2252 1002 2321 inde,
1060 2252 1164 2305 nisi
1213 2252 1352 2322 quod
1397 2252 1705 2306 canonicum
1753 2256 1804 2307 et
1848 2252 2043 2306 iustum
2091 2252 2242 2322 foret,

304 2348 535 2417 exigeret
573 2379 641 2385 —
681 2349 840 2403 verba
879 2349 1087 2419 quidem
1125 2366 1230 2402 non
1268 2348 1418 2420 plene
1458 2353 1795 2404 conservatae
1832 2348 2082 2403 materiae
2120 2366 2242 2420 par-

302 2444 425 2497 tim⁰
473 2445 705 2500 modeste
751 2446 975 2515 notavit,
1026 2446 1118 2500 sed
1154 2445 1477 2500 voluntatem
1525 2449 1578 2500 et
1622 2446 1884 2515 cognitam
1930 2446 2242 2516 magistrae‘¹

303 2539 604 2595 intentionis
642 2543 951 2596 sententiam
991 2543 1201 2596 omnino
1239 2543 1483 2611 neglexit.
1543 2543 1719 2613 Unde,
1762 2560 1859 2598 nec
1896 2561 1991 2598 nos
2031 2543 2241 2614 quidem

305 2635 368 2689 de
416 2635 526 2690 eius
573 2637 889 2709 obedientia,
942 2640 987 2693 si
1023 2640 1272 2711 privatim
1309 2640 1596 2710 loquimur,
1643 2639 1868 2694 multum
1906 2639 2239 2711 confidenteS‚

302 2733 682 2787 fraternitatem
713 2738 858 2788 tuam
884 2736 1168 2807 apostolica
1194 2738 1502 2791 auctoritate
1527 2755 1823 2791 monemus:
1863 2741 1938 2807 ut,
1968 2755 2033 2791 ex
2057 2741 2240 2792 nostra

304 2833 355 2883 et
393 2833 483 2883 tua
519 2834 670 2900 parte
708 2833 1000 2886 convocatis
1040 2838 1092 2887 et
1129 2834 1415 2888 coniunctis
1453 2834 1550 2888 tibi
1588 2834 1926 2905 suffraganeis
1961 2835 2236 2906 episcopiS‚

300 2926 542 2980 videlicet
577 2926 894 2981 Herimanno
933 2927 1154 2983 Metensi
1193 2935 1243 2984 et
1267 2930 1514 3002 Poppone
1541 2931 1789 3001 Tullensi‚
1827 2931 2090 3001 prafatum
2129 2933 2237 3003 epi-

302 3039 516 3094 scopum
541 3024 622 3077 ‘ad
659 3023 972 3093 colloquium
1008 3030 1188 3080 nostra
1224 3027 1336 3081 vice
1374 3044 1650 3095 convoces3
1700 3028 1936 3081 indicans
1975 3028 2101 3097 sibi,
2140 3045 2235 3082 nos

299 3136 404 3173 non
444 3137 606 3190 aequo
647 3121 819 3174 animo
858 3121 1146 3189 neglectam
1185 3122 1248 3175 ab
1288 3139 1346 3176 eo
1387 3124 1522 3178 sedis
1551 3124 1863 3196 apostolicae
1888 3124 2234 3178 reverentiam

300 3217 582 3287 accepisse3
623 3218 920 3288 pariterque
961 3235 1074 3272 eum
1117 3218 1416 3288 admonenS‚
1456 3224 1516 3273 ut
1551 3221 1816 3290 praedicto
1854 3220 1966 3274 loco
2004 3237 2234 3274 commu-

297 3307 505 3368 nionem
543 3316 857 3369 sacrosancti
895 3318 947 3368 et
975 3315 1138 3368 divini
1166 3314 1443 3370 ministerii
1467 3317 1652 3370 reddat
1677 3320 1744 3385 et,
1784 3316 1829 3370 si
1855 3316 1979 3386 quid
2002 3316 2233 3371 iustitiae

298 3427 354 3464 se
391 3410 603 3465 confidit
637 3412 844 3481 habere,
885 3428 1124 3466 concesso
1163 3412 1308 3482 prius
1348 3413 1543 3466 eisdem
1575 3412 1869 3466 hominibus
1906 3416 2052 3467 tanto
2085 3416 2229 3467 tran-

411 3585 444 3611 a.
476 3576 629 3625 Legitur
661 3577 771 3612 etiam
812 3573 849 3621 2)
877 3577 913 3612 in
942 3576 1209 3622 diplomatario
1247 3576 1406 3624 capituli
1439 3579 1678 3621 Trevirensis,
1714 3590 1762 3613 est
1796 3590 1867 3627 quo
1903 3577 2000 3614 banc
2032 3579 2229 3626 epistolam

297 3640 415 3677 edidit
432 3641 548 3688 Beyer
576 3642 866 3678 Urkundenhuch
893 3645 917 3679 I
939 3642 1026 3679 430.
1130 3641 1166 3678 b.
1192 3641 1392 3682 karissimo
1418 3662 1460 3669 --
1486 3641 1634 3683 Christo
1663 3643 1804 3683 addidi
1826 3658 1873 3682 ex
1900 3645 1935 3683 2.
2038 3655 2069 3681 c.
2096 3655 2228 3695 parum

296 3706 380 3743 cod.
407 3715 441 3743 ei
468 3709 503 3744 2.
640 3708 675 3746 d.
709 3708 859 3748 nostrae
885 3709 1069 3748 excidisse
1095 3709 1248 3747 videtur.

2280 1068 2355 1105 Mal
2387 1069 2409 1106 6
