2730 4198
517 286 626 339 428
948 298 1218 337 GREGORII
1257 298 1334 334 vn
1371 295 1634 334 REGIS'rm
1672 296 1771 332 vm
1799 294 1865 331 lb.
1894 296 1957 331 10.
1986 295 2021 330 2.

518 410 647 473 VIII
678 411 780 472 lb.
841 414 1243 469 Investitura
1293 412 1508 465 domni
1547 410 1848 479 Gregorii
1897 427 2127 480 papae,
2178 427 2299 480 qua
2334 411 2455 466 Ro-

702 512 950 565 bertum
992 510 1208 562 ducem
1246 506 1640 560 investivit.
2439 561 2441 563 ¹

358 617 471 660 1080
663 606 774 673 Ego
801 605 1080 671 Gregorius
1106 620 1246 674 papa
1270 602 1492 656 investio
1518 606 1586 670 te,
1614 600 1838 655 Roberte
1865 601 1987 669 duit,
2027 601 2090 654 de
2115 606 2272 670 terra,
2299 618 2456 671 quam

339 677 418 714 Μ’
439 678 486 714 ²⁹
512 702 612 756 >tibi
657 705 1023 754 concesserunt
1071 704 1420 753 antecessores
1469 698 1572 750 mei
1611 696 1848 750 sanctaeb
1888 697 2172 750 memoriae
2209 696 2454 752 Nicolaus

516 802 568 851 et
604 796 935 850 Alexander.‘
987 795 1066 849 De
1103 795 1196 848 illa
1235 799 1435 848 autem⁶
1475 798 1644 860 terra,
1685 810 1839 861 quam
1878 792 2072 846 iniuste
2108 796 2254 847 tenes
2266 815 2287 862 ‚¹
2321 793 2455 848 sicut

513 897 595 946 est
621 892 865 946 Salernus
901 895 953 944 et
977 890 1231 944 Amalfiad
1258 894 1310 944 et
1347 905 1469 959 pars
1508 889 1770 942 marchiae
1795 888 1837 941 F
1840 888 2057 957 irmane‚
2096 887 2324 943 nunc'te
2360 905 2454 960 pa·-

513 988 703 1041 tienter
750 987 980 1040 sustineo
1027 987 1109 1039 in⁰
1149 985 1462 1039 confidentia
1499 985 1598 1038 Dei
1646 983 2018 1054 omnipotentis
2059 988 2111 1037 et
2147 988 2269 1038 tuae
2306 984 2454 1041 boni—

513 1083 662 1135 tatis:
712 1086 771 1135 ut
816 1086 874 1135 tu
921 1086 1105 1152 postea
1150 1082 1336 1135 exinde
1374 1081 1440 1134 ad
1478 1081 1726 1134 honorem
1765 1080 1863 1134 Dei
1903 1084 1955 1134 et
1993 1080 2160 1134 sancti
2198 1079 2342 1134 Petri
2374 1081 2455 1134 ita

513 1183 565 1232 te
602 1177 813 1245 habeaS,
856 1178 989 1231 sicut
1027 1182 1079 1231 et
1115 1181 1167 1231 te
1208 1193 1360 1244 agere
1399 1181 1451 1230 et
1488 1193 1572 1230 me
1611 1177 1873 1246 suscipere
1912 1177 2060 1231 decet
2085 1176 2197 1230 sine
2221 1176 2453 1247 periculo

513 1273 717 1348 animae
754 1277 877 1326 tuae
917 1277 968 1326 et
1006 1290 1168 1326 meae.
1229 1272 1462 1340 Actum‘‚
1502 1277 1562 1325 ut
1599 1290 1773 1342 supra.

509 1442 639 1504 VIII
670 1447 759 1503 lc.
810 1447 1202 1502 Constitutio
1229 1448 1536 1502 reddendi
1563 1465 1782 1502 census
1810 1449 1874 1502 in
1904 1449 2001 1502 die
2027 1449 2452 1503 resurrectio-

693 1544 795 1596 nis
834 1542 1120 1610 Domini,
1161 1544 1497 1598 duodecim
1534 1545 1854 1598 videlicet
1893 1545 2308 1599 denariorum
2333 1545 2451 1615 Pa-

694 1638 942 1707 piensis
970 1642 1245 1707 monete,
1274 1639 1344 1692 de
1370 1643 1505 1692 tota
1530 1639 1769 1709 Apulia
1794 1639 2092 1695 Calabria
2118 1645 2178 1694 et
2206 1640 2448 1696 Sicilia„

347 1753 462 1796 1080
653 1741 766 1809 Ego
795 1740 1078 1809 Robertus,
1124 1741 1225 1795 Dei
1263 1742 1433 1810 gratia
1471 1746 1523 1795 et
1561 1742 1729 1794 sancti
1765 1740 1910 1795 Petri
1945 1743 2171 1812 Apuliae
2211 1748 2264 1798 et
2300 1744 2451 1799 Cala-

330 1813 477 1850 1un.29
507 1837 652 1891 briae
701 1841 754 1891 et
793 1836 1000 1890 Siciliae
1049 1837 1179 1906 dux,
1232 1838 1299 1891 ad
1345 1837 1791 1891 confirmationem
1839 1838 2137 1892 traditionis
2177 1844 2229 1893 et
2254 1841 2332 1907 jad
2367 1858 2451 1895 re-

506 1933 854 2001 cognitionem
901 1931 1169 1987 fidelitatis
1219 1934 1282 1988 de
1321 1934 1464 1987 omni
1501 1938 1665 2002 terra,
1718 1950 1877 2002 quam
1916 1951 2014 2003 ego.
2049 1939 2200 1989 teneo
2237 1937 2451 2006 proprie

506 2030 601 2083 sub
641 2029 869 2082 dominio
907 2045 1041 2098 mee,
1083 2034 1135 2083 et
1165 2047 1320 2098 quam
1348 2030 1515 2083 adhuc
1539 2030 1670 2084 nulli
1695 2030 2203 2085 ultramontanorum
2228 2032 2305 2086 ita
2329 2049 2451 2087 con-

506 2125 639 2180 cessi
686 2129 746 2179 ut
794 2128 995 2194 teneat,
1044 2127 1323 2195 promitto:
1373 2134 1457 2179 me
1498 2126 1790 2180 annualiter
1836 2143 1931 2196 pro
1980 2144 2290 2197 unoquoque
2327 2128 2448 2196 iugo

505 2222 660 2276 boum
701 2221 1024 2291 pensionem,
1065 2221 1337 2275 duodecim
1377 2222 1573 2276 scilicet
1612 2223 1851 2275 denarios
1881 2221 2151 2291 Papiensis
2190 2227 2446 2292 monetae,

505 2317 895 2388 persoluturum
941 2317 1092 2371 beato
1131 2316 1285 2370 Petro
1336 2322 1387 2371 et
1434 2318 1531 2371 tibi
1579 2318 1787 2371 domino
1833 2335 1949 2370 meo
1991 2316 2239 2386 Gregorio
2277 2336 2448 2390 papae

507 2418 559 2468 et
597 2413 835 2466 omnibus
876 2413 1258 2466 successoribus
1297 2413 1419 2481 tuis,
1460 2418 1549 2466 aut
1585 2414 1689 2466 tuis
1729 2418 1819 2467 aut
1856 2429 2209 2467 successorum
2237 2418 2447 2469 tuorum

502 2509 724 2562 nunciis
796 2508 977 2562 Hujusv
1005 2512 1178 2561 autem
1215 2508 1580 2578 pensionariae
1616 2509 1922 2562 redditionis
1963 2509 2063 2563 erit
2100 2526 2305 2580 semper
2342 2514 2446 2564 ter-

504 2604 695 2673 minuS‚
735 2603 881 2658 finito
921 2621 1124 2673 quoque
1153 2621 1305 2672 anne,
1346 2608 1556 2658 sanctae
1581 2605 1974 2659 resurrectionis
2002 2605 2111 2659 dies
2139 2605 2443 2661 dominicus.

509 2699 614 2754 Sub
653 2700 752 2753 hac
788 2716 912 2754 vero
953 2700 1251 2754 condicione
1291 2700 1443 2753 huius
1483 2701 1821 2770 persolvende
1860 2701 2126 2771 pensionis
2167 2701 2335 2770 obligo
2353 2719 2447 2758 ⁴me

507 2800 558 2849 et
595 2812 739 2849 meos
778 2796 890 2850 sive
927 2796 1143 2850 heredes
1185 2797 1294 2848 sive
1333 2812 1654 2850 successores
1691 2796 1788 2850 tibi
1815 2797 2023 2850 domino
2050 2814 2166 2852 meo
2194 2796 2444 2866 Gregorio

504 2908 671 2962 papae
696 2895 762 2945 >et
785 2891 1180 2947 successoribus
1220 2892 1339 2945 tuis.

502 3054 716 3122 VIII2.
767 3063 988 3133 Huyom‘
1030 3063 1208 3115 abbati
1245 3060 1574 3114 Cluniaeercsi
1610 3063 1789 3116 scribit
1827 3064 1889 3115 de
1929 3063 2153 3116 Roberto
2191 3064 2442 3120 monacho

621 3198 624 3200 ,
690 3152 982 3204 coercendo.
1048 3151 1375 3220 Adefonsam
1410 3151 1493 3204 VI
1522 3170 1692 3222 reyem
1729 3151 2116 3222 Leyionensem‚
2160 3154 2254 3222 qui
2289 3152 2442 3204 eecle-

687 3244 796 3294 siae
823 3242 1095 3294 Romanae
1135 3242 1357 3311 Zeyatam
1373 3260 1572 3311 param
1597 3252 1880 3294 reverenter
1906 3243 2215 3305 tractaverit,
2256 3259 2445 3293 sanare

691 3331 899 3400 eulpam
935 3331 1123 3383 iubeat.

345 3433 460 3476 1080
657 3423 937 3493 Gregorius
978 3425 1249 3496 episcopus
1290 3441 1468 3479 servus
1510 3442 1777 3478 servorum
1815 3423 1915 3477 Dei
1952 3423 2123 3491 Ugoni
2159 3422 2444 3476 venerabili

327 3492 407 3529 Μ’
427 3493 476 3530 2⁷
506 3519 835 3575 Cluniacensi
873 3521 1049 3575 abbati
1087 3521 1305 3575 salutem
1347 3525 1399 3574 et
1437 3521 1775 3590 apostolicam
1813 3519 2239 3574 benedictionem.

620 3643 652 3668 a.
680 3634 833 3679 Legitur
860 3635 969 3669 etiam
999 3630 1036 3678 2)
1066 3647 1128 3678 ap.
1146 3632 1358 3669 Densdedit
1385 3632 1617 3668 cardinalem
1645 3633 1671 3668 l.
1693 3633 1718 3667 l.
1849 3630 1885 3667 b.
1915 3631 2065 3667 Sanctae
2091 3630 2292 3667 memoriae
2320 3644 2389 3667 om.
2409 3632 2445 3667 2.

505 3707 535 3733 c.
571 3708 659 3733 vero
687 3699 721 3733 2.
877 3697 912 3733 d.
947 3697 1073 3735 Malfia
1107 3699 1141 3734 2.
1298 3709 1328 3733 e.
1364 3697 1404 3733 in
1433 3696 1505 3733 Dei
1540 3698 1577 3733 et
1609 3698 1676 3733 tua
1702 3696 1929 3733 confidentia
1956 3698 1979 3733 2
2010 3710 2079 3743 pro
2108 3696 2148 3732 in
2181 3715 2221 3720 —
2251 3696 2443 3733 bonitatis.

503 3762 528 3799 f.
556 3763 690 3799 Actum
716 3764 758 3799 ut
785 3774 897 3810 supra
925 3777 991 3798 om.
1016 3765 1050 3799 2.
