2730 4198
738 284 1013 323 GREGORn
1049 286 1128 322 vu
1166 285 1430 323 Rucrs'rm
1466 286 1568 322 vm
1594 285 1643 322 5⁷
1671 283 1735 331 (rx
1755 283 1832 331 34).
2148 272 2255 326 513

313 404 463 472 eique
501 402 765 455 hominem
801 418 907 455 non
934 403 1274 472 praeponitiS,
1315 403 1442 456 satis
1479 402 1726 469 intelligit
1761 402 2025 455 industria
2061 407 2252 456 vestra.
2290 409 2436 453 1083?

309 499 412 553 Pro
462 498 647 567 quibus
695 497 934 550 omnibus
982 498 1218 567 praefato
1267 499 1446 551 comiti
1493 497 1872 551 exhortatorias
1919 501 1972 551 et
2010 498 2256 568 depreca-

309 595 472 648 torias
521 610 659 646 nunc
704 594 865 647 tercio
913 594 1216 663 scripsimus
1254 593 1482 646 litteras:
1532 597 1592 646 ut
1631 591 1925 645 antichristi
1962 594 2254 647 membrum

313 690 537 760 amplius
583 706 690 742 non
737 693 1052 743 sustentaret
1100 705 1268 758 neque
1313 688 1538 756 foveret,
1591 688 1683 741 sed
1729 688 1896 755 magis
1936 689 2000 742 de
2039 689 2257 742 ecclesia

311 802 564 856 oppressa
589 785 747 839 cicius
772 785 1111 855 propelleret3
1153 788 1205 837 et
1241 783 1441 841 clericis
1481 799 1576 852 pro
1602 783 1805 836 iustitia
1831 784 2053 837 exulatis
2081 786 2257 838 omnia

311 882 412 936 sibi
432 881 607 935 ablata
625 881 680 934 in
699 882 961 948 integrum
980 881 1304 945 restitueret3
1334 883 1401 945 et,
1425 879 1600 930 omnia
1618 878 1746 932 haec
1765 879 1907 932 mala
1931 881 2254 948 corrigendO,

311 978 495 1045 dignos
543 977 899 1047 poenitenciae
945 976 1143 1028 fructus
1181 975 1375 1027 faceret
1410 974 1550 1026 infra
1586 976 1870 1027 terminum
1909 976 2258 1044 quadraginta

313 1074 513 1127 dierum
562 1077 682 1143 post
724 1073 927 1125 litteras
965 1075 1170 1123 nostras
1209 1070 1311 1123 sibi
1349 1074 1583 1123 ostensas
1623 1070 1734 1123 sive
1771 1069 2082 1124 notificatas
2163 1071 2256 1125 Sin

314 1173 504 1237 autem,
546 1169 684 1237 quod
723 1167 858 1221 absit
896 1171 948 1220 et
985 1166 1123 1235 quod
1148 1165 1290 1219 Deus
1330 1165 1513 1235 procul
1552 1165 1616 1218 ab
1647 1183 1705 1219 eo
1735 1171 1953 1234 avertat,
1993 1167 2158 1220 nollet
2185 1198 2253 1204 —

313 1265 594 1319 secundum
634 1262 926 1334 apostolum
965 1262 1053 1330 qui
1080 1262 1176 1314 ait:
1219 1262 1285 1314 In
1308 1273 1557 1332 promptu
1584 1263 1821 1316 habentes
1847 1264 2033 1316 ulcisci
2058 1283 2257 1317 omnem

310 1362 753 1414 inoboedienciam
768 1355 798 1424 ¹,
851 1362 903 1411 et
941 1356 1089 1410 alibi:
1141 1357 1210 1411 Si
1245 1361 1363 1428 quis
1401 1377 1507 1411 non
1548 1359 1830 1412 oboedierit
1864 1361 2017 1412 verbo
2057 1371 2253 1425 nostre,

302 1475 404 1528 per
442 1456 711 1527 epistolam
749 1455 884 1507 hunc
921 1465 1120 1518 notate,
1173 1464 1220 1507 et
1255 1473 1360 1507 non
1400 1457 1838 1507 commisceamini
1874 1475 1990 1508 cum
2027 1458 2148 1522 illc,
2201 1469 2260 1509 ut

310 1547 710 1620 confundatur-²,
763 1554 815 1603 et
864 1549 965 1602 alio
1009 1549 1148 1602 loco:
1199 1550 1421 1619 Auferte
1457 1552 1654 1602 malum
1693 1570 1755 1604 ea·
1792 1553 2040 1606 vobismet
2075 1549 2253 1623 ipsis³,

311 1650 436 1717 quia
473 1648 733 1699 modicum
755 1647 1078 1716 fermentum
1117 1657 1278 1698 totam
1314 1665 1542 1698 massam
1568 1646 1882 1718 corrumpit*
1909 1677 1977 1684 —
2006 1648 2051 1700 si
2077 1648 2255 1715 nollet,

307 1743 539 1812 inquam,
580 1742 838 1809 oboedire,
879 1745 1179 1809 segregatus
1220 1746 1272 1794 et
1309 1742 1787 1795 excommunicatus
1822 1743 1959 1796 foret
1984 1761 2015 1797 a
2040 1760 2256 1814 corpore

311 1843 363 1892 et
401 1855 431 1891 a
469 1839 830 1891 communione
870 1842 1079 1890 sanctae
1120 1837 1366 1890 ecclesiae
1406 1867 1472 1873 —
1517 1839 1825 1892 auctoritate
1851 1838 1952 1892 Dei
1989 1843 2041 1892 et
2065 1840 2256 1893 iudicio

311 1935 480 1988 sancti
529 1933 782 2004 SpirituS,
842 1950 994 2002 quem
1045 1933 1424 2002 quodammodo
1474 1934 1775 2002 blasfemat,
1825 1935 2096 1988 inimicum
2146 1936 2256 1989 eius

311 2034 494 2084 contra
542 2047 658 2083 eum
712 2030 933 2082 scienter
982 2029 1348 2097 sustentandO,
1402 2030 1490 2098 qui
1540 2030 1738 2083 tociens
1778 2032 2256 2086 excommunicatus

311 2127 590 2179 carismata
627 2126 881 2179 virtutum
930 2129 982 2178 et
1033 2125 1170 2178 dona
1217 2126 1506 2192 gratiarum
1545 2126 1656 2179 eius
1697 2127 1888 2180 cotidie
1929 2127 2097 2181 adhuc
2136 2145 2256 2198 pro-

307 2223 541 2291 phanare
578 2238 684 2274 non
721 2222 873 2274 timet
912 2251 981 2257 —
1022 2221 1185 2274 donec
1225 2220 1584 2274 satisfatiendo
1624 2223 1906 2291 poeniteat.
2208 2287 2210 2289 v

457 2316 798 2387 Omnipotens
838 2316 980 2369 Deus
1021 2316 1261 2370 cordibus
1301 2317 1534 2369 omnium
1572 2322 1804 2370 vestrum
1844 2323 1896 2372 et
1935 2319 2079 2372 cordi
2116 2320 2256 2372 illius

307 2413 517 2481 indicet,
547 2430 613 2466 ex
643 2417 836 2481 quanto
865 2412 1040 2465 dolore
1068 2412 1237 2465 cordis
1264 2412 1392 2465 haec
1419 2413 1563 2478 dico;
1606 2414 1851 2482 quoniam
1879 2431 2058 2468 omnes
2085 2415 2257 2468 Deum

310 2509 582 2576 diligentes
630 2508 789 2576 diligo
830 2513 882 2562 et
917 2508 1067 2562 illum
1107 2509 1332 2577 quadam
1372 2508 1587 2578 speciali
1626 2509 1928 2578 dilectione,
1979 2511 2114 2564 sicut
2150 2513 2256 2565 iam

309 2604 574 2674 praefatus
614 2621 746 2672 sum,
786 2604 962 2672 dilexi,
1004 2605 1126 2673 quia
1163 2605 1302 2658 bona
1339 2605 1647 2658 multociens
1688 2606 1751 2658 de
1791 2623 1850 2659 eo
1892 2607 2083 2660 audivi.
2153 2607 2255 2661 Sed

309 2699 637 2753 dissimulare
674 2699 769 2753 hec
793 2717 992 2769 nequeo
1021 2701 1132 2754 sine
1161 2701 1366 2754 animae
1391 2718 1538 2754 meae
1565 2718 1754 2769 magno
1780 2703 2014 2772 periculo
2039 2708 2257 2774 propter

308 2795 438 2862 illud
483 2795 797 2865 prophetae:
849 2796 916 2850 Si
950 2816 1056 2849 non
1096 2801 1498 2850 annunciaveris
1536 2801 1720 2868 iniquo
1759 2802 2088 2869 iniquitatem
2127 2804 2252 2865 eius,

307 2895 613 2963 sanquinem
653 2894 759 2944 eius
798 2893 861 2944 de
897 2911 1058 2944 manu
1095 2903 1186 2945 tua
1222 2891 1536 2963 requiram5,
1580 2898 1632 2947 et
1667 2893 1799 2946 illud
1839 2894 2087 2963 apostoli:
2127 2897 2255 2948 Non

306 2989 472 3040 solum
511 2990 606 3058 qui
626 2988 860 3056 faciunt,
903 2990 993 3040 sed
1019 2999 1066 3041 et
1091 2992 1184 3058 qui
1220 2993 1557 3054 consentiunt,
1600 2992 1753 3060 diyni
1775 3001 1896 3043 sunt
1919 2988 2125 3043 morte⁶.
2183 2991 2255 3044 Et

308 3083 489 3137 beatus
515 3082 798 3151 Gregorius
840 3083 938 3136 ait:
978 3085 1148 3148 Mala,
1192 3103 1325 3154 quae
1363 3088 1435 3138 ad
1471 3105 1566 3138 nos
1598 3097 1963 3156 pervenerunt,
2007 3089 2252 3139 dissimu-

307 3181 416 3234 lare
452 3199 557 3234 non
596 3182 864 3244 audemus,
908 3182 1051 3249 quia,
1095 3183 1189 3250 qui
1226 3184 1496 3234 emendare
1530 3193 1700 3252 potest
1736 3193 1783 3235 et
1805 3183 2037 3252 neyliyit,
2081 3184 2256 3235 delicti

303 3279 615 3347 participem
645 3277 839 3346 procul
876 3277 1034 3328 dubio
1074 3295 1127 3328 se
1165 3280 1451 3342 constituit,
1495 3281 1547 3329 et
1585 3277 1736 3330 alibi:
1781 3278 2031 3347 Quisquis
2071 3289 2252 3331 contra

304 3374 570 3444 neophitos
611 3384 658 3426 et
694 3354 1020 3442 symoniacos
1053 3391 1157 3442 pro
1200 3373 1364 3441 officii
1390 3375 1476 3424 sui
1502 3375 1913 3426 consideratione
1937 3375 2252 3427 veliementer

422 3596 461 3640 1.
502 3598 530 3641 2
561 3597 758 3644 Corinth.
791 3600 860 3656 10,
894 3601 934 3644 6.
1094 3599 1136 3642 2.
1178 3599 1205 3642 2
1236 3597 1396 3642 Thess,
1430 3598 1471 3654 3,
1506 3597 1576 3641 14.
1728 3598 1769 3642 3.
1814 3599 1836 3642 1
1871 3597 2072 3643 Corinth.
2104 3598 2146 3654 5,
2181 3599 2250 3643 13.

303 3668 346 3712 4.
381 3670 404 3712 1
428 3668 624 3714 Corinth.
647 3673 688 3728 5,
711 3674 752 3716 6.
901 3674 943 3717 5.
977 3671 1044 3717 Cf.
1069 3671 1233 3716 Ezech.
1257 3673 1298 3728 3,
1324 3672 1392 3715 18.
1546 3672 1587 3714 6.
1620 3671 1749 3715 Rom.
1775 3673 1815 3727 1,
1837 3673 1910 3744 32.

378 3747 508 3790 σπη’.
535 3751 770 3789 Bibliotheca
795 3755 840 3789 11.
1840 3753 1898 3796 33
