2722 4172
834 294 1107 333 GREGORII
1145 296 1225 333 vn
1264 294 1527 333 Rners‘rm
1563 294 1584 332 1
1611 294 1671 331 31.
2153 280 2223 332 49

287 404 313 466 I
347 407 446 466 31.
490 411 854 481 Lanfrancum
893 415 1340 485 archiepiscopum
1378 412 1799 466 Cantuariensem
1847 412 2113 477 hortatur,
2163 431 2227 464 ne

489 508 818 561 Balduimcm
870 510 927 564 S.
964 511 1273 563 Eadmundi
1318 510 1552 562 abbatem
1601 510 1664 562 ab
1715 508 1936 578 Arfasto
1985 511 2224 579 episcopo

493 605 850 659 Elmlzamensi
887 607 1032 676 affici
1066 608 1278 659 iniuriis
1306 608 1580 676 patiatur5
1620 609 1706 658 cui
1740 624 1805 658 ne
1830 623 2024 658 ‘morem
2058 616 2223 676 yerat,

494 698 828 755 Guilz'elmum
868 704 906 756 I
935 723 1103 774 reqem
1140 704 1412 755 admoneri
1446 703 1570 755 vult.

435 809 716 879 Gregorius
764 815 1036 884 episcopus
1088 830 1266 866 servus
1315 829 1585 866 servorum
1622 811 1721 865 Dei
1758 811 2051 865 Lanfranco
2092 810 2227 864 Can·
2283 816 2397 860 1073

286 908 576 961 tuariorum
613 909 669 962 in
693 910 887 978 Anglia
920 909 1306 979 archiepiscopo
1348 908 1568 961 salutem
1607 913 1659 961 et
1697 908 2032 978 apostolicam
2072 907 2228 962 bene·
2256 877 2350 914 N0v‘
2370 878 2418 914 ²⁰

289 1003 583 1058 dictionem.

434 1093 551 1154 Non
590 1102 808 1155 minima
845 1101 1186 1154 admiratione
1225 1101 1439 1168 dignum
1478 1100 1730 1168 ducimus,
1773 1117 1875 1170 qua
1899 1100 2087 1169 fronte,
2129 1117 2231 1170 qua

288 1201 462 1250 mente
499 1197 771 1251 Arfastum
819 1198 1012 1251 dictum
1062 1194 1392 1268 episcopuml
1431 1202 1640 1251 sanctae
1679 1197 1942 1250 Romanae
1983 1197 2230 1251 ecclesiae

286 1293 504 1347 illudere
543 1298 595 1347 et
618 1293 801 1347 beatae
826 1282 1106 1347 memoriae
1132 1294 1492 1347 Alexandrum
1517 1293 1969 1364 praedecessorem
1994 1298 2231 1347 nostrum

288 1389 499 1458 eiusque
539 1390 745 1443 decreta
784 1394 1149 1460 contempnere
1187 1391 1476 1461 patiamini.
1535 1390 1875 1444 Prudentiam
1915 1391 2108 1464 quippe
2142 1408 2230 1445 ve-

287 1489 453 1539 stram
491 1486 557 1539 ad
593 1486 806 1556 plenum
845 1503 1153 1555 cognoscere
1190 1505 1284 1541 nos
1322 1505 1428 1541 non
1465 1487 1617 1540 latet:
1669 1491 1904 1540 sanctam
1942 1486 2233 1541 Romanam

287 1581 557 1635 ecclesiam
582 1583 695 1637 iure
724 1600 755 1636 a
780 1583 891 1637 Deo
919 1584 1038 1637 dato
1067 1584 1166 1637 sibi
1193 1585 1467 1638 defendere
1495 1584 1847 1652 ecclesiarum,
1885 1584 2230 1653 sacerdotum,

287 1679 648 1750 episcoporum
686 1681 1099 1734 consecrationes
1127 1685 1194 1749 et,
1235 1698 1265 1733 a
1293 1680 1435 1734 nullo
1463 1685 1673 1751 sumpta
1697 1681 1924 1749 licentia,
1966 1681 2153 1735 debere
2182 1685 2233 1735 et

285 1792 439 1846 posse
478 1777 763 1844 celebrare3
805 1777 912 1830 suis
952 1781 1004 1830 et
1033 1778 1335 1847 praebuisse
1364 1781 1415 1830 et
1439 1777 1550 1831 Deo
1579 1781 1838 1831 annuente
1877 1777 2232 1848 praebituram

285 1869 642 1926 firmissimam
680 1873 837 1927 etiam
873 1874 929 1926 in
968 1874 1062 1927 hoc
1102 1874 1471 1943 defensionem,
1513 1875 1634 1943 quia
1659 1873 1879 1927 Romam
1905 1874 2144 1928 venerint
2181 1879 2233 1928 et

288 1968 424 2021 sedis
451 1969 765 2039 apostolicae
793 1970 1065 2023 consilium
1093 1975 1144 2024 et
1170 1971 1423 2024 auxilium
1448 1971 1710 2041 petierint.
1764 1969 1959 2034 Quibus
1988 1971 2231 2024 Arfastus

289 2064 455 2118 dictus
505 2066 778 2136 episcopus
828 2085 930 2136 qua
977 2084 1112 2121 nova
1151 2067 1366 2121 audacia
1413 2069 1648 2137 resistat,
1699 2068 1804 2121 nisi
1841 2068 2062 2122 fortasse
2101 2069 2228 2121 ista:

285 2162 494 2215 Ponam
541 2165 708 2216 sedem
748 2183 914 2217 meam
962 2167 1033 2217 ad
1080 2166 1403 2235 aquilonem,
1457 2176 1504 2218 et
1551 2185 1636 2218 ero
1684 2167 1871 2218 similis
1911 2162 2228 2232 Altissimffl,

284 2257 602 2326 ignoramus.
661 2259 747 2312 Ad
786 2260 912 2329 quid
950 2261 1108 2314 etiam
1146 2261 1354 2314 dilectio
1392 2265 1568 2314 vestra
1606 2278 1762 2332 super
1798 2261 1880 2315 his
1921 2261 2088 2330 sileat,
2126 2279 2232 2315 non

285 2354 506 2408 nimium
542 2356 810 2409 miramur.
880 2357 1096 2425 Verum,
1148 2357 1270 2426 quia
1316 2357 1378 2410 de
1416 2345 1562 2411 vobis
1609 2375 1714 2410 non
1762 2357 1913 2411 aliter
1963 2374 2118 2426 quam
2169 2358 2232 2412 de

286 2451 436 2504 nobis
475 2451 788 2522 dubitamuS,
827 2454 1208 2507 fraternitatem
1247 2458 1476 2507 vestram
1515 2453 1833 2508 confidenter
1872 2454 2231 2525 deprecamur,

287 2551 347 2600 ut
382 2548 495 2602 vice
531 2553 710 2602 nostra
738 2550 939 2604 Arfasti
976 2567 1141 2618 nugas
1183 2550 1390 2620 penitus
1429 2552 1770 2621 compescatis
1812 2555 1863 2604 et
1901 2552 2068 2605 sancti
2091 2551 2232 2606 Ead-

289 2644 471 2696 mundi
520 2645 816 2699 abbatem⁰³
867 2650 1048 2700 contra
1099 2647 1364 2700 decretum
1414 2647 1698 2701 decessoris
1746 2648 1914 2701 nostri
1951 2648 2233 2718 inquietari

288 2738 429 2792 nullo
467 2741 621 2794 modo
661 2742 858 2795 sinatis
925 2743 1022 2806 Qui
1061 2745 1236 2812 etiam,
1278 2761 1395 2797 cum
1435 2744 1674 2798 eumdem
1713 2744 1955 2798 abbatem
1991 2745 2048 2798 in
2085 2762 2231 2815 pres-

287 2835 528 2905 byterum
563 2838 792 2891 ordinari
816 2839 977 2893 Rome
1002 2840 1225 2908 fecisset,
1263 2841 1436 2910 ipsum
1465 2844 1516 2894 et
1540 2841 1931 2909 monasterium,
1972 2841 2056 2895 cui
2079 2858 2232 2912 prae-

290 2937 384 3001 est,
423 2933 478 2986 in
516 2934 736 2987 tutelam
775 2935 1087 3005 apostolicae
1124 2937 1260 2990 sedis
1289 2933 1530 3007 accepit4.
1590 2937 1739 2991 Unde
1765 2938 1983 2991 iniurias
2009 2938 2150 2992 illius
2176 2939 2232 2991 in

287 3046 382 3083 nos
421 3031 736 3100 redundare,
779 3031 1107 3086 dissimulare
1145 3049 1250 3085 11011
1288 3051 1590 3103 possumus3
1630 3035 1937 3105 praesertim
1980 3052 2123 3103 cum,
2165 3035 2232 3088 ad

288 3117 589 3198 despectum
638 3127 961 3181 auctoritatis
1008 3133 1216 3182 nostrae
1266 3146 1351 3182 eas
1404 3130 1503 3183 sibi
1549 3131 1796 3198 irrogari,
1840 3132 2226 3201 perpendimus,

287 3223 435 3277 Unde
484 3225 643 3278 etiam
682 3221 1061 3292 Guilielmum⁵,
1108 3242 1285 3292 regem
1334 3227 1660 3280 carissimum
1710 3231 1761 3280 et
1807 3227 2016 3280 unicum
2064 3226 2228 3280 filium

289 3324 496 3376 sanctae
522 3320 787 3375 Romanae
814 3320 1076 3389 ecclesiae,
1104 3322 1356 3392 ,precibus
1394 3323 1588 3376 nostris
1628 3327 1679 3376 et
1704 3323 1816 3377 vice
1853 3327 2036 3376 nostra
2074 3341 2230 3395 super

404 3480 436 3506 a.
465 3468 637 3507 abbatem
653 3470 791 3518 scripsi
801 3483 871 3518 pro
885 3468 1070 3506 abbatiam
1086 3469 1168 3506 cod.
1200 3472 1258 3515 Cf.
1277 3485 1372 3519 quae
1386 3479 1584 3520 sequuntur
1596 3471 1708 3507 verba
1723 3471 1836 3508 haec:
1855 3471 2027 3508 eumdem
2045 3471 2230 3510 abbatem.

408 3556 448 3599 1.
480 3553 843 3600 Elmhamensem
883 3570 918 3600 s.
949 3556 1326 3600 Helmamensem.
1368 3556 1524 3611 (Cuius
1556 3557 1842 3614 episcopatus
1884 3558 2017 3602 sedes
2048 3572 2089 3603 a.
2114 3560 2228 3603 1075

291 3627 662 3686 Theodfordiam,
695 3630 858 3674 deinde
888 3630 1130 3675 Norvicum
1161 3630 1380 3674 translata
1410 3632 1511 3684 est.)
1661 3632 1702 3675 2.
1735 3629 1803 3675 Cf.
1833 3631 1937 3676 Isai.
1965 3632 2034 3689 14,
2062 3633 2132 3676 13.
2156 3632 2225 3676 14.

290 3703 332 3748 3.
363 3703 649 3748 Balduinum.
798 3704 841 3748 4.
875 3705 988 3749 1071
1021 3703 1117 3749 Oct.
1136 3705 1206 3748 27.
1246 3704 1447 3760 Regesta
1474 3708 1599 3760 pont.
1621 3705 1749 3749 Rom.
1781 3720 1825 3750 n.
1848 3706 1978 3750 3462.
2116 3707 2158 3750 5.
2191 3706 2226 3750 Ι.

364 3783 495 3825 σηιηὲ,
523 3786 760 3821 Bibliotheca
785 3787 831 3821 11.
1816 3787 1847 3830 4
