2722 4172
770 290 1044 329 GREGORII
1082 291 1159 328 111
1184 289 1460 341 ,1133131111
1494 290 1517 326 1
1543 289 1632 326 21η.
1657 290 1717 326 22.
2142 275 2212 328 37

279 407 494 462 Terram
541 408 708 460 sancti
743 407 887 462 Petri
936 412 987 462 et
1032 409 1356 479 principatus
1399 423 1494 461 nec
1529 405 1776 460 invadere
1813 421 1910 459 nec
1948 405 2215 474 acquirere
2268 411 2382 456 1073

279 520 524 573 quaeram
560 520 658 557 nec
695 504 853 558 etiam
880 505 1188 575 depraedari
1210 521 1544 575 praesumam
1570 503 1764 572 absque
1788 505 1880 556 tua
1904 505 2215 572 tuorumque

277 617 658 669 successorum,
698 601 787 670 qui
826 602 892 654 ad
928 602 1178 655 honorem
1217 600 1382 653 sancti
1419 599 1562 653 Petri
1597 598 1933 667 intraverint,
1973 602 2116 652 certa
2150 597 2214 651 li-

277 697 463 766 centia,
502 701 709 767 praeter
745 698 907 767 illam,
948 714 1103 767 quam
1141 701 1199 750 tu
1236 695 1364 748 mihi
1400 695 1648 749 concedes
1685 695 1770 748 vel
1807 695 1885 748 tui
1922 694 2217 748 concessuri

277 797 399 847 sunt
445 810 781 858 successores,
841 794 1151 848 Pensionem
1199 793 1262 846 de
1307 795 1449 845 terra
1495 791 1662 844 sancti
1699 790 1868 859 Petri,
1916 807 2073 860 quam
2121 807 2214 859 ego

275 894 425 944 teneo
465 895 518 944 et
554 890 755 960 tenebo,
796 891 930 944 sicut
966 893 1218 943 statutum
1257 891 1360 956 est,
1398 891 1542 941 recta
1578 886 1680 941 fide
1720 886 1936 941 studebo
1974 891 2034 941 ut
2069 886 2218 942 illam

277 991 456 1041 sancta
477 986 714 1041 Romana
739 986 1029 1040 annualiter
1065 985 1255 1039 habeat
1292 983 1522 1038 ecclesia.
1583 983 1775 1038 Omnes
1815 1000 2017 1053 quoque
2056 983 2216 1038 eccle-

277 1084 398 1154 siaS,
439 1101 570 1154 quae
607 1085 663 1137 in
700 1101 818 1137 mea
852 1082 1140 1153 persistunt
1175 1082 1542 1149 dominatione,
1584 1097 1701 1134 cum
1728 1097 1906 1134 earum
1930 1081 2217 1150 possessio-

275 1180 429 1235 nibus
469 1181 728 1235 dimittam
765 1180 820 1232 in
858 1183 1003 1232 tuam
1040 1181 1380 1248 potestatem;
1422 1182 1474 1232 et
1509 1177 1749 1231 defensor
1775 1177 1984 1230 illarum
2024 1193 2111 1230 ero
2151 1176 2218 1230 ad

275 1276 579 1332 fidelitatem
618 1281 826 1330 sanctae
863 1274 1127 1328 Romanae
1167 1274 1427 1328 ecclesiae.
1486 1274 1617 1342 Regi
1654 1290 1775 1327 1310
1814 1272 2058 1341 Henric0,
2099 1289 2218 1326 cum

277 1392 308 1427 a
343 1378 396 1428 te
435 1373 729 1427 admonitus
766 1373 911 1426 fuero
940 1371 1021 1424 vel
1059 1389 1090 1424 a
1114 1371 1218 1424 tuis
1246 1371 1647 1439 successoribuS,
1685 1369 1867 1423 iurabo
1893 1368 2216 1437 fidelitatem,

276 1470 421 1524 salva
457 1474 633 1524 tamen
669 1468 918 1523 fidelitate
957 1471 1167 1521 sanctae
1204 1467 1468 1522 Romanae
1507 1467 1770 1522 ecclesiae.
1845 1466 1919 1520 Et
1955 1466 2001 1519 si
2038 1469 2097 1519 tu
2135 1465 2218 1519 vel

274 1567 351 1621 tui
390 1583 712 1621 successores
753 1570 872 1619 ante
910 1582 993 1618 me
1021 1582 1086 1618 ex
1118 1564 1216 1618 hac
1241 1566 1350 1619 vita
1373 1565 1730 1633 migraverint,
1771 1563 2055 1617 secundum
2080 1563 2218 1632 quod

273 1665 501 1718 monitus
547 1664 692 1717 fuero
743 1680 774 1716 a
810 1661 1110 1716 melioribus
1160 1662 1509 1716 cardinalibus
1550 1665 1602 1715 et
1639 1660 1839 1715 clericis
1877 1659 2126 1713 Romanis
2166 1663 2218 1714 et

272 1761 439 1830 laicis,
480 1760 752 1828 adiuvabO,
792 1764 851 1812 ut
887 1776 1026 1830 papa
1054 1758 1274 1827 eligatur
1311 1763 1363 1813 et
1388 1759 1656 1812 ordinetur
1683 1758 1748 1811 ad
1773 1757 2024 1811 honorem
2050 1756 2218 1811 sancti

272 1856 431 1911 Petri.
500 1856 644 1910 Haec
693 1857 869 1909 omnia
917 1872 1077 1925 supra
1125 1856 1320 1926 scripta
1365 1855 1650 1909 observabo
1698 1859 1907 1910 sanctae
1951 1853 2216 1908 Romanae

275 1954 521 2008 ecclesiae
561 1957 612 2008 et
649 1953 745 2007 tibi
790 1955 935 2005 recta
970 1950 1096 2018 fide3
1148 1956 1199 2005 et
1245 1951 1379 2006 hanc
1426 1951 1729 2007 fidelitatem
1778 1950 2061 2006 observabo
2109 1950 2214 2004 tuis

275 2051 656 2105 successoribus
697 2049 762 2103 ad
799 2049 1045 2103 honorem
1088 2049 1255 2102 sancti
1279 2048 1422 2102 Petri
1461 2049 1731 2119 ordinatis,
1771 2049 1815 2103 si
1850 2048 1981 2102 mihi
2005 2046 2215 2101 firmare

274 2147 532 2201 voluerint
587 2147 953 2200 investituram
1010 2163 1041 2198 a
1087 2150 1139 2199 te
1187 2146 1316 2198 mihi
1363 2161 1677 2200 concessam.
1764 2145 1957 2200 Actum
2006 2144 2215 2215 Capuae

279 2246 343 2298 18
383 2243 643 2298 Kalendas
683 2242 938 2311 Octobris,
977 2242 1259 2296 indictione
1305 2243 1387 2295 12.

274 2445 300 2507 Ι
333 2449 433 2507 22.
476 2450 922 2522 Carthaqinienses
949 2453 1204 2517 hortatur,
1237 2470 1302 2504 ne
1330 2450 1621 2505 Saracenos
1646 2461 1902 2513 metuant3
1941 2449 2214 2520 reprehen-

477 2550 676 2618 ditque,
729 2550 869 2618 quod
913 2547 1188 2619 Cyriacum
1235 2548 1680 2618 archiepiscopum
1730 2548 1876 2618 apud
1923 2545 2216 2600 Saracenos

477 2648 859 2698 accusaverint„

424 2754 704 2823 Gregorius
743 2757 1015 2826 episcopus
1046 2773 1224 2810 servus
1253 2772 1519 2810 servorum
1547 2754 1647 2808 Dei
1677 2753 1814 2807 31310
1841 2756 1892 2807 31
1914 2752 2056 2824 plebi
2080 2752 2215 2806 chri-

277 2852 475 2906 stianae
515 2851 875 2919 Cartaginensi
913 2852 1133 2906 salutem
1173 2856 1225 2906 et
1263 2852 1602 2923 apostolicam
1639 2833 2068 2904 benedictionem.

422 2947 604 3003 Gratia
638 2948 784 3002 vobis
824 2952 876 3002 et
910 2965 1015 3019 pax
1057 2966 1087 3002 a
1123 2936 1251 3003 Deo'
1271 2953 1420 3020 patre
1460 2953 1512 3002 et
1547 2949 1664 3002 Iesu
1703 2947 1908 3001 Christo
1957 2945 2063 3000 filio
2103 2946 2213 3019 eius

274 3046 442 3115 unico,
484 3046 572 3115 qui
610 3045 839 3114 gratuita
876 3045 1232 3098 misericordia
1267 3062 1360 3099 vos
1399 3046 1723 3099 conformare
1748 3045 1804 3097 in
1828 3061 2020 3097 novum
2046 3043 2214 3096 homi-

273 3159 395 3197 nem
430 3143 486 3196 in
525 3143 607 3196 sui
645 3142 910 3210 sanguinis
950 3140 1197 3195 effusione
1236 3142 1477 3210 dignatus
1517 3146 1618 3209 est3
1670 3141 1754 3195 cui
1791 3139 1952 3193 semel
1989 3139 2123 3192 mori
2162 3142 2214 3193 et

274 3257 544 3308 resurgere
582 3239 795 3310 placuit,
835 3243 894 3291 ut
930 3255 1021 3291 vos
1061 3255 1215 3293 carne
1253 3237 1615 3307 mortificaret,
1657 3237 1846 3308 spiritu
1883 3252 2005 3289 vero
2044 3233 2212 3289 vivifi-

275 3341 418 3391 caret
456 3340 508 3390 et
543 3336 654 3390 Deo
694 3319 924 3401 offerret3
966 3335 1110 3388 cuius
1149 3336 1227 3388 rei
1262 3335 1620 3389 testimonium
1658 3337 1824 3403 petra,
1865 3348 2022 3402 super
2056 3348 2213 3401 quam

275 3435 388 3504 ipse
426 3432 732 3500 aedificavit,
773 3432 917 3485 dedit
955 3432 1152 3485 dicens:
1195 3432 1424 3486 Christus
1461 3432 1613 3484 semel
1627 3449 1732 3501 pro
1751 3432 1981 3500 peccatis
2019 3432 2211 3483 nostris

275 3542 506 3584 mortuus
546 3541 632 3594 est,
674 3532 838 3582 iustus
869 3548 973 3599 pro
1001 3532 1224 3595 iniustae,
1266 3540 1324 3582 ut
1356 3548 1450 3581 nos
1478 3528 1681 3598 offerret
1703 3527 1838 3592 Dec,
1879 3527 2210 3594 mortificatos

279 3630 483 3697 quidem
509 3646 679 3693 carne,
721 3628 1003 3695 vivificatos
1030 3637 1200 3679 autem
1224 3628 1417 3696 spiritu
1431 3620 1459 3676 ¹.
1517 3623 1598 3677 De
1625 3639 1725 3692 quo
1755 3623 1914 3677 etiam
1937 3621 2035 3678 hoo
2058 3621 2212 3678 modo

394 3737 436 3779 1.
469 3737 494 3780 1
514 3736 696 3793 Petne,
719 3736 788 3780 18.

2244 471 2348 521 Sept.
2366 473 2418 511 14

2271 2759 2385 2803 1073

2246 2819 2349 2868 Sept.
2367 2820 2415 2858 15
