2782 4198
804 302 1079 341 GREGORII
1115 304 1195 341 vn
1232 302 1496 341 Rnc1s'r1z1
1533 303 1591 340 1v
1618 302 1680 338 20.
2112 288 2218 341 269

418 419 696 475 Praeterea
720 419 865 472 Azzo
906 420 1133 488 quidam,
1175 419 1451 473 canonicus
1483 419 1730 473 ecclesiae
1758 418 1923 472 sancti
1950 417 2129 472 Amati
2157 419 2220 472 de

272 515 668 587 praenominato
717 515 856 583 loco,
907 533 1002 585 pro
1050 516 1274 585 quodam
1314 516 1479 584 (11010,
1526 515 1649 569 11001
1686 532 1809 568 vero
1847 515 2003 567 nimis
2042 518 2220 568 tamen

272 613 458 667 leviter
505 615 558 665 et
601 612 955 665 inreverenter
992 611 1222 682 prolato,
1275 628 1306 664 a
1344 611 1603 664 consortio
1641 611 1861 663 fratrum
1905 628 1959 664 se
1998 611 2221 664 eiectum

275 725 402 776 esse,
429 707 608 761 nobisa
629 708 872 761 innotuit.
919 707 1099 775 Quem,
1129 707 1370 760 similiter
1398 706 1714 776 apostolicae
1740 707 2091 760 miserationis
2120 706 2221 761 010-

273 804 525 858 mentiam
551 821 646 874 pro
675 821 770 857 sua
793 804 1214 858 reconciliatione
1240 803 1628 872 implorantem,
1650 802 1832 855 itidem
1860 802 1957 855 tibi
1984 804 2221 856 commit-

272 900 458 954 timus:
508 905 567 954 ut
606 931 673 937 —
717 901 760 953 si
802 901 904 953 alia
943 917 1062 954 eum
1100 899 1269 969 culpa,
1311 897 1635 951 damnationi
1679 898 1847 965 magis
1887 897 2077 966 debita,
2117 916 2222 952 non

275 1001 484 1050 accusat
523 1027 592 1033 —
631 1013 727 1067 pro
766 996 864 1049 hac
901 997 956 1048 in
995 996 1222 1065 capitulo
1261 995 1484 1047 fratrum
1511 993 1779 1046 claustrali
1806 994 2084 1064 disciplina
2111 1011 2223 1048 cor-

273 1097 481 1163 reptum
521 1097 572 1146 et
608 1092 932 1162 poenitentia
970 1092 1298 1159 castigatum,
1337 1091 1394 1142 in
1431 1089 1734 1143 societatem
1759 1090 1981 1143 fratrum
2010 1090 2076 1143 ad
2101 1107 2223 1161 pro-

272 1189 448 1259 prium
484 1188 655 1242 locum
695 1205 814 1241 cum
852 1188 1069 1241 caritate
1106 1187 1271 1257 recipi
1307 1187 1487 1239 facias.

419 1284 519 1338 Est
566 1288 618 1338 et
669 1284 772 1337 alia
810 1299 990 1352 causa,
1047 1301 1203 1353 quam
1243 1299 1362 1336 cum
1402 1282 1543 1335 omni
1583 1280 1931 1335 sollicitudine
1970 1286 2021 1335 te
2061 1283 2223 1336 susci-

271 1397 396 1451 pere
437 1384 489 1434 et
526 1397 776 1450 peragere
815 1380 1079 1446 volumus3
1119 1379 1363 1432 videlicet
1399 1379 1620 1431 duorum
1657 1377 1881 1431 fratrum
1918 1379 2224 1432 monasterii

276 1476 442 1529 sancti
479 1475 731 1544 Remigii,
779 1475 992 1529 Roberti
1043 1480 1095 1529 et
1131 1475 1415 1529 Lamberti.
1495 1473 1594 1537 Qui
1634 1490 1688 1527 se
1729 1473 1792 1527 ab
1833 1474 2222 1546 archiepiscopo

274 1572 465 1626 idcirco
505 1572 978 1626 excommunicatos
1020 1577 1087 1641 et,
1129 1576 1370 1625 excecato
1411 1570 1637 1640 quodam
1674 1570 1837 1624 fratre
1866 1587 2045 1624 eorum
2071 1571 2221 1640 laico,

275 1670 416 1722 omni
454 1669 668 1722 miseria
706 1669 1087 1722 circumventos
1129 1685 1241 1722 esse
1281 1668 1476 1735 dicunt,
1518 1666 1764 1735 quoniam
1803 1667 2004 1720 cuidam
2049 1672 2223 1721 extra-

236 1821 238 1823 ,
274 1782 372 1819 neo
423 1765 599 1819 abbati
639 1795 707 1801 ——
747 1765 1046 1818 interventu
1093 1765 1344 1835 pecuniae
1395 1767 1447 1817 et
1496 1763 1706 1815 omnino
1756 1766 1939 1816 contra
1987 1764 2221 1832 regulam

277 1861 444 1914 sancti
479 1860 749 1914 Benedicti
788 1865 839 1914 et
879 1861 1243 1913 auctoritatem
1281 1864 1580 1913 sanctorum
1618 1861 1831 1929 patrum
1869 1859 2083 1928 indigne
2118 1860 2223 1913 illis

277 1961 330 2010 01
375 1956 609 2026 praefato
649 1957 965 2010 monasterio
1005 1974 1099 2026 pro
1142 1957 1327 2010 abbate
1368 1952 1637 2026 apposito¹
1677 1986 1745 1992 —
1788 1955 1997 2009 obedire
2038 1960 2090 2008 01
2129 1955 2223 2009 sub

277 2051 387 2106 eius
436 2052 690 2120 regimine
738 2053 794 2105 in
844 2052 1023 2106 eodem
1075 2052 1288 2106 cenobio
1328 2069 1540 2105 manere
1579 2051 1865 2119 noluerint3
1914 2068 2011 2105 nec
2048 2052 2104 2104 in
2141 2052 2222 2105 his

277 2148 516 2202 omnibus
566 2149 843 2217 quicquam
894 2149 967 2202 eis
1015 2149 1302 2219 profuisse,
1350 2165 1446 2218 pro
1493 2148 1792 2201 confusione
1830 2148 2135 2201 monasterii
2175 2153 2228 2202 et

276 2244 516 2298 habenda
569 2245 739 2298 iustae
798 2245 1113 2298 defensionis
1173 2261 1296 2298 suae
1343 2244 1555 2297 licentia
1605 2244 1671 2297 ad
1717 2244 2038 2297 audientiam
2087 2244 2225 2298 sedis

277 2339 592 2412 apostolicae
629 2340 997 2412 proclamasse.
1076 2340 1223 2404 Quod
1263 2341 1308 2393 si
1343 2340 1420 2393 ita
1459 2345 1553 2408 est,
1595 2357 1751 2410 quam
1790 2340 2019 2408 graviter
2059 2340 2227 2393 archi-

278 2437 551 2507 episcopus
589 2438 645 2491 in
682 2438 780 2491 hac
818 2454 991 2505 causa,
1032 2437 1260 2490 maxime
1287 2436 1351 2490 de
1378 2441 1682 2507 contemptu
1709 2436 2025 2507 apostolicae
2053 2441 2228 2491 aucto-

277 2532 477 2600 ritatiS,
528 2550 583 2586 se
631 2533 940 2604 culpabilem
982 2534 1188 2602 fecerit,
1238 2537 1297 2587 tu
1333 2533 1448 2604 ipse
1485 2533 1808 2604 perpendere
1846 2537 2012 2603 poteS.
2092 2532 2228 2597 Qua-

279 2631 495 2697 propter
535 2658 603 2664 -—
644 2629 707 2682 de
755 2630 836 2683 his
885 2635 936 2683 01
986 2630 1049 2683 de
1098 2630 1277 2683 multis
1329 2629 1444 2683 aliis
1485 2630 1705 2700 aptioris
1743 2630 1845 2684 loci
1885 2634 1937 2684 et
1974 2631 2228 2701 temporis

281 2724 725 2792 opportunitatem
752 2726 1093 2779 conveniendi
1119 2743 1254 2795 eum,
1281 2726 1394 2780 Deo
1423 2726 1725 2796 auxiliante,
1748 2726 2128 2797 praestolantes
2157 2757 2226 2763 —

279 2818 409 2871 illud
468 2820 534 2872 ad
589 2837 836 2890 praesens
885 2825 1006 2875 tuae
1057 2822 1375 2876 fraternitati
1422 2823 1796 2877 committimus
1846 2827 1898 2877 et
1945 2823 2230 2893 apostolica

281 2916 591 2970 auctoritate
628 2916 1006 2987 praecipimus:
1048 2922 1107 2971 ut
1144 2935 1263 2971 eum
1303 2919 1446 2971 omni
1484 2920 1753 2973 occasione
1793 2923 1995 2973 remota
2022 2923 2229 2972 senten-

279 3011 410 3064 tiam
460 3013 1034 3081 excommunicationiS,
1084 3030 1240 3082 quam
1277 3013 1333 3066 in
1369 3015 1634 3084 praefatos
1672 3015 1952 3069 monachos
1992 3015 2227 3085 protulit,

208 3138 217 3145 ‹
279 3107 517 3162 relaxare
557 3125 903 3177 commoneaS,
946 3113 997 3162 et
1033 3108 1121 3161 utb
1150 3126 1238 3162 eos
1279 3109 1521 3181 deinceps
1562 3111 1675 3164 sine
1714 3111 1858 3164 omni
1895 3111 2229 3165 infestatione

281 3207 333 3256 et
379 3204 609 3274 periculo
659 3205 714 3258 in
763 3221 892 3276 pace
938 3221 1151 3258 manere
1191 3204 1445 3273 dimittat;
1493 3223 1868 3274 recognoscens
1918 3210 1969 3260 et
2016 3207 2230 3277 superni

278 3298 464 3354 iudicis
503 3301 756 3355 iudicium
793 3301 1009 3370 timenS,
1052 3301 1190 3370 quod
1229 3301 1302 3354 eis
1339 3305 1489 3355 tanta
1526 3301 1667 3354 mala
1705 3302 1816 3356 sine
1856 3302 2229 3374 deliberatione

280 3395 511 3450 iustitiae
551 3398 646 3452 sub
688 3398 1037 3469 appellatione
1077 3397 1391 3467 apostolicae
1430 3398 1568 3451 sedis
1606 3398 1803 3452 fecerit.
1865 3397 1921 3451 Si
1960 3415 2082 3452 vero
2110 3416 2229 3453 eum

280 3491 337 3544 in
382 3492 479 3547 hac
526 3511 584 3548 re
632 3511 728 3565 pro
779 3511 873 3548 sua
922 3493 1282 3562 magnitudine
1329 3498 1382 3548 et
1428 3493 1643 3547 arbitrio
1693 3494 2134 3550 contradicentem
2178 3499 2231 3549 et

401 3599 435 3624 a.
470 3589 579 3626 nobis
608 3591 759 3628 addidi.
913 3590 950 3627 b.
982 3591 1025 3627 ut
1053 3590 1205 3629 addidi.

320 3722 349 3767 h
401 3653 440 3696 1.
483 3653 699 3710 Henrico,
749 3658 882 3699 antea
929 3653 1093 3699 abbate
1138 3654 1471 3698 Humolariensi
1518 3653 1578 3708 (d.
1612 3654 1961 3710 Noviomensis).
2021 3655 2079 3701 V.
2112 3654 2227 3700 Gall.

283 3723 317 3768 C
350 3737 386 3768 r.
417 3725 484 3769 IX
514 3727 614 3770 230.

2284 425 2396 468 1077

2250 484 2358 521 Mart.
2377 486 2425 522 25
