2722 4172
315 411 428 456 1073

291 471 385 510 Nov.
405 473 453 510 20

309 1474 423 1518 1073

285 1534 378 1572 Nov.
400 1535 448 1572 27

482 276 555 329 50
989 292 1260 331 GREGORII
1296 292 1376 329 vn
1412 291 1674 330 REGISTRI
1709 293 1732 329 1
1758 292 1818 328 31.
1846 293 1906 329 32.

480 408 562 462 his
602 409 876 464 admonere
915 410 1243 463 dilectionem
1281 412 1509 462 vestram
1533 424 1823 478 precamur,
1865 413 1917 463 et
1950 427 2016 464 ne
2041 409 2240 464 Arfasti
2265 409 2412 463 vanis

481 505 903 575 persuasionibus
944 506 1257 575 acquiescat3
1297 506 1353 558 in
1393 521 1491 573 quo
1531 521 1625 557 sua
1651 504 1928 572 singularis
1953 506 2231 576 prudentia
2255 521 2415 575 supra

482 601 692 654 modum
732 602 987 654 diminuta
1025 605 1076 654 et
1113 605 1377 655 contracta
1416 601 1480 654 ab
1520 600 1756 654 omnibus
1797 603 2135 668 cognoscitur.
2197 601 2252 655 Si
2291 617 2412 654 vero

480 697 751 751 Arfastus⁸
791 701 969 750 contra
1006 697 1132 750 haec
1169 697 1497 751 recalcitrare
1525 696 1709 749 abhinc
1742 698 2090 766 temptaverit,
2132 697 2415 768 apostolica

482 794 786 847 auctoritate
825 793 924 847 sibi
963 797 1014 847 et
1050 793 1304 846 Balduino
1344 793 1519 847 abbati
1557 793 1858 862 praecipite,
1898 797 1958 846 ut
1995 794 2169 847 sedem
2208 797 2413 864 aposto-

478 889 633 943 licam
659 890 723 943 ad
750 889 876 943 haec
902 889 1295 943 determinanda
1318 892 1515 959 petant.
1565 888 1703 942 Data
1728 890 1794 942 ad
1822 888 2067 943 Sanctum
2096 888 2413 943 Germanum

483 987 549 1038 12
589 985 848 1039 Kalendas
888 984 1206 1054 DecembriS,
1246 986 1527 1038 indictione
1572 988 1652 1038 12.

477 1154 504 1216 I
537 1159 636 1217 32.
681 1162 887 1216 Araldo
937 1165 1175 1234 episeopo
1217 1162 1523 1216 Carnotensz'
1568 1165 1807 1229 mandat,
1859 1174 1915 1216 ut
1963 1163 2314 1215 Isimbardum
2351 1162 2410 1217 S.

679 1258 1010 1311 Launomari
1045 1260 1293 1324 abbatem,
1335 1259 1701 1329 Hierosolyma
1738 1261 1989 1326 reducem,
2037 1263 2289 1326 restituat,
2329 1278 2411 1311 re-

679 1366 815 1408 moto
860 1353 1114 1409 Guidone.

625 1463 904 1533 Gregorius
944 1466 1216 1535 episcopus
1256 1482 1435 1518 servus
1476 1482 1740 1518 servorum
1770 1465 1870 1518 Dei
1894 1465 2090 1519 Araldo
2130 1466 2413 1520 Carnoten-

478 1560 614 1613 sium
652 1546 907 1631 episcopo·
934 1561 1155 1614 salutem
1194 1565 1246 1614 et
1284 1561 1623 1630 apostolicam
1660 1562 2085 1615 benedictionem.

623 1655 983 1709 Praesentium
1028 1657 1251 1726 portitor
1298 1656 1640 1725 IsimbardUS,
1692 1658 1849 1711 abbas
1897 1659 2199 1712 monasterii
2247 1658 2413 1712 sancti

473 1750 805 1805 Laodomarii
821 1749 848 1820 ¹,
891 1753 956 1805 ad
995 1753 1332 1822 apostolicam
1371 1753 1583 1805 veniens
1626 1753 1816 1821 sedem,
1853 1755 2045 1807 nostris
2085 1758 2296 1824 questus
2335 1758 2413 1808 est

475 1848 713 1917 auribuS,
763 1865 817 1901 se
856 1849 1121 1918 praefatae
1161 1849 1398 1902 abbatiae
1437 1865 1611 1902 carere
1651 1849 1969 1919 obedientia,
2009 1851 2153 1904 nulla
2189 1851 2412 1905 interve-

473 1944 649 1998 niente
688 1944 856 2014 culpa,
896 1945 998 1997 nisi
1038 1945 1174 2013 quia,
1216 1945 1392 1998 divino
1431 1961 1706 1998 succensus
1744 1963 1934 2015 amore,
1972 1947 2206 2017 perrexit
2229 1946 2413 2001 Hiero-

475 2040 729 2093 solimam.
787 2040 838 2093 A
878 2056 979 2109 qua
1006 2041 1128 2093 dum
1153 2041 1365 2109 rediret,
1405 2042 1604 2094 invenit
1637 2042 1894 2110 quendam
1933 2043 2172 2097 abbatem
2205 2043 2413 2096 nomine

475 2135 764 2190 Guidonem
811 2154 935 2190 suae
983 2136 1277 2206 praelatum
1325 2137 1587 2205 abbatiae,
1646 2142 1704 2190 ut
1762 2139 2054 2192 audivimus
2102 2157 2207 2192 non
2255 2138 2414 2192 simili

472 2234 767 2304 praeditum
786 2233 1035 2301 religione
1055 2249 1221 2301 neque
1243 2232 1306 2285 ab
1330 2233 1429 2286 alio
1456 2235 1770 2287 monasterio
1795 2235 2102 2302 regulariter
2129 2239 2409 2305 sumptum.

472 2329 797 2383 Fraternitas
838 2345 958 2397 ergo
997 2333 1089 2381 tua
1127 2329 1333 2382 studeat
1371 2329 1459 2399 pia
1497 2329 1757 2398 inquirere
1797 2331 2142 2384 sollicitudine
2182 2335 2233 2384 et
2259 2331 2410 2384 istius

473 2426 814 2479 remotionem
863 2429 914 2478 et
960 2425 1100 2477 illius
1150 2425 1543 2478 ordinationem.
1619 2426 1794 2495 Atque
1844 2428 1889 2479 si
1935 2427 1988 2480 in
2031 2427 2127 2480 hoc
2167 2427 2271 2480 alia
2306 2444 2411 2480 non

471 2522 735 2576 invenitur
772 2521 949 2591 culpa,
999 2521 1102 2574 nisi
1137 2522 1388 2591 profectio
1428 2522 1494 2574 ad
1531 2521 1931 2575 Hierosolimam
1979 2523 2163 2592 quamlb
2204 2523 2412 2593 quidem

474 2618 709 2671 ducimus
746 2618 1086 2686 tolerandam,
1129 2634 1187 2671 ac
1225 2617 1495 2671 sollicitius
1537 2622 1587 2671 et
1621 2618 1911 2686 religiosius
1940 2637 1998 2673 eo
2024 2620 2163 2673 valet
2195 2620 2251 2672 in
2275 2620 2411 2688 regi-

472 2714 611 2768 mine
649 2714 893 2767 fratrum:
934 2715 1031 2767 iste
1066 2715 1243 2783 utique
1270 2714 1590 2783 restituatur,
1630 2714 1718 2768 ille
1745 2732 1865 2768 vero
1893 2716 2159 2769 deiciatur.
2218 2715 2412 2779 Quodsi

474 2814 525 2864 et
561 2811 661 2863 iste
701 2810 858 2863 aliam
896 2811 1155 2863 commisit
1195 2810 1426 2880 culpam,
1476 2828 1606 2879 quae
1645 2829 1762 2864 eum
1803 2829 1833 2865 a
1869 2813 2120 2880 regimine
2157 2812 2292 2866 iuste
2328 2829 2409 2865 re-

473 2910 694 2975 moveat,
736 2911 786 2959 et
821 2906 911 2960 ille
948 2907 1240 2974 religiosius
1279 2907 1378 2959 isto
1416 2907 1471 2959 in
1498 2907 1946 2962 administratione
1971 2909 2248 2979 pervigilat
2272 2907 2409 2960 ordi-

472 3003 718 3072 natioque
746 3003 855 3056 eius
881 3004 1172 3073 reperiatur
1196 3003 1453 3071 legitima:
1494 3003 1630 3057 hunc
1657 3005 1865 3073 quidem
1890 3005 2235 3059 Isimbardum
2259 3004 2408 3058 nobis

473 3103 565 3152 tua
602 3099 902 3153 fraternitas
942 3116 1060 3152 cum
1098 3099 1287 3152 litteris
1326 3100 1575 3169 remittat,
1617 3104 1668 3153 et
1705 3101 1793 3154 ille
1831 3102 1886 3154 in
1925 3118 2016 3154 suo
2054 3101 2165 3154 loco
2204 3117 2408 3169 perma-

473 3199 608 3248 neat.
671 3194 727 3248 Si
763 3212 886 3249 vero
925 3195 1064 3248 illius
1102 3196 1360 3266 promotio
1399 3197 1697 3266 symoniaca
1723 3197 1873 3250 sorde
1898 3197 2159 3250 invenitur
2183 3196 2406 3266 foedata,

473 3295 597 3344 tunc
636 3291 893 3360 siquidem
929 3292 1017 3345 ille
1056 3291 1166 3345 sine
1203 3309 1351 3344 mora
1389 3292 1675 3361 deponatur
1715 3310 1745 3345 a
1780 3293 2032 3360 regimine
2069 3293 2316 3360 fratrum,
2356 3297 2408 3346 et

477 3386 606 3440 alter
634 3387 680 3439 ei
706 3387 1014 3455 regulariter
1041 3387 1399 3441 substituatur.
1442 3387 1695 3457 Quicquid
1730 3393 1903 3441 autem
1927 3392 2018 3441 tua
2041 3388 2223 3456 religio
2251 3405 2408 3458 super

474 3482 743 3550 utriusque
782 3500 938 3536 causa
965 3484 1267 3554 expleverit,
1306 3483 1494 3537 litteris
1522 3485 1623 3537 tuis
1650 3485 1898 3538 innexum
1924 3484 2072 3538 nobis
2100 3485 2305 3537 studeat
2329 3485 2406 3538 fa-

475 3593 589 3631 cere
614 3582 809 3631 notum.
851 3579 990 3632 Data
1013 3580 1307 3648 Argenteae
1333 3582 1366 3634 5
1386 3580 1644 3634 Kalendas
1671 3580 1988 3650 Decembris,
2015 3580 2295 3635 indictione
2322 3583 2402 3635 12.

593 3687 633 3730 1.
655 3686 791 3731 immo
811 3687 1082 3731 Launomari
1102 3687 1184 3743 (St.
1207 3689 1417 3744 Laumer)
1439 3689 1481 3732 d.
1506 3688 1805 3733 carnotensis.
1915 3710 1946 3735 a.
1961 3699 2110 3735 Arfasto
2127 3715 2157 3735 c.
2208 3699 2243 3735 b.
2259 3700 2359 3747 quod
2373 3714 2406 3737 c.
