2782 4198
823 305 1099 344 GREGoRn
1135 305 1214 342 vn
1252 304 1516 343 Rnfflsrm
1552 306 1610 342 1v
1637 305 1673 340 3.
1699 303 1736 340 4.
2144 291 2249 344 247

305 425 497 480 nostris
525 422 846 493 temporibus
877 422 1286 491 corroboremuS,
1327 422 1462 476 sicut
1493 440 1523 476 a
1549 421 1742 476 sanctis
1781 419 1975 474 nostris
2012 420 2251 491 patribus

305 523 499 575 factum
557 536 670 573 esse
725 519 1108 587 cognoscimus:
1167 519 1440 586 negocium
1488 534 1768 588 personam
1821 520 1874 570 et
1919 532 2091 570 mores
2141 517 2251 570 eius

306 617 610 686 quantocius
648 616 868 686 potestis
906 615 1055 668 nobis
1094 615 1344 680 indicate3
1385 617 1460 682 ut,
1502 617 1682 666 sancta
1721 616 1772 666 et
1809 612 1927 666 utili
1963 612 2252 667 intentione

303 713 618 780 incedentes,
657 711 979 779 mereamini,
1022 710 1157 764 sicut
1193 709 1342 763 nobis
1372 717 1587 762 causae’
1615 712 1788 776 notae,
1829 707 2146 778 apostolicae
2172 725 2253 762 se-

305 809 384 863 dis
430 808 662 862 favorem
709 825 805 878 per
854 807 1085 860 divinam
1134 804 1387 874 gr·atiam¹'
1427 809 1480 859 et
1527 804 1666 859 beati
1703 803 1847 857 Petri
1897 803 2253 874 apostolorum

303 905 556 975 principis
594 921 689 974 per
728 904 904 956 omnia
941 902 1367 956 benedictionem.

452 1001 532 1055 De
570 1001 861 1053 iuramento
902 1002 1072 1051 autem
1113 1028 1182 1034 —
1225 996 1362 1066 quod
1407 996 1604 1049 factum
1651 998 1731 1048 est
1767 993 2077 1048 karissimae
2115 994 2253 1049 filiae

303 1101 513 1151 nostrae
550 1096 743 1164 Agneti
788 1094 1110 1165 imperatrici
1156 1094 1431 1160 augustae:
1484 1091 1529 1144 si
1566 1090 1704 1144 filius
1755 1091 1865 1144 eius
1905 1108 1971 1145 ex
2008 1090 2107 1145 1100
2144 1092 2254 1145 vita

306 1197 425 1247 ante
448 1193 619 1262 ipsam
643 1192 894 1259 migraret
920 1219 988 1226 —
1017 1205 1122 1242 non
1150 1191 1228 1241 est
1255 1204 1384 1257 opus
1418 1187 1584 1241 adhuc
1611 1186 1867 1246 dubitare.
1920 1186 2052 1251 Quia
2079 1217 2148 1224 —
2178 1187 2252 1240 si⁰

303 1289 468 1343 nimia
503 1289 697 1358 pietate
744 1287 881 1340 circa
916 1284 1081 1338 filium
1122 1284 1278 1336 ducta
1315 1283 1546 1337 iustitiae
1583 1283 1854 1352 restiterit,
1899 1283 1982 1337 vel
2019 1283 2253 1338 iustitiae

302 1385 482 1438 favens
520 1388 580 1437 ut
617 1382 871 1436 abiciatur
911 1398 941 1433 a
978 1396 1136 1448 regno
1177 1379 1500 1433 consenserit
1529 1409 1598 1415 -—
1637 1379 1762 1448 quid
1799 1382 1979 1448 restet,
2019 1397 2111 1434 vos
2149 1381 2253 1451 ipsi

301 1478 755 1549 comprehenditis,
814 1477 927 1530 Hoc
964 1480 1141 1530 tamen
1167 1476 1374 1529 videtur
1407 1475 1694 1529 laudabile:
1734 1480 2014 1546 postquam
2053 1481 2253 1531 certum

300 1575 458 1628 fuerit
497 1575 635 1644 apud
673 1590 764 1626 vos
815 1577 867 1626 et
915 1573 1123 1625 omnino
1174 1571 1468 1640 firmatum,
1520 1571 1659 1640 quod
1698 1572 1807 1625 eius
1845 1571 1983 1626 filius
2024 1590 2055 1626 a
2091 1591 2251 1642 regno

298 1675 644 1739 removeatur,
681 1669 956 1723 consilium
985 1669 1048 1722 ab
1077 1686 1138 1722 ea
1165 1673 1217 1722 et
1250 1686 1280 1721 a
1305 1668 1454 1722 nobis
1479 1668 1779 1737 requiratur
1804 1668 1868 1722 de
1894 1669 2108 1723 inventa
2132 1687 2252 1740 per-

301 1784 430 1820 sona
476 1767 542 1820 ad
586 1767 735 1834 regni
773 1764 1139 1834 gubernacula.
1205 1765 1350 1818 Tunc
1389 1769 1479 1817 aut
1515 1769 1694 1817 nostro
1734 1765 1998 1818 communi
2035 1765 2250 1819 consilio

301 1881 570 1917 assensum
607 1862 881 1932 praebebit
895 1858 923 1929 ¹,
966 1866 1056 1915 aut
1094 1861 1409 1931 apostolicae
1449 1861 1586 1914 sedis
1626 1861 1907 1914 auctoritas
1934 1861 2115 1915 omnia·
2135 1863 2250 1915 vin-

300 1959 416 2013 cula
455 1975 587 2027 quae
624 1958 869 2011 videntur
906 1958 1138 2011 iustitiae
1178 1957 1549 2025 contradicere,
1589 1957 1892 2011 removebit.

447 2054 527 2108 De
554 2055 1013 2114 excommunicatis
1042 2058 1212 2108 autem
1240 2054 1347 2106 iam
1374 2070 1456 2107 me
1482 2053 1629 2107 vobis
1658 2053 1862 2107 dedisse
1885 2052 2153 2107 licentiam
2180 2083 2248 2091 —

301 2151 390 2220 qui
427 2149 584 2204 fidem
621 2150 979 2218 christianam,
1019 2154 1078 2203 ut
1115 2150 1262 2203 decet
1301 2150 1589 2219 episcopoS,
1631 2149 1909 2203 defenditis
1936 2179 2005 2186 ——
2034 2154 2094 2202 ut
2131 2149 2249 2203 eos‘¹

301 2246 601 2315 absolvatiS,
628 2246 898 2313 recordor:
940 2250 992 2300 et
1021 2246 1189 2299 adhuc
1214 2246 1312 2299 hoc
1337 2246 1476 2299 idem
1503 2244 1769 2314 confirm0,
1811 2245 1857 2299 si
1885 2262 1943 2299 re
1967 2262 2094 2299 vera
2119 2246 2250 2299 resi-

298 2343 509 2414 puerint
535 2346 587 2396 et
610 2342 878 2396 humiliter
900 2342 1280 2413 poenitentiam
1307 2342 1521 2410 egerint.
1572 2341 1712 2396 Data
1735 2341 1988 2396 Laurenti
2014 2344 2046 2396 3
2073 2341 2250 2396 Nonas

302 2438 640 2509 SeptembriS,
677 2439 961 2493 indictione
997 2439 1281 2508 incipiente
1325 2441 1406 2492 15.

302 2608 379 2671 IV
413 2613 471 2669 4.
523 2616 838 2668 Dolensibus
877 2617 1072 2682 scribit,
1114 2635 1166 2669 80
1209 2614 1522 2671 Gilduinum
1561 2616 1969 2668 consecrandum
2005 2633 2112 2668 non
2141 2635 2247 2685 pu-

524 2722 671 2764 tasse.
730 2711 942 2764 Ivonem
981 2715 1280 2766 ordinatum
1318 2714 1768 2784 archiepiscopum
1806 2718 1956 2764 esse‘.

451 2820 731 2889 Gregorius
771 2821 1043 2892 episcopus
1084 2840 1263 2876 servus
1313 2840 1582 2877 servorum
1620 2822 1721 2876 Dei
1770 2822 1907 2875 clero
1957 2824 2009 2875 et
2054 2820 2250 2891 populo

302 2917 517 2970 Dolensi
562 2916 642 2969 inf
678 2917 952 2971 Britannia
988 2917 1257 2972 fidelibusg
1296 2920 1463 2972 sancti
1499 2918 1645 2983 Petri¹
1682 2918 1904 2972 salutem
1951 2920 2002 2970 et
2042 2920 2250 2987 aposto-

299 3013 454 3067 licam
492 3013 920 3068 benedictionem.

447 3108 696 3162 Misistish
723 3109 790 3162 ad
827 3126 921 3162 nos
950 3110 1210 3178 quendam
1243 3106 1531 3178 iuvenem²,
1571 3113 1826 3179 petenteS,
1866 3109 2014 3163 vobis
2042 3125 2073 3161 a
2097 3107 2248 3161 nobis

299 3205 449 3259 illum
488 3205 720 3259 ordinari
756 3204 1070 3275 pontificem.
1133 3205 1230 3259 Cui
1269 3206 1479 3274 quidem
1518 3205 1785 3275 petitioni,
1827 3205 2073 3274 quoniam
2113 3204 2249 3257 sacri

300 3317 523 3355 canones
562 3302 950 3370 contradicunt,
991 3319 1263 3355 assensum
1299 3301 1550 3371 praebere
1587 3301 1937 3370 nequaquami
1962 3300 2246 3370 potuimus,

415 3431 448 3457 a.
483 3423 550 3457 sic.
679 3420 716 3456 b.
754 3435 802 3456 an
829 3431 898 3467 per
925 3418 1154 3467 apostolicae
1183 3418 1284 3455 sedis
1310 3418 1476 3455 favorem
1504 3418 1669 3455 divinam
1695 3418 1877 3465 gratiam?
2006 3429 2037 3455 0.
2064 3417 2125 3455 vel
2151 3420 2249 3454 exci-

302 3486 402 3523 disse
427 3487 581 3523 videtur.
687 3486 723 3522 d.
752 3497 817 3523 eos
846 3486 996 3522 addidi.
1102 3497 1134 3522 e.
1162 3487 1316 3535 Legitur
1343 3487 1454 3521 etiam
1483 3482 1520 3530 2)
1543 3498 1604 3532 ap.
1624 3486 1795 3521 Martem
1822 3484 1927 3521 Thes.
1946 3484 2077 3520 anecd.
2092 3485 2155 3520 III
2173 3484 2247 3520 872

301 3559 336 3587 et
354 3566 416 3598 ap.
439 3555 578 3588 Moricae
599 3553 798 3590 Me'moires
820 3553 865 3588 de
884 3554 1070 3602 Bretagne
1090 3554 1111 3588 I
1125 3551 1202 3588 444
1220 3565 1267 3586 ex
1285 3551 1473 3587 tabulario
1493 3552 1703 3587 Turonensi.
1807 3550 1833 3586 f.
1854 3549 1895 3586 in
1911 3549 2107 3586 Britannia
2124 3563 2192 3586 om.
2211 3551 2245 3587 2.

302 3627 336 3663 g.
363 3616 537 3654 fidelibus
568 3637 610 3643 —
640 3618 743 3655 Petri
771 3619 912 3655 addidi
937 3633 983 3655 ex
1011 3619 1046 3654 2.
1175 3616 1213 3654 11.
1249 3617 1389 3653 misisti
1415 3618 1450 3653 2.
1589 3617 1614 3653 i.
1651 3617 1804 3654 minime
1832 3618 1868 3653 2.

421 3696 460 3739 1.
494 3709 555 3740 sc.
581 3695 738 3753 Agnes
769 3696 1044 3754 imperatrix.
1195 3697 1236 3739 2.
1270 3694 1545 3739 Gilduinum.

2299 427 2414 471 1076

2282 486 2385 535 Sept.
2405 489 2428 525 3

2314 2829 2427 2872 1076

2281 2888 2383 2936 Sept.
2404 2890 2452 2927 27
