2722 4172
774 279 1049 318 GREGoRn
1085 280 1165 318 vn
1201 279 1466 318 REGISTRI
1502 279 1546 318 11
1572 279 1631 316 18.
1661 278 1722 316 19.
2119 267 2223 319 133

277 396 497 467 incipiat
544 396 651 449 iam
701 413 731 449 a
777 397 1078 451 confusione
1129 397 1462 451 ecclesiarum
1510 413 1724 450 manum
1762 394 2030 449 retrahere
2068 399 2120 449 et
2159 397 2225 451 ad

276 492 546 563 exemplar
593 492 847 546 bonorum
886 492 1137 547 Franciae
1174 510 1356 561 regum
1394 509 1584 563 pravos
1623 508 1795 546 mores
1835 507 1955 545 suos
1994 506 2224 545 commu—

275 592 405 657 tare,
433 588 880 658 depraedationeS,
916 606 1044 658 quas
1072 606 1232 659 supra
1257 588 1795 656 commemoravimuS,
1826 587 1965 641 unde
1991 590 2223 641 oratores

275 684 443 738 sancti
467 683 612 738 Petri
648 685 1005 755 impediuntur
1044 685 1322 754 capiuntur
1361 687 1516 752 atque
1553 683 1733 737 multis
1769 683 1954 737 malis³
1989 681 2224 736 afficiun-

273 783 376 848 tur,
416 780 528 834 sine
567 780 816 834 dilatione
855 780 1147 834 emendare.
1207 779 1306 842 Qui
1342 779 1386 832 si
1414 779 1645 832 consiliis
1671 779 1861 832 vestris
1889 778 2222 848 acquieverit,

273 893 368 930 nos
408 894 523 930 eum
567 894 670 946 qua
707 876 953 930 debemus
986 876 1203 929 caritate
1228 875 1586 928 tractabimus
1645 874 1914 944 Alioquin,
1955 874 1999 927 si
2023 874 2080 927 in
2105 892 2224 945 per-

273 973 521 1027 versitate
571 973 863 1026 studiorum
909 987 1122 1025 suorum
1158 970 1522 1041 perduraverit
1562 974 1614 1024 et
1651 970 1936 1024 secundum
1975 970 2223 1024 duritiam

275 1073 327 1123 et
371 1070 720 1140 impoenitens
769 1085 858 1122 cor
896 1084 1047 1120 suum
1086 1067 1221 1120 iram
1258 1065 1359 1120 Dei
1399 1071 1450 1120 et
1489 1067 1656 1120 sancti
1694 1066 1838 1120 Petri
1877 1066 1977 1120 sibi
2013 1066 2223 1120 thesau-

271 1153 563 1233 rizaverit¹‚
612 1182 731 1233 noS,
784 1164 895 1218 Deo
936 1162 1222 1217 auxiliante
1263 1167 1315 1216 et
1350 1163 1586 1232 nequitia
1633 1179 1728 1216 sua
1762 1166 2119 1233 promerente,
2166 1163 2223 1217 in

272 1260 508 1314 Romana
545 1261 741 1331 synodo
770 1277 800 1313 a
826 1276 1042 1330 corpore
1069 1263 1121 1312 et
1146 1259 1510 1312 communione
1536 1262 1748 1312 sanctae
1775 1259 2022 1313 ecclesiae
2047 1259 2223 1329 ipsum

273 1361 339 1425 et,
381 1357 691 1425 quicumque
730 1356 829 1410 sibi
867 1355 1098 1424 regalem
1135 1355 1387 1408 honorem
1424 1355 1507 1408 vel
1534 1355 1883 1409 obedientiam
1911 1355 2221 1425 exhibuerit,

272 1454 384 1507 sine
434 1453 589 1507 dubio
638 1452 1107 1521 sequestrabimus:
1168 1456 1220 1505 et
1268 1452 1379 1505 eius
1427 1451 1616 1506 cotidie
1656 1468 1813 1522 super
1852 1450 2017 1506 altare
2056 1452 2224 1506 sancti

269 1549 412 1603 Petri
450 1549 917 1602 excommunicatio
957 1547 1364 1602 confirmabitur.
1426 1547 1530 1602 Diu
1564 1552 1644 1602 est
1669 1548 1824 1617 enim,
1867 1548 2003 1616 quod
2030 1548 2223 1617 iniqui-

268 1650 403 1700 tates
444 1662 564 1699 suas
603 1645 947 1716 portavimuS,
989 1645 1078 1698 diu
1117 1648 1212 1713 est,
1254 1644 1392 1714 quod
1431 1649 1642 1698 sanctae
1682 1643 1929 1698 ecclesiae
1955 1644 2220 1714 iniuriam,

267 1742 528 1813 parcendo
570 1741 951 1795 adulescentiae
990 1757 1131 1808 suae,
1173 1740 1633 1794 dissimulavimus
1691 1740 1844 1794 Nunc
1882 1743 2054 1793 autem
2092 1740 2221 1794 adeo

268 1839 585 1909 perversitas
620 1854 826 1891 morum
852 1853 1065 1891 suorum
1092 1853 1147 1890 se
1173 1836 1459 1890 notabilem
1483 1836 1728 1904 reddidit,
1767 1840 1842 1905 ut,
1883 1835 2013 1890 etsib
2043 1840 2221 1890 tantae

268 1934 572 1988 valitudinis
620 1938 902 2002 tantaeque
948 1932 1272 1986 fortitudinis
1321 1937 1484 2001 esset,
1534 1936 1785 2002 quantam
1824 1932 2017 2002 pagani
2053 1932 2221 2002 impe-

269 2035 470 2084 ratores
518 2031 712 2084 sanctis
758 2029 1076 2101 martyribus
1115 2029 1428 2097 intulerunt,
1479 2046 1574 2082 nos
1612 2029 1800 2083 timore
1841 2028 2014 2098 aliquo
2052 2033 2132 2082 tot
2169 2032 2222 2083 et

270 2131 443 2181 tantas
482 2126 786 2196 iniquitates
823 2143 944 2179 suas
970 2125 1114 2178 nullo
1139 2125 1295 2178 modo
1320 2125 1607 2195 impunitas
1635 2125 2033 2179 dimitteremus·
2082 2125 2221 2179 Data

268 2223 463 2277 Romae
500 2222 677 2276 Idibus
714 2221 1040 2290 NovembriS,
1080 2222 1364 2275 indictione
1408 2223 1489 2275 13.

269 2396 319 2457 Π
358 2399 455 2456 19.
492 2402 760 2455 Richardo
800 2401 1190 2471 archiepiscopo
1230 2400 1555 2453 Bituricensi
1588 2399 1822 2464 mandat,
1863 2409 1923 2452 ut
1958 2418 2066 2451 una
2104 2418 2220 2451 cum

495 2498 728 2567 Roduffo
751 2497 789 2550 I
806 2497 1196 2568 archiepiscopo
1231 2495 1526 2549 Turonensi
1548 2497 1684 2548 inter
1707 2497 2079 2548 monasterium
2101 2495 2218 2548 Do-

494 2594 628 2646 lense
667 2605 713 2646 et
753 2592 811 2647 S.
843 2592 1068 2664 Sulpicii
1104 2593 1340 2646 abbatem
1376 2593 1584 2645 iudicet.

421 2702 702 2771 Gregorius
750 2703 1023 2773 episcopus
1073 2720 1253 2757 servus
1298 2719 1570 2757 servorum
1607 2701 1709 2755 Dei
1745 2695 2035 2755 Richardo²
2073 2699 2220 2754 Bitu—

272 2799 463 2853 ricensi
502 2798 890 2868 archiepiscopo
930 2798 1152 2852 salutem
1191 2803 1244 2853 et
1282 2798 1623 2870 apostolicam
1661 2797 2092 2852 benedictionem.

419 2890 675 2949 Dolense³
724 2895 1124 2963 monasterium,
1184 2896 1318 2948 sicut
1371 2895 1519 2948 novit
1566 2895 1868 2948 fraternitas
1915 2896 2032 2961 tua,
2089 2893 2218 2946 iuris

273 2991 440 3045 sancti
477 2990 622 3045 Petri
669 3007 782 3043 esse
831 2989 1141 3057 dinoscitur3
1195 2991 1279 3044 cui
1328 2991 1373 3044 si
1413 2990 1623 3059 aliquod
1661 2989 1943 3044 discrimen
1978 2989 2217 3056 infertur,

272 3087 487 3158 speciali
517 3086 865 3141 sollicitudine
893 3102 1193 3139 succurrere
1220 3086 1482 3140 debemus,
1540 3086 1782 3154 Proinde,
1809 3084 2220 3155 proclamatione

271 3183 437 3254 ipsius
476 3182 781 3236 monasterii
810 3198 967 3252 super
1007 3177 1221 3235 abbate⁴
1248 3181 1426 3236 Sancti
1458 3179 1696 3252 Sulpitii⁵
1735 3182 1842 3234 iam
1882 3180 2076 3233 dudum
2103 3178 2220 3249 pul-

273 3280 390 3348 sati,
435 3279 790 3332 commisimus
830 3277 1080 3331 confratri
1116 3281 1295 3331 nostro
1334 3274 1585 3330 Rodulfo⁶
1626 3276 1918 3330 Turonensi
1963 3274 2219 3345 archiepi-

273 3391 457 3445 scop0,
508 3374 867 3443 quaestionem
916 3374 1188 3442 utriusque
1232 3373 1538 3426 monasterii
1583 3388 1688 3425 una
1730 3375 1904 3425 tecum
1941 3371 2220 3440 diligenter

388 3533 421 3558 a.
458 3521 581 3559 modis
609 3537 640 3558 c.
797 3521 835 3558 b.
863 3521 896 3558 si
923 3536 955 3559 c.

393 3601 433 3643 1.
473 3600 603 3644 Rom.
637 3601 686 3656 2,
719 3600 761 3644 5.
960 3600 1001 3643 2.
1041 3599 1098 3642 Π.
1292 3598 1334 3641 3.
1376 3610 1412 3642 s.
1444 3597 1796 3655 Burgidolense3
1836 3596 1879 3641 d.
1909 3596 2217 3642 Bituricensis.

272 3672 316 3716 4.
358 3671 530 3717 Odone.
707 3672 748 3717 5.
785 3672 832 3717 in
862 3671 1078 3717 suburbio
1108 3671 1392 3716 Bituricensi.
1573 3672 1614 3715 6.
1646 3670 1681 3715 Ι.

2278 402 2394 447 1074

2253 462 2348 500 Nov.
2370 465 2416 501 13

2276 2710 2391 2754 1074

2250 2771 2346 2808 Nov.
2367 2770 2414 2809 15
