2730 4198
523 297 631 351 496
866 312 1138 350 GREGoRn
1176 313 1253 349 vn
1292 311 1555 349 REGISTRI
1594 312 1692 350 vm
1719 312 1781 348 44.
1801 310 1849 348 45
1879 309 1942 357 (lx
1962 312 2022 348 21.
2043 310 2120 357 22).

349 431 494 475 1082?
525 431 736 481 aeterna
773 428 1091 481 beatitudine
1131 428 1285 481 etiam
1315 427 1729 496 persecutionem
1756 427 1866 497 pati
1895 427 2200 482 devitamus.
2260 428 2461 495 Erigite

524 540 645 590 ergo
686 524 884 575 animos
924 524 979 575 in
1017 523 1170 590 vireS‚
1212 539 1358 591 spem
1396 523 1566 575 vivam
1597 522 1867 591 concipite,
1906 523 2035 575 illud
2060 523 2308 577 vexillum
2336 541 2460 593 prae

525 618 684 670 oculis
731 618 980 671 habentes
1022 599 1173 670 'ducis
1224 619 1415 685 nostri,
1466 617 1664 670 scilicet
1712 617 1849 684 regis
1901 619 2122 686 aeterni,
2173 619 2310 672 unde
2348 620 2460 688 ipse

524 713 673 766 dicit:
723 714 788 765 In
826 716 1088 784 patientia
1135 725 1305 766 vestra
1343 714 1678 783 possidebitis
1731 715 1934 765 animas
1981 710 2221 766 vestr-(13¹.
2299 713 2370 767 Et
2417 714 2462 767 si

523 808 759 861 volumus
799 808 976 861 divina
1015 807 1330 876 suffragante
1369 809 1540 876 gratia
1576 808 1777 860 hostem
1818 807 2086 876 antiquum
2109 809 2226 866 vcito
2267 813 2318 863 et
2355 809 2461 861 for-

522 905 645 957 titer
683 904 1006 971 confringere
1045 920 1324 972 omnesque
1365 903 1617 956 versutias
1658 903 1766 955 eius
1795 903 1944 972 parvi
1970 903 2212 972 pendere,
2253 905 2461 957 studea-

522 1016 663 1052 mus:
713 999 1098 1068 persecutiones
1140 999 1203 1052 ab
1244 1016 1302 1052 eo
1341 999 1584 1052 inmissas
1635 1003 1687 1051 et
1724 1001 1944 1050 mortem
1986 1014 2081 1067 pro
2119 998 2321 1052 iustitia
2357 1015 2462 1052 non

524 1093 691 1146 solum
739 1111 845 1147 non
894 1094 1151 1162 devitare,
1203 1094 1294 1147 sed
1342 1094 1500 1148 etiam
1551 1111 1645 1164 pro
1697 1110 1871 1147 amore
1910 1093 2010 1146 Dei
2060 1097 2111 1146 et
2149 1093 2461 1147 christianae

522 1189 788 1256 religionis
846 1189 1144 1242 defensione
1203 1194 1462 1259 appetere.
1541 1189 1601 1242 In
1653 1189 1750 1242 hoc
1799 1189 1935 1242 enim
1984 1205 2161 1241 omnes
2212 1188 2460 1242 elationes

522 1284 684 1337 maris
725 1289 776 1338 et
814 1286 1113 1354 superbiam
1151 1285 1343 1338 saeculi
1383 1284 1797 1338 conculcabimus
1824 1288 1876 1337 et
1900 1300 1994 1353 pro
2022 1283 2185 1336 nihilo
2215 1284 2460 1338 ducemus

523 1383 574 1432 et
611 1380 675 1447 ei,
717 1380 805 1448 qui
843 1384 923 1433 est
960 1385 1117 1450 caput
1154 1385 1391 1434 nostrum
1429 1380 1612 1433 sedens
1651 1380 1705 1432 in
1744 1380 1958 1432 dextera
1983 1379 2084 1432 Dei
2122 1380 2305 1449 patriS‚
2344 1381 2460 1450 ipso

520 1473 801 1542 largiente,
847 1475 1123 1542 iungemur
1171 1479 1222 1528 et
1266 1476 1712 1542 conregnabimus
1792 1474 1997 1528 Clamat
2035 1476 2173 1528 enim
2213 1477 2462 1544 magister

520 1574 725 1623 noster:
768 1570 835 1624 Si
873 1574 1232 1641 compatimur,
1278 1583 1326 1624 et
1363 1567 1835 1641 eonreynabimu32.
1914 1570 2117 1624 Interea
2154 1571 2318 1639 vobiS‚
2356 1571 2461 1624 fra-

520 1667 625 1717 tres
665 1665 784 1733 mei,
826 1666 914 1734 qui
953 1682 1155 1719 mecum
1196 1665 1367 1718 minus
1405 1665 1636 1718 valentes
1677 1666 1801 1718 estis
1829 1665 1896 1717 ad
1920 1666 2138 1718 fortiora
2175 1665 2312 1719 bella
2351 1683 2461 1719 cer-

519 1760 750 1827 taminis⁷
791 1761 1193 1814 annunciamus:
1236 1760 1360 1829 quia
1383 1761 1501 1830 pius
1527 1760 1826 1829 redemptor
1859 1764 2036 1813 noster
2074 1762 2174 1813 cito
2214 1762 2370 1815 faciet
2406 1762 2462 1814 in

519 1856 893 1910 tentationibus
933 1857 1125 1909 nostris
1170 1856 1327 1909 etiam
1353 1860 1690 1925 proventum3
1730 1872 1813 1923 ne,
1852 1855 2016 1908 nimia
2053 1855 2336 1922 fragilitate
2374 1857 2462 1910 de-

521 1950 670 2019 victi,
710 1968 815 2004 non
853 1953 1112 2022 possimus
1153 1952 1435 2019 sustinere,
1478 1951 1594 2019 sed,
1635 1951 1771 2004 inter
1810 1950 2211 2020 qualescumque
2251 1969 2462 2005 suorum

518 2044 748 2100 fidelium
787 2048 961 2117 positi,
1004 2048 1331 2102 addiscamus
1369 2047 1454 2100 vel
1489 2047 1546 2099 in
1584 2046 1931 2117 prosperitate
1971 2047 2069 2100 sibi
2109 2048 2348 2101 servire⁸.

520 2215 650 2278 VIII
674 2222 755 2278 45
793 2216 891 2292 (IX
918 2222 1040 2293 22).
1095 2223 1147 2277 C.
1190 2227 1446 2289 comitem,
1500 2226 1740 2293 episeopo
1788 2226 2091 2276 inimicitias
2119 2223 2457 2292 'infer-entem,

705 2321 970 2386 hortatur,
1021 2331 1080 2373 ut
1117 2332 1164 2373 et
1201 2322 1364 2372 eidem
1403 2320 1581 2372 ablata
1617 2321 1853 2371 restituat
1890 2330 1936 2371 et
1973 2322 2029 2370 in
2067 2319 2310 2388 Huyonie
2349 2321 2458 2389 epi-

703 2418 852 2485 scopi
887 2416 1103 2467 Diensz's
1142 2426 1189 2468 et
1227 2416 1509 2480 Richardz',
1563 2414 1847 2484 leyatorum
1885 2433 2120 2480 suorum,
2171 2416 2369 2484 synodo
2407 2433 2461 2468 se

705 2513 868 2563 sistat.
930 2511 1154 2562 Munera
1191 2513 1351 2562 missa
1387 2529 1493 2563 non
1531 2507 1770 2579 aooz'pitb.

341 2626 489 2671 1082?
669 2618 949 2687 Gregorius
990 2620 1263 2690 episcopus
1303 2636 1483 2673 servus
1510 2635 1776 2672 servorum
1803 2618 1903 2671 Dei
1929 2617 1985 2672 C.
2013 2619 2237 2687 glorioso
2265 2620 2457 2674 comiti.

668 2714 919 2768 Dolemus
959 2715 1111 2784 satiS‚
1153 2715 1290 2784 quod
1330 2715 1575 2768 adversus
1614 2714 1895 2781 gloriosam
1932 2715 2127 2768 famam
2165 2720 2327 2784 tuam7
2365 2732 2460 2786 per

523 2808 811 2864 Galliarum
849 2815 1025 2880 partes
1066 2809 1308 2863 diffusam
1347 2816 1398 2864 et
1431 2827 1595 2880 usque
1622 2810 1688 2863 ad
1715 2811 2030 2879 apostolicae
2057 2812 2194 2864 sedis
2219 2811 2458 2864 notitiam

520 2905 805 2976 perlatam,
855 2906 1047 2960 astutia
1094 2907 1287 2960 diaboli
1334 2907 1506 2976 potuit
1548 2905 1866 2975 praevalere.
1946 2906 2092 2960 Sicut
2129 2907 2267 2959 enim
2305 2905 2368 2959 dc
2406 2909 2458 2960 te

519 3000 844 3055 laetabamur
893 3006 945 3056 et
992 3002 1372 3070 quodammodo
1413 3002 1561 3055 unice
1601 3002 1664 3056 de
1703 3002 1852 3056 bonis
1892 3003 2076 3056 studiis
2116 3002 2218 3055 tuis
2255 3001 2309 3054 in
2348 3017 2457 3054 ser-

520 3096 760 3150 monibus
797 3097 991 3150 nostris
1032 3098 1510 3168 praesumebamuS‚
1552 3102 1860 3166 asserenteS‚
1900 3102 1951 3152 te
1990 3115 2092 3150 non
2120 3097 2285 3150 solum
2311 3096 2456 3166 prin-

520 3191 662 3261 cipes
712 3193 804 3246 sed
853 3197 905 3246 et
940 3193 1084 3263 ipsos
1124 3210 1273 3261 reges
1311 3192 1514 3246 iustitia
1553 3197 1605 3246 et
1641 3210 1846 3246 morum
1883 3194 2153 3247 honestate
2193 3208 2454 3261 superare,

520 3287 595 3341 sic
641 3288 790 3341 nobis
837 3289 1151 3356 gemendum
1197 3288 1431 3357 videtur,
1481 3289 1815 3359 prudentiam
1852 3293 1998 3342 tuam
2039 3305 2069 3341 a
2105 3290 2252 3340 tanta
2288 3287 2457 3355 gratia

634 3423 668 3448 a.
702 3414 875 3461 Sequitur
910 3415 947 3449 in
984 3413 1067 3449 cod.
1096 3426 1152 3460 ep.
1172 3413 1219 3450 16
1255 3414 1343 3450 libri
1370 3414 1467 3451 VIII
1491 3427 1606 3461 supra
1631 3429 1667 3461 p.
1687 3413 1776 3450 446.
1817 3415 1889 3450 Cui
1918 3426 2049 3448 manus
2076 3412 2281 3448 saca-XV
2303 3411 2458 3448 addidit

519 3476 634 3513 haec.-
669 3477 746 3514 Ista
781 3478 910 3515 eadem
946 3477 1107 3525 epistola
1143 3479 1181 3515 et
1214 3479 1283 3515 sub
1321 3479 1451 3515 eadem
1478 3478 1576 3515 Data
1611 3478 1657 3515 de
1690 3477 1804 3515 verbo
1841 3477 1888 3513 ad
1914 3476 2067 3513 verbum
2094 3477 2308 3524 conscripta
2331 3476 2458 3524 posita

517 3540 583 3578 lib.
597 3541 681 3578 VIII
709 3554 767 3590 ep.
787 3544 848 3580 16.
1002 3543 1039 3580 b.
1075 3558 1206 3580 manus
1234 3559 1334 3581 saec.
1351 3547 1458 3582 XIII
1482 3546 1707 3592 adscripsit:
1740 3542 1840 3579 Haec
1868 3541 2039 3578 Similster
2075 3541 2235 3588 epistola
2262 3541 2392 3579 debuit
2417 3542 2456 3578 in

518 3607 774 3653 superioribus
801 3608 928 3646 scribi.

637 3678 678 3721 1.
709 3679 818 3722 Luc.
842 3680 913 3736 21,
936 3681 1005 3724 19.
1155 3681 1197 3724 2.
1232 3679 1299 3725 Of.
1323 3681 1350 3724 2
1370 3680 1485 3724 Tim.
1509 3681 1550 3736 2,
1575 3681 1643 3723 12.
