2782 4198
372 407 485 451 1077

339 467 449 505 Mart.
470 467 517 504 19

376 2416 490 2460 1077

346 2476 454 2513 Mart.
475 2477 522 2513 21

547 271 656 325 264
1037 281 1312 321 GREGORII
1348 281 1427 318 vn
1465 279 1728 318 REGISTRI
1766 281 1823 317 1v
1851 279 2002 317 16.17.

546 420 678 470 mus,
719 402 830 455 sine
870 400 1010 454 omni
1048 397 1471 453 contradictionis
1511 413 1659 450 mora
1683 413 1776 450 vos
1801 398 2203 467 repraesentetis
2240 402 2307 467 et,
2347 398 2489 468 quic-

548 500 670 568 quid
707 500 819 569 ipse
861 513 1016 566 super
1053 495 1151 548 hac
1188 511 1245 548 re
1283 494 1480 548 iustum
1518 493 1628 547 fore
1667 492 1954 562 providerit
1985 497 2139 563 atque
2164 494 2488 563 iudicaverit,

548 594 877 648 oboedienter
916 591 1102 660 exequi
1141 591 1438 645 nullatenus
1477 588 1937 660 praetermittatis3
1989 589 2291 644 exhibentes
2331 590 2490 644 etiam

545 707 637 744 vos
683 690 738 742 in
786 688 927 742 omni
977 686 1306 741 oboedientia
1353 690 1404 740 et
1447 685 1742 738 humilitate
1782 684 1952 738 eidem
1989 685 2183 740 vicario
2222 690 2400 740 nostro
2441 690 2493 740 et

546 785 781 856 praefato
820 782 1103 837 Viennensi
1158 782 1546 852 archiepiscopo
1596 781 1662 834 ad
1710 780 2138 834 satisfaciendum
2185 799 2342 853 super
2387 782 2488 852 his,

549 881 733 950 quibus
781 897 873 933 vos
911 877 1346 949 reprehensibiles
1398 882 1450 932 et
1495 877 1681 931 merito
1721 876 2052 943 corrigendos
2093 878 2487 948 appellaverint.

547 976 731 1030 Videte
766 992 904 1043 erge,
946 991 1102 1043 quam
1128 975 1339 1028 attentis
1369 973 1578 1027 auribus
1607 976 1659 1026 et
1684 971 2075 1026 oboedientibus
2103 973 2290 1026 animis
2317 990 2412 1026 nos
2436 973 2492 1026 in

547 1072 627 1125 his
668 1071 905 1125 omnibus
934 1070 1183 1136 audiatis3
1226 1071 1463 1138 scientes,
1506 1069 1767 1138 quoniam,
1809 1069 1854 1121 si
1880 1068 2048 1122 denuo
2077 1069 2141 1122 ad
2166 1086 2261 1122 nos
2288 1072 2493 1122 vestrae

548 1167 961 1221 inoboedientiae
1000 1170 1052 1220 et
1088 1166 1396 1220 temerariae
1421 1165 1775 1238 resultationis
1803 1166 2129 1219 contumacia
2153 1165 2357 1236 perlata
2381 1165 2493 1219 fue-

548 1264 644 1332 rit,
695 1262 917 1316 inultam
958 1279 1074 1315 eam
1113 1265 1164 1315 et
1203 1263 1486 1330 condigna⁶
1527 1261 1803 1315 severitate
1842 1261 2157 1331 impunitam
2195 1261 2492 1315 nullatenus

550 1358 836 1429 apostolica
883 1357 1232 1411 dissimulabit
1282 1358 1579 1411 auctoritas
1638 1356 1709 1410 Et
1743 1356 1962 1410 introitu
2003 1357 2249 1412 ecclesiae
2287 1361 2494 1412 vestrae

550 1454 787 1507 omnibus
834 1453 1131 1506 hominibus
1177 1454 1441 1523 praesenti
1488 1453 1797 1506 auctoritate
1842 1453 2130 1523 prohibit0,
2180 1471 2293 1508 eam
2334 1454 2493 1508 etiam

549 1566 706 1618 quam
749 1549 974 1618 praefati
1010 1549 1199 1602 fratres
1238 1549 1405 1602 nostri
1443 1548 1656 1601 ultionis
1693 1548 1749 1601 in
1787 1565 1879 1602 vos
1919 1551 2231 1603 sententiam
2271 1554 2323 1604 et
2358 1548 2492 1603 iudi-

549 1645 685 1698 cium
726 1644 1066 1713 exercuerint,
1106 1645 1410 1714 perurgenti
1446 1645 1502 1696 in
1530 1660 1621 1697 vos
1649 1643 1972 1698 districtione
1997 1650 2171 1699 ratum
2199 1662 2259 1699 ac
2282 1644 2494 1699 firmum

550 1757 661 1793 esse
689 1732 974 1793 censemus
1021 1739 1161 1793 Data
1188 1740 1327 1810 apud
1354 1743 1598 1805 castrum,
1627 1739 1764 1808 quod
1785 1739 1974 1794 dicitur
1995 1740 2224 1812 Carpum
2240 1738 2269 1810 ¹,
2304 1743 2369 1794 14
2389 1740 2493 1795 Κ8-

547 1836 727 1890 lendas
765 1835 984 1905 Aprilis,
1023 1835 1306 1889 indictione
1352 1837 1432 1889 15.

547 2005 626 2068 IV
657 2011 754 2068 17.
792 2014 1045 2067 I‘Vz‘lielmo
1077 2013 1116 2066 I
1144 2016 1261 2084 reqi
1295 2013 1620 2084 Anqloruon,
1674 2015 1976 2084 deprecanti
2016 2034 2117 2085 pro
2158 2015 2357 2068 Iubello
2404 2016 2492 2068 de-

787 2113 915 2163 iecto
967 2112 1208 2180 episeopo
1248 2110 1496 2174 Dolensi,
1546 2113 1846 2180 respondet,
1900 2111 2093 2181 leqatos
2141 2114 2356 2175 missum
2401 2114 2490 2177 iri,

791 2208 885 2276 qui
927 2225 1138 2258 oausam
1175 2206 1319 2258 illius
1357 2208 1544 2258 iterum
1578 2217 1895 2275 pertractent
1932 2218 1978 2259 et
2015 2208 2315 2260 diiudicent.
2374 2207 2491 2259 Hu-

792 2302 989 2354 bertum
1028 2302 1265 2354 ecelesiae
1305 2301 1576 2353 Romanae
1612 2302 1987 2354 subdiaconum
2025 2300 2392 2355 commendatb.

700 2402 980 2470 Gregorius
1021 2404 1294 2473 episcopus
1334 2420 1512 2456 servus
1549 2419 1813 2456 servorum
1842 2403 1943 2457 Dei
1960 2402 2221 2458 Wilielmo
2245 2404 2358 2472 regi
2382 2404 2493 2457 An-

552 2498 756 2566 glorum
796 2498 1015 2551 salutem
1057 2502 1108 2551 et
1146 2498 1484 2568 apostolicam
1520 2498 1952 2552 benedictionem.

701 2593 951 2660 Causam,
1000 2594 1138 2646 unde
1185 2611 1280 2647 nos
1318 2594 1371 2646 in
1410 2593 1600 2647 litteris
1640 2594 1828 2648 vestris
1867 2595 2118 2663 rogastis,
2168 2596 2244 2650 ita
2280 2596 2388 2650 iam
2427 2596 2495 2650 ad

554 2693 846 2743 extremum
885 2689 1157 2742 deductam
1199 2706 1311 2743 esse
1348 2689 1663 2759 putavimus,
1702 2694 1762 2743 ut
1798 2690 1958 2744 nichil
1995 2691 2050 2744 in
2081 2708 2157 2760 ea,
2199 2692 2338 2761 quod
2360 2691 2493 2746 ulte-

552 2785 661 2838 rius
699 2785 1089 2838 retractandum
1129 2789 1281 2853 esset,
1320 2789 1518 2838 restare
1555 2785 1834 2839 videretur.
1891 2786 2029 2840 Nam
2055 2803 2173 2841 cum
2197 2788 2254 2840 in
2277 2787 2494 2840 Dolensi

555 2881 772 2934 ecclesia
810 2876 1141 2951 episcopum2
1181 2880 1552 2948 ordinavimuS,
1592 2881 1668 2934 ita
1702 2877 1885 2951 hunc³,
1924 2900 2020 2953 pro
2059 2900 2160 2951 quo
2187 2882 2494 2936 excellentia

554 2982 728 3030 vestra
773 2977 1077 3045 intervenit,
1130 2976 1196 3029 ad
1245 2975 1584 3029 deiectionem
1624 2993 1771 3030 suam
1811 2994 1876 3030 ex
1912 2979 2138 3048 propriis
2175 2977 2491 3031 facinoribus

556 3076 607 3125 et
647 3073 711 3125 ad
749 3072 993 3126 ultimum
1032 3089 1097 3126 ex
1133 3071 1517 3125 inoboedientia
1555 3090 1609 3126 se
1646 3073 2035 3143 praecipitasse,
2074 3091 2180 3126 non
2206 3073 2374 3126 solum
2398 3090 2493 3143 per

555 3167 767 3221 clericos
816 3172 867 3221 et
904 3168 1175 3236 religiosas
1214 3184 1463 3237 personas
1500 3168 1640 3221 illius
1680 3168 1925 3222 eeclesiae
1965 3169 2056 3221 sed
2093 3169 2251 3221 etiam
2288 3185 2382 3238 per
2418 3168 2492 3222 le-

555 3268 734 3331 gatum
772 3268 1010 3318 nostrum
1036 3264 1358 3317 Teuzonem⁰
1384 3260 1722 3316 monachum*
1747 3263 2189 3331 intellexeramUS,
2228 3268 2287 3318 ut
2323 3264 2491 3332 magis

557 3359 655 3412 sibi
705 3360 767 3413 de
805 3360 957 3413 malis
996 3360 1053 3413 in
1092 3358 1363 3413 ecclesiam
1401 3359 1691 3412 commissis
1731 3363 1783 3412 et
1821 3359 2214 3429 corruptissima
2250 3360 2360 3413 vita
2399 3377 2494 3413 sua

677 3473 708 3498 a.
745 3463 967 3509 condignam
995 3477 1025 3499 c,
1186 3462 1222 3498 b.
1259 3463 1411 3511 Legitur
1437 3463 1547 3498 etiam
1584 3458 1621 3507 2)
1643 3475 1703 3508 ap.
1724 3464 1893 3497 Mat-tene
1922 3462 2095 3499 Thesaur.
2124 3463 2251 3499 anecd.
2271 3465 2331 3499 III
2358 3462 2432 3500 875
2459 3470 2493 3499 et

558 3541 617 3574 ap.
641 3530 782 3564 lllorice
810 3529 1009 3565 Me'moires
1039 3529 1084 3564 de
1114 3530 1298 3576 Bretagne
1327 3529 1346 3564 I
1371 3527 1446 3563 446
1474 3542 1492 3562 e
1520 3527 1706 3563 tabulario
1737 3529 1945 3564 Turonensi.
2101 3538 2132 3564 e.
2159 3527 2368 3564 Leuzonem
2397 3529 2431 3564 2.

675 3592 714 3633 1.
748 3591 894 3647 Carpi,
928 3605 956 3634 a
984 3592 1158 3634 Mutina
1187 3591 1246 3634 ad
1277 3590 1634 3646 septemtriones.
1777 3591 1818 3634 2.
1849 3590 2050 3636 Ivonem.
2199 3593 2241 3635 3.
2272 3591 2492 3636 Iuhellum

556 3662 829 3718 episcopum.
979 3664 1021 3707 4.
1056 3664 1112 3707 de
1140 3676 1229 3720 quo
1261 3662 1317 3707 cf.
1349 3665 1399 3707 L.
1418 3665 1461 3709 V
1492 3676 1562 3720 ep.
1586 3664 1643 3707 22
1671 3661 1800 3706 infra.
