2730 4198
886 291 1159 329 GREGORII
1200 293 1276 328 vu
1315 291 1576 329 REGISTffl
1618 294 1673 328 v1
1701 292 1736 327 3.
1763 292 1798 327 4.
2207 279 2311 330 327

369 410 616 462 dicamus.
770 406 874 460 Vos
915 411 1114 476 autem,
1162 408 1350 461 fratres
1398 409 1501 460 mei
1540 408 1832 475 karissimi,
1881 407 2103 461 viriliter
2142 412 2193 460 et
2232 425 2313 461 sa-

367 505 570 574 pienter
609 502 773 570 agite3
812 507 1088 572 vestraque
1128 504 1304 557 omnia
1340 503 1396 556 in
1435 504 1652 556 caritate
1689 502 1834 572 fiant,
1873 507 1933 556 ut
1959 504 2197 573 oppressi
2223 521 2314 556 vos

366 599 648 669 prudentes
687 598 983 652 defensores
1022 599 1292 652 inveniant
1330 603 1382 652 et
1415 599 1768 668 opprimentes
1798 603 2056 652 amatores
2082 599 2314 653 iustitiae

281 719 293 721 -
364 698 752 761 recognoscant.
814 694 1155 764 Omnipotens
1194 695 1336 748 Deus
1377 694 1631 764 Spiritum
1671 698 1908 747 sanctum
1948 695 2188 748 cordibus
2225 713 2314 749 ve-

363 790 486 843 stris
524 789 767 843 infundat
804 808 999 859 vosque
1037 808 1131 860 per
1157 790 1423 853 viamsibi
1461 789 1710 859 placitam
1744 789 1998 858 perducat
2036 795 2087 843 et
2127 791 2193 843 ad
2231 808 2312 844 so-

363 886 606 939 cietatem
645 890 941 940 sanctorum
980 891 1189 956 patrum
1229 885 1502 955 pervenire
1539 884 1713 937 faciat.
1774 884 1941 938 Dataa
1969 886 2034 939 ad
2063 886 2311 940 Sanctum

363 980 680 1035 Germanum
726 986 786 1036 11
831 982 1090 1036 Kalendas
1133 981 1472 1051 SeptembriS,
1512 980 1797 1033 indictione
1842 983 1886 1033 1.

360 1153 439 1215 VI
464 1157 524 1214 4.
567 1160 812 1212 Heinrici
835 1160 873 1212 I
892 1161 1123 1230 episcopi
1139 1159 1444 1210 Leodiensis
1472 1157 1742 1228 epistolam
1767 1159 2098 1228 reprehendit
2113 1179 2312 1230 parum

563 1267 849 1309 reverenter
886 1257 1150 1325 scriptam.
1200 1255 1286 1306 De
1325 1254 1668 1307 Weremboldi
1701 1257 1984 1324 uxorisque
2019 1255 2082 1307 ab
2125 1274 2180 1307 eo
2222 1275 2308 1308 ea:-

563 1354 1056 1404 communieatorum
1094 1369 1268 1402 causa.
1327 1350 1413 1402 De
1451 1352 1534 1414 its,
1579 1352 1673 1419 qui
1710 1351 1987 1403 concilium
2015 1353 2077 1404 de
2102 1353 2308 1422 reyz'bus

562 1458 895 1500 convocatum
932 1449 1184 1517 impedire
1223 1448 1398 1498 eonati
1433 1448 1551 1498 sint.

505 1557 786 1626 Gregorius
835 1558 1110 1627 episcopus
1164 1574 1344 1610 servus
1393 1573 1663 1610 servorum
1710 1555 1811 1610 Dei
1857 1554 2132 1611 Heinrico¹
2174 1558 2307 1612 Leo—

357 1655 523 1708 diensi
563 1655 807 1724 episcopo
848 1654 1071 1707 salutem
1120 1657 1172 1707 et
1221 1653 1562 1723 apostolicam
1601 1653 2040 1722 benedictionem,
2091 1655 2136 1707 si
2185 1672 2306 1708 con-

355 1751 699 1820 temptoribus
725 1750 990 1804 Romanae
1018 1750 1220 1820 synodi,
1260 1748 1470 1802 habitae
1495 1749 1549 1801 in
1576 1749 1862 1818 praeterita
1889 1750 2304 1820 quadragesima,

354 1864 457 1899 non
498 1847 861 1900 communicat.

501 1942 673 1996 Lectis
711 1942 1056 1996 fraternitatis
1095 1945 1216 1995 tuae
1254 1941 1469 2008 litteriS,
1521 1957 1625 1993 non
1664 1957 1850 2010 parum
1890 1941 2069 1995 mirati
2107 1960 2304 2013 sumuS,

353 2056 458 2092 non
497 2056 558 2092 ea
594 2043 674 2107 te,
726 2056 829 2107 qua
867 2039 1039 2092 decuit
1078 2037 1418 2107 apostolicam
1459 2037 1660 2104 sedem,
1710 2039 1831 2107 pro!
1872 2038 2166 2092 reverentia
2205 2039 2305 2093 sibi

353 2135 651 2204 scripsisse,
701 2134 794 2188 sed.
840 2151 935 2188 nos
987 2134 1050 2187 de
1100 2134 1423 2187 absolutione
1469 2133 1609 2186 illius
1655 2133 2019 2203 parroechiani
2064 2134 2166 2202 tui,
2217 2135 2305 2203 qui

353 2230 477 2284 olim
517 2230 583 2283 ad
621 2247 715 2283 nos
754 2231 928 2298 venit,
967 2229 1199 2282 mordaci
1236 2229 1527 2283 invectione
1565 2229 1987 2298 reprehendisse3
2035 2234 2303 2299 tamquam

352 2326 666 2397 apostolicae
705 2325 843 2380 sedis
882 2342 987 2379 non
1027 2330 1164 2379 esset
1201 2326 1501 2394 auctoritas,
1549 2341 1884 2395 quoscunque
1922 2330 1974 2380 et
2011 2326 2305 2395 ubicunque

348 2423 478 2492 vult,
516 2423 680 2490 ligare
720 2426 771 2475 et
810 2422 1092 2475 absolvere.
1151 2422 1300 2476 Unde
1339 2422 1490 2490 sciaS,
1530 2439 1624 2475 nos
1665 2422 1914 2476 adversus
1953 2423 2303 2476 temeritatem

349 2523 496 2572 tuam
534 2520 763 2587 graviter
802 2523 1085 2572 commotos
1124 2518 1314 2587 fuisse,
1362 2519 1467 2572 nisi
1517 2518 1834 2589 apostolicae
1882 2518 2021 2572 sedis
2059 2535 2302 2572 mansue-

349 2614 474 2667 tudo
513 2631 608 2667 nos
649 2615 905 2668 detineret
943 2619 995 2668 et
1031 2615 1135 2668 nisi
1172 2632 1319 2669 mens
1359 2619 1540 2668 nostra
1565 2615 1628 2669 de
1653 2615 1844 2668 litteris
1871 2615 1996 2668 olim
2022 2632 2178 2684 super
2204 2615 2302 2669 hoc

348 2710 562 2778 negocio
594 2710 690 2763 tibi
727 2711 1048 2764 transmissis
1089 2711 1470 2780 quodammodo
1510 2711 1787 2765 dubitaret.
1849 2711 2070 2765 Solliciti
2108 2712 2299 2765 etenim

347 2806 558 2874 fuimuS,
587 2823 652 2859 ne
678 2805 883 2860 litterae
909 2806 1030 2860 illae
1056 2807 1238 2860 fraude
1266 2807 1482 2861 alicuius
1511 2812 1602 2861 aut
1625 2808 1853 2861 falsitate
1878 2807 2295 2861 immutarentur.

346 2902 418 2955 Et
453 2902 570 2955 ideo
611 2902 878 2972 exemplar
929 2919 1109 2956 earum
1149 2903 1214 2955 ad
1252 2903 1664 2971 cognoscendam
1701 2903 2023 2957 voluntatem
2063 2908 2295 2957 nostram

346 2998 442 3052 tibi
482 2998 859 3051 ostendendum
900 3015 1012 3051 esse
1050 2998 1367 3068 putavimUS,
1407 3003 1466 3052 ut
1505 3029 1573 3035 -—
1616 3000 1661 3053 si
1700 3000 1908 3053 easdem
1949 3017 2062 3053 esse
2102 3004 2154 3052 et
2190 3017 2294 3052 non

346 3095 649 3148 immutatas
669 3094 914 3148 claruerit
935 3124 1003 3130 —
1025 3094 1314 3161 intelligas:
1343 3097 1394 3147 te
1416 3098 1505 3148 aut
1526 3096 1714 3165 spiritu
1733 3096 2177 3165 praesumptionis
2207 3099 2296 3148 aut

345 3191 641 3258 ignorantia
679 3194 861 3244 contra
899 3190 1263 3244 auctoritatem
1303 3194 1512 3243 sanctae
1544 3191 1809 3244 Romanae
1850 3191 2097 3245 ecclesiae
2136 3192 2296 3245 verba

344 3287 592 3355 iactasse,
642 3287 792 3355 quasi
838 3286 1091 3340 imitando
1141 3286 1442 3354 orientaleS,
1494 3287 1583 3354 qui
1634 3290 1814 3339 contra
1850 3287 2061 3340 beatum
2099 3304 2292 3357 papam

344 3381 533 3435 Iulium
559 3383 769 3452 obloqui
795 3386 1277 3453 praesumpserunt,
1319 3399 1378 3435 eo
1410 3382 1547 3450 quod
1572 3383 1686 3452 ipse
1714 3383 2101 3436 sanctissimum
2127 3382 2292 3436 Atha-

352 3478 556 3531 nasium
582 3479 935 3548 patriarcham
961 3479 1073 3532 sine
1101 3495 1315 3532 assensu
1342 3494 1521 3532 eorum
1548 3475 1894 3545 absolverat23
1922 3479 2122 3548 tibique
2147 3479 2292 3532 dein-

460 3614 492 3638 a.
525 3602 624 3640 Data
655 3623 695 3628 —
725 3604 932 3642 indictione
962 3604 982 3640 1
1013 3618 1081 3641 om.
1102 3605 1136 3640 2.

464 3681 504 3724 1.
535 3681 571 3724 1.
722 3683 763 3726 2.
795 3683 852 3727 V.
874 3683 1074 3738 Regesta
1103 3685 1226 3738 pont.
1250 3682 1379 3726 Rom.
1411 3683 1549 3725 11.32.

2370 415 2483 458 1078

2343 475 2438 520 Aug.
2463 477 2510 511 22

2339 1564 2453 1607 1078

2335 1624 2415 1660 Oct.
2436 1626 2457 1661 8
