2730 4198
309 434 420 478 1081

307 2931 415 2969 Febr.

453 299 561 352 476
889 313 1162 352 GREGORII
1199 315 1278 350 vn
1316 313 1579 351 REG1s'rR1
1615 314 1715 350 vm
1742 314 1790 350 26
1820 311 1883 359 (ix
1902 313 1954 360 3).

454 433 604 484 terris
643 431 724 483 vel
761 449 929 496 censu,
971 449 1104 500 quae
1130 429 1495 483 Constantinus
1533 432 1818 499 imperator
1854 432 1934 482 vel
1958 430 2173 485 Carolus
2212 442 2387 485 sancto

453 527 611 579 Petro
651 527 916 590 dederunt,
959 537 1006 578 et
1043 527 1106 578 de
1145 527 1379 578 omnibus
1419 526 1641 578 ecelesiis
1679 525 1760 577 vel
1792 528 2045 596 praediis,
2089 545 2221 598 quae
2258 546 2388 598 apo-

453 622 664 675 stolieae
710 623 822 674 sedi
866 622 930 673 ab
984 621 1247 691 aliquibus
1294 624 1422 674 viris
1470 621 1551 672 vel
1594 621 1896 673 mulieribus
1947 623 2125 692 aliquo
2164 633 2389 694 tempore

453 728 573 770 sunt
612 718 784 770 oblata
821 718 902 770 vel
939 736 1177 770 concessa
1216 728 1263 770 et
1298 719 1355 769 in
1392 736 1506 769 mea
1544 727 1665 769 sunt
1687 716 1988 785 velfuerint
2003 729 2271 788 potestate,
2314 721 2390 771 ita

454 816 752 866 conveniam
791 832 906 865 oum
941 809 1105 883 papa,
1146 824 1205 866 ut
1221 813 1517 883 perieulum
1543 813 1811 882 sacrileyii
1834 822 1881 865 et
1895 815 2245 882 perditionem
2270 808 2388 867 ani-

452 927 567 960 mae
612 927 753 960 meae
791 928 895 961 non
933 912 1215 961 incurram.
1292 909 1366 961 Et
1402 909 1517 961 Deo
1557 919 1835 977 sanctoque
1872 908 2058 973 Petro,
2111 910 2390 962 adiuvante

454 1001 681 1068 Christo,
735 1006 951 1074 diqnum
998 1006 1243 1057 honorem
1283 1015 1330 1057 et
1363 1005 1636 1057 utilitatem
1672 1005 1988 1074 impendam.
2056 1005 2131 1057 Et
2177 1023 2233 1058 eo
2285 1006 2386 1069 die,

454 1100 664 1167 quando
711 1100 862 1152 illum
906 1103 1154 1170 primitus
1193 1101 1399 1164 videm,
1438 1100 1670 1167 fideliter
1699 1119 1801 1170 per
1838 1118 2024 1152 manus
2063 1119 2203 1153 meas
2242 1101 2388 1153 miles

452 1197 622 1247 saneti
656 1196 810 1248 Petri
846 1207 893 1249 et
929 1197 1074 1248 illius
1115 1197 1328 1265 efficiar.

601 1288 794 1342 Verum
808 1328 825 1358 ,-
872 1290 1115 1358 quoniam
1152 1290 1459 1358 religionem
1497 1294 1642 1343 tuam
1682 1289 1996 1360 apostolicae
2035 1290 2147 1344 sedi
2183 1288 2389 1344 fidelem

452 1388 503 1437 et
539 1385 812 1453 promissis
850 1389 1086 1438 tenemus
1127 1389 1179 1438 et
1217 1386 1586 1455 experimentis
1625 1402 1730 1438 non
1770 1385 2083 1454 dubitamuS,
2123 1386 2186 1439 de
2225 1386 2306 1439 his
2345 1386 2390 1440 si

450 1479 574 1547 quid
612 1479 951 1532 minuendum
993 1480 1071 1534 vel
1111 1481 1404 1547 augendum
1440 1482 1702 1534 censueris
1729 1511 1795 1518 —
1826 1498 1930 1534 non
1955 1485 2132 1535 tamen
2156 1487 2389 1552 praeter-

449 1574 607 1627 misso
654 1575 857 1643 integro
907 1574 1172 1629 fidelitatis
1220 1576 1375 1628 modo
1426 1581 1478 1630 et
1524 1576 1880 1630 oboedientiae
1927 1578 2272 1647 promissione
2319 1607 2386 1614 —

447 1670 695 1739 potestati
732 1674 851 1723 tuae
891 1675 944 1724 et
979 1670 1118 1740 fidei,
1160 1687 1316 1739 quam
1354 1671 1506 1725 beato
1544 1670 1699 1727 Petro
1739 1672 1912 1740 debeS,
1953 1673 2341 1726 committimus,

596 1765 744 1829 Quod
780 1783 904 1820 vero
944 1767 1007 1820 de
1034 1767 1386 1820 sacerdotibus
1412 1767 1791 1836 interrogastiS‚
1830 1767 2004 1837 placet
2033 1767 2209 1821 nobis:
2249 1768 2389 1821 utin
2421 1769 2423 1771 ’

447 1862 864 1932 praesentiarum
891 1893 959 1899 --
988 1866 1097 1915 tum
1126 1867 1342 1933 propter
1367 1863 1681 1933 populorum
1717 1863 2042 1917 turbationes
2079 1866 2192 1916 tum
2230 1863 2388 1916 etiam

446 1962 664 2028 propter
700 1958 958 2011 bonorum
994 1959 1244 2028 inopiam,
1286 1958 1485 2012 scilicet
1523 1959 1646 2028 quia
1669 1959 1973 2029 paucissimi
2001 1962 2123 2012 sunt
2150 1958 2238 2028 qui
2262 1957 2390 2012 fide·
2451 2004 2458 2010 ,

446 2053 582 2107 libus
623 2053 921 2107 christianis
962 2053 1132 2109 officia
1169 2055 1436 2123 religionis
1477 2055 1778 2125 persolvant
1814 2085 1881 2091 —
1910 2071 2006 2125 pro
2044 2058 2280 2124 tempore
2317 2055 2389 2107 ri-

447 2166 627 2217 gorem
664 2151 971 2204 canonicum
1002 2151 1358 2221 temperandO,
1399 2151 1630 2204 debeatis
1658 2150 1887 2205 sufferre.
1946 2150 2026 2204 De
2063 2150 2144 2203 his
2182 2166 2388 2219 nanque

447 2246 591 2316 pacis
631 2251 682 2300 et
717 2246 1115 2315 tranquillitatis
1153 2250 1405 2316 tempore,
1447 2246 1584 2315 quod
1609 2246 1834 2299 Domino
1871 2246 2152 2298 miserante
2179 2246 2282 2298 cito
2307 2245 2387 2298 fu-

446 2345 621 2394 turum
662 2342 937 2410 credimUS,
979 2342 1366 2395 convenientius
1405 2342 1621 2395 tractari
1658 2341 1964 2412 pleniusque
2002 2341 2196 2410 poterit
2233 2357 2387 2394 cano-

446 2437 592 2490 nicus
633 2437 758 2490 ordo
798 2438 1011 2491 servari.

597 2519 840 2586 Ceterum
887 2533 951 2586 de
987 2532 1259 2601 Buggone,
1311 2533 1455 2586 cuius
1494 2532 1746 2585 malitiam
1789 2530 2144 2600 significastiS‚
2194 2531 2388 2585 nedum

446 2631 650 2681 tantam
688 2632 1026 2698 potestatem,
1074 2628 1316 2682 videlicet
1354 2627 1680 2696 absolvendi,
1730 2627 1829 2681 sibi
1866 2631 1976 2680 tam
2014 2631 2210 2681 temere
2248 2643 2388 2680 com-

445 2723 669 2792 misisse,
709 2740 805 2777 nec
843 2724 1004 2778 etiam
1042 2724 1377 2778 recordamur
1413 2741 1509 2777 nos
1550 2723 1827 2793 aliquando
1869 2739 1987 2776 eum
2026 2722 2110 2775 vel
2148 2739 2386 2776 sermone

444 2819 528 2872 vel
565 2820 682 2873 visu
718 2823 901 2873 notum
938 2820 1195 2874 habuisse.

592 2915 653 2968 In
692 2919 871 2968 sancta
910 2916 1121 2985 quidem
1164 2915 1360 2985 synodo
1376 2912 1405 2984 ¹,
1455 2932 1611 2984 quam
1649 2931 1816 2984 nuper
1853 2913 1965 2967 Deo
2007 2917 2215 2966 auctore
2254 2912 2386 2966 ccle-

446 3010 737 3079 bravimuS‚
789 3027 968 3065 omnes
1019 3011 1494 3065 excommunicatos
1542 3028 1706 3081 usque
1755 3010 1820 3063 ad
1870 3009 2176 3077 condignam
2230 3008 2385 3062 satis-

443 3107 719 3160 factionem
770 3124 950 3161 rursus
1004 3107 1593 3174 excommunicavimus3
1644 3110 1696 3160 et
1738 3106 1961 3159 fratrum
1998 3103 2385 3157 multitudinem

445 3202 534 3271 qui
581 3202 797 3257 aderant
842 3204 1166 3271 rogavimus:
1218 3207 1277 3256 ut
1321 3203 1734 3256 misericordiam
1770 3201 1870 3254 Dei
1918 3199 2104 3252 cotidie
2151 3202 2383 3266 exorent,

446 3298 688 3367 quatinus
726 3298 844 3351 illos
883 3316 978 3368 per
1017 3316 1193 3352 veram
1219 3299 1559 3369 penitentiam
1589 3298 1652 3351 ad
1680 3297 1936 3365 gremium
1964 3297 2174 3347 sanctae
2199 3293 2383 3346 matris

446 3394 693 3447 ecclesiae
729 3394 946 3449 reducat
984 3395 1161 3463 eisque
1197 3395 1252 3447 in
1278 3395 1414 3448 bono
1439 3392 1880 3464 perseverantiam
1906 3389 2118 3443 tribuat.
2177 3388 2383 3442 Nullius

445 3490 585 3542 enim
632 3489 857 3543 hominis
906 3490 1253 3560 perditionem
1301 3490 1625 3558 quaerimUS‚
1673 3487 1766 3540 sed
1803 3485 2035 3539 omnium
2073 3483 2291 3538 salutem
2329 3484 2386 3538 in

446 3583 653 3637 Christo
693 3585 1063 3639 desideramus,

563 3692 603 3735 1.
636 3691 695 3737 V.
727 3705 864 3749 supra
892 3706 937 3748 p.
958 3693 1061 3737 452.
