2730 4198
756 287 1031 326 GREGORII
1069 289 1148 325 vn
1184 287 1449 326 REGIsTm
1485 287 1585 324 vm
1612 286 1760 322 12.13.
2122 269 2232 322 443

288 404 524 458 stolicam
562 404 786 472 gratiam
825 405 1202 474 promerituros
1243 409 1294 458 et
1333 404 1472 474 apud
1512 403 1745 458 divinam
1782 399 2111 455 clementiam
2139 414 2233 468 pa-

285 504 494 554 tronum
544 500 644 553 sibi
693 500 904 554 beatum
950 500 1318 570 Apolinarem,
1367 500 1412 553 si
1462 500 1518 552 in
1567 500 1718 553 bonis
1765 494 2232 570 perseveraverint,

287 596 577 650 certissime
617 596 978 665 acquisituros
1036 596 1234 650 Datum
1271 595 1392 649 Idus
1433 594 1687 649 Octobris

287 765 417 829 VIII
447 770 546 828 13.
591 773 919 826 Ravennates
943 784 1132 839 monet,
1163 784 1222 826 ut
1244 791 1434 825 novum
1461 772 1909 841 archiepiscopum
1933 772 1992 822 in
2024 770 2239 823 Wiberti

474 869 642 922 locum
679 870 968 940 subroqent.

439 977 720 1047 Gregorius
769 979 1045 1050 episcopus
1086 994 1266 1032 servus
1307 993 1578 1031 servorum
1615 975 1717 1031 Dei
1756 974 1995 1029 omnibus
2035 973 2236 1028 clericis

291 1079 344 1130 et
379 1074 527 1129 laicis
553 1075 832 1129 Ravennae
869 1074 1209 1143 morantibuS,
1251 1074 1339 1143 qui
1365 1073 1576 1127 beatum
1603 1071 1985 1142 A(polinarem)
2014 1071 2240 1139 diligunt

292 1175 343 1225 et
373 1175 583 1225 sanctae
609 1171 875 1225 Romanae
901 1170 1181 1224 aecclesiae
1210 1170 1344 1223 sicut
1370 1169 1680 1223 christianos
1709 1171 1916 1239 oportet
1941 1167 2237 1236 oboediunt,

291 1267 513 1321 salutem
552 1272 605 1321 et
643 1266 980 1338 apostolicam
1019 1265 1451 1320 benedictionem.

439 1362 712 1418 Credimus
750 1380 856 1416 non
892 1362 1057 1416 latere
1082 1366 1311 1416 vestram
1351 1361 1651 1415 scientiam:
1690 1360 2047 1415 Ravennatem
2078 1358 2239 1414 eccle-

292 1459 425 1513 siam
463 1459 575 1513 sedi
617 1459 933 1529 apostolicae
971 1475 1098 1529 prae
1125 1458 1343 1513 caeteris
1369 1458 1591 1512 vicinius
1617 1457 1799 1511 herere
1826 1456 2033 1510 solitam
2058 1456 2237 1525 fuisse,

292 1572 528 1624 eamque,
569 1554 865 1625 specialiter
904 1555 968 1609 ab
1007 1555 1124 1626 ipsa
1163 1555 1424 1623 dilectam,
1466 1554 1711 1624 quicquid
1750 1553 2019 1621 dignitatis
2059 1556 2111 1606 et
2147 1552 2240 1605 ho—

290 1652 434 1706 noris
475 1651 763 1721 antiquitus
801 1667 897 1722 per
929 1650 1142 1704 beatum
1169 1650 1552 1721 A(polinarem)
1579 1650 1763 1719 tenuit,
1802 1666 2018 1703 munere
2044 1649 2243 1703 scilicet

290 1748 526 1819 praefate
548 1747 685 1801 sedis
707 1763 1008 1801 concessum
1029 1747 1286 1801 habuisse.
1318 1746 1604 1815 Postquam
1621 1763 1745 1800 vero
1767 1746 2042 1817 superbiae
2063 1750 2242 1799 auctor

295 1847 348 1899 et
385 1843 675 1898 discordiae
714 1843 1000 1897 seminator
1039 1843 1275 1897 diabolus
1313 1860 1407 1914 per
1444 1843 1681 1896 membra
1716 1859 1810 1896 sua
1836 1842 2054 1897 eandem
2081 1841 2242 1896 eccle-

295 1940 444 2008 siam,
486 1940 813 1993 contumacia
849 1939 1245 2009 interveniente,
1286 1957 1316 1993 a
1340 1938 1575 1993 Romana
1601 1939 1794 2007 divisit,
1837 1955 1967 2008 quae
1994 1939 2240 2010 dampna,

296 2052 428 2106 quae
479 2036 791 2090 detrimenta
838 2053 945 2089 non
991 2036 1146 2090 modo
1195 2035 1460 2104 religionis
1501 2035 1592 2089 sed
1631 2035 1787 2088 etiam
1828 2035 2083 2089 bonorum
2123 2052 2241 2088 suo-

292 2148 411 2185 rum
443 2136 616 2185 vestra
653 2125 943 2202 pertulerit,
983 2132 1314 2200 maximeque
1341 2148 1436 2202 per
1471 2131 1804 2202 tyrannidem
1823 2130 2087 2198 W(iberti)
2116 2132 2241 2186 dicti

293 2227 672 2297 archiepiscopi
711 2230 961 2297 quantam
998 2229 1053 2280 in
1092 2231 1312 2298 utraque
1348 2244 1407 2282 re
1445 2227 1851 2281 destructionem
1877 2244 2129 2298 perpessa
2155 2228 2239 2297 sit,

293 2323 420 2377 satis
462 2340 552 2378 vos
591 2323 696 2394 ipsi
733 2323 970 2377 novistis
1031 2323 1102 2377 Et
1139 2323 1292 2377 huius
1333 2323 1542 2393 quidem
1580 2327 1726 2377 tanto
1756 2324 2080 2378 vesaniorem
2110 2324 2240 2378 dila-

293 2419 570 2474 cerationis
596 2436 830 2473 morsum
857 2419 1122 2486 sustinuit,
1166 2424 1358 2489 quanto
1387 2437 1503 2474 eum
1532 2420 1978 2490 desperantiorem
2002 2421 2240 2491 inpurior

294 2515 612 2569 conscientia
647 2519 936 2570 retrorsum
976 2512 1148 2570 abire¹
1187 2516 1406 2584 subegit.
1477 2515 1715 2585 Denique
1755 2516 2040 2570 scelerosus
2081 2517 2240 2570 sacri-

292 2610 439 2679 legus
480 2614 634 2680 atque
670 2613 929 2681 periuruS,
968 2616 1247 2682 postquam
1287 2612 1351 2666 ob
1389 2612 1687 2666 huiusmodi
1724 2613 1927 2667 nefaria
1951 2613 2006 2666 in
2032 2614 2240 2668 univer-

294 2706 392 2760 sali
431 2707 647 2777 synodO,
687 2708 886 2761 cunctis
927 2708 1015 2777 qui
1054 2708 1273 2762 aderant
1309 2709 1567 2779 episcopis
1606 2709 2050 2763 consentientibus
2087 2713 2241 2780 atque

292 2803 654 2871 laudantibuS,
706 2803 864 2871 digna
912 2803 1019 2857 suis
1070 2804 1302 2858 moribus
1354 2805 1741 2875 dampnationis
1791 2806 2242 2861 animadversione

293 2898 574 2952 mulctatus
616 2902 709 2967 est,
749 2916 855 2952 non
893 2899 1164 2954 confestim
1199 2901 1510 2970 resipiscens
1539 2901 1604 2954 ad
1630 2902 1746 2954 sani
1773 2901 1942 2955 cordis
1969 2902 2241 2955 consilium

293 2995 464 3064 rediit,
507 2995 614 3064 sed,
655 2999 860 3066 patrem
899 3012 1051 3050 suum
1091 2996 1357 3050 diabolum
1394 2997 1607 3051 imitans
1647 2997 1850 3067 sibique
1887 2998 2022 3051 iram
2059 2998 2116 3051 in
2155 2998 2241 3065 die

293 3091 404 3145 irae
442 3091 803 3146 thesaurizans
815 3088 850 3160 ²,
892 3091 1138 3162 quicquid
1176 3093 1385 3160 gravius
1417 3093 1663 3162 cogitare,
1705 3093 1950 3162 quicquid
1978 3093 2242 3164 superbis-

293 3187 484 3241 simum
521 3188 694 3258 potuit
732 3187 937 3256 audere,
978 3187 1190 3241 molitus
1231 3193 1324 3242 est.
1382 3188 1453 3243 Et
1491 3189 1628 3258 quia,
1670 3206 1725 3243 se
1753 3206 1910 3243 unam
1937 3207 1999 3243 ex
2026 3189 2242 3244 nobilis-

294 3283 440 3337 simis
487 3283 792 3338 aecclesiam
829 3287 1060 3358 vestram
1099 3301 1166 3338 ex
1201 3285 1435 3338 maxima
1470 3289 1622 3354 parte
1660 3285 2006 3354 destruxisse,
2053 3302 2242 3356 parum

295 3378 654 3448 existimabat,
695 3384 931 3434 sanctam
966 3379 1256 3434 Romanam
1297 3380 1500 3449 sedem,
1542 3381 1677 3435 sicut
1713 3398 1892 3436 omnes
1932 3386 2112 3452 aperte
2148 3399 2242 3436 no-

293 3478 434 3543 runt,
471 3475 719 3529 invadere
757 3492 1035 3546 secumque
1074 3493 1191 3531 eam
1227 3477 1282 3530 in
1320 3477 1527 3530 ruinam
1566 3481 1619 3531 et
1642 3478 2011 3548 praecipitium
2035 3478 2242 3532 trahere

295 3574 375 3625 est
411 3571 708 3625 meditatus
860 3572 1102 3642 Proinde,
1145 3573 1390 3642 quoniam
1418 3589 1514 3627 nos
1542 3590 1638 3643 pro
1679 3574 1962 3630 eminentia
1998 3574 2117 3644 loci,
2157 3574 2241 3628 cui

413 3679 454 3723 1.
484 3679 642 3724 Ierem.
666 3680 735 3737 15,
759 3681 800 3724 6.
949 3683 992 3726 2.
1023 3682 1152 3726 Rom.
1175 3683 1216 3739 2,
1238 3683 1280 3726 5.

2281 404 2395 447 1080

2264 463 2345 501 Oct.
2364 464 2411 503 15

2284 979 2399 1023 1080

2267 1039 2347 1077 Oct.
2367 1040 2414 1078 15
