2644 4166
441 318 474 370 6
1028 327 1301 367 GREGORn
1337 328 1416 365 vn
1454 325 1780 365 Remea-mm

439 459 556 502 vato
596 447 810 501 consilio
842 448 1074 518 potuisse
1122 448 1417 516 quempiam
1467 444 1744 496 arbitretur
1792 446 2042 497 eiusmodi
2087 462 2216 514 opus
2253 445 2368 495 vivo

440 547 555 614 ipso
588 541 838 612 Greqorio
878 552 924 595 et
947 542 1170 610 fidenter
1207 541 1310 594 sibi
1341 558 1632 611 proponere
1669 550 1715 592 et
1738 541 1992 593 adducere
2017 541 2088 592 ad
2113 537 2372 609 effectum?

355 621 360 625 ⁸
445 639 586 706 Quin
622 642 777 691 immo
815 637 951 689 nihil
984 639 1152 707 maqis
1194 647 1375 707 patere
1405 646 1563 706 puto,
1615 653 1772 705 quam
1815 654 1919 688 non
1965 638 2159 688 vivente
2206 634 2373 687 solum

441 737 531 788 sed
567 737 719 787 etiam
756 733 955 786 iubente
996 730 1250 803 Greqorio
1289 733 1423 784 bunc
1463 732 1651 784 librum
1690 733 2036 801 conscriptum
2074 749 2192 783 8888.

590 828 744 882 Cuius
782 847 900 880 vero
939 829 1178 881 utilitatis
1228 846 1386 880 causa
1437 829 1649 880 eundem
1695 826 1920 879 laborem
1954 827 2136 897 perfici
2169 828 2376 878 iusserit

434 925 693 996 pontifex,
720 924 890 994 facile
917 927 1124 994 coqnitu
1148 925 1364 976 videtur.
1424 923 1568 976 Nam
1595 924 1880 975 sacerdotio
1906 924 2226 992 imperioque
2245 940 2372 992 yra—

441 1024 645 1074 vissime
681 1023 815 1073 inter
839 1039 892 1073 88
918 1020 1350 1087 discordantibus,
1392 1038 1507 1071 cum
1542 1029 1667 1071 esset
1692 1037 1746 1070 eo
1773 1028 1992 1082 ventum,
2032 1028 2091 1070 ut
2113 1019 2376 1070 doctrinae

444 1135 645 1188 quoque
684 1117 1068 1185 litterarumque
1107 1117 1267 1167 armis
1304 1117 1562 1184 utrimque
1601 1116 1951 1178 dimicaretur,
1993 1113 2376 1166 Herimannum

444 1215 741 1284 episcopum
778 1212 1077 1265 Mettensem
1116 1213 1303 1263 scimus
1344 1230 1369 1263 8
1397 1230 1551 1281 papa
1591 1213 1837 1280 exeqisse,
1879 1220 1936 1262 ut
1974 1219 2153 1262 contra
2191 1209 2374 1261 adver-

442 1311 609 1361 sarios
622 1348 637 1374 ,
679 1308 986 1360 Heinricum
1015 1307 1108 1360 IV
1136 1309 1250 1359 iure
1290 1309 1781 1359 excommunicatum
1818 1324 1922 1358 esse
1957 1315 2197 1375 neqantes
2209 1344 2225 1370 ,
2276 1304 2380 1356 sibi

434 1424 536 1475 per
562 1405 755 1457 litteras
780 1403 1083 1468 subveniret,
1112 1405 1384 1472 ipsumque
1409 1401 1719 1473 Greqorium
1743 1403 2057 1455 uberrimam
2081 1401 2229 1453 illam
2249 1400 2374 1453 cele-

443 1501 889 1569 bratissimamque
909 1499 1194 1569 epistolam,
1223 1500 1303 1551 vel
1329 1500 1555 1552 libellum
1577 1502 1751 1570 potius
1777 1501 1862 1551 sui
1886 1498 2196 1567 defendendi
2219 1515 2377 1549 causa

442 1599 708 1666 scriptum,
751 1596 891 1665 quod
913 1594 1061 1663 infra
1088 1595 1274 1664 leqitur
1297 1595 1362 1647 L.
1396 1595 1541 1648 VIII
1557 1595 1646 1660 21,
1687 1597 1745 1647 in
1763 1595 2033 1665 publicum
2058 1595 2374 1663 dispersisse.

442 1691 556 1746 Nec
591 1692 750 1744 multo
789 1709 931 1743 secus
972 1701 1044 1743 est
1079 1692 1292 1743 intentio
1324 1709 1504 1761 papae
1550 1691 1966 1761 interpretanda,
2015 1700 2251 1742 cunctum
2293 1707 2375 1741 re-

439 1791 662 1859 qistrum
698 1789 869 1839 minus
909 1787 1279 1854 conficiendum
1318 1789 1563 1838 curantis.
1621 1787 1885 1838 Habemus
1913 1788 2091 1856 iqitur,
2131 1795 2189 1837 ut
2211 1803 2379 1837 meum

444 1885 651 1954 quidem
688 1884 942 1935 iudicium
979 1892 1066 1947 est,
1111 1883 1300 1935 librum
1338 1883 1401 1935 ab
1441 1885 1556 1953 ipso
1586 1883 1832 1952 pontifice
1869 1882 1966 1934 hac
1997 1891 2160 1934 mente
2185 1891 2232 1933 et
2255 1898 2377 1933 con-

443 1979 605 2032 scribi
641 1989 688 2032 et
722 1979 933 2049 vulqari
967 1980 1167 2031 iussum
1205 1996 1342 2030 anno
1373 1977 1534 2043 1081,
1575 1989 1632 2031 ut
1669 1980 1776 2030 suis
1817 1988 1863 2031 et
1899 1979 1970 2030 ad
2006 1987 2164 2030 totam
2201 1986 2376 2030 aucto-

442 2078 647 2129 ritatem
675 2075 1003 2145 pontificiam
1039 2075 1410 2127 vindicandam
1450 2084 1494 2126 et
1519 2075 1591 2126 ad
1614 2077 1782 2145 ipsius
1807 2076 2138 2126 inimicorum
2161 2075 2378 2143 impetus

429 2172 761 2242 franqendos
801 2171 1184 2223 abundantibus
1225 2170 1513 2223 litterarum
1551 2171 1861 2223 adiumentis
1899 2178 2229 2222 succurreret.

591 2266 765 2336 Atque
803 2267 882 2319 liis
931 2267 1175 2319 subsidiis
1226 2283 1383 2335 quam
1413 2265 1733 2334 festinanter
1768 2268 1849 2318 uti
1874 2284 2008 2336 pars
2052 2263 2381 2335 Greqoriana

446 2364 712 2427 didicerit,
763 2364 889 2414 satis
938 2373 1010 2415 est
1055 2364 1219 2431 siqni,
1273 2362 1413 2431 quod
1448 2361 1745 2413 Bernoldus
1793 2356 2217 2426 Constantiensis,
2266 2379 2378 2413 mo-

444 2459 640 2511 nachus
682 2458 740 2511 S.
768 2458 948 2510 Blasii
974 2468 1260 2529 posteaque
1289 2458 1703 2527 Schafhusensis,
1744 2458 1852 2508 iam
1878 2475 2014 2509 anno
2041 2456 2204 2522 1085,
2243 2456 2378 2526 refe-

445 2574 563 2608 rens
590 2557 653 2607 de
682 2553 933 2624 Greqorio
961 2557 1205 2624 proxime
1233 2565 1451 2620 mortuo,
1491 2554 1626 2606 nihil
1646 2555 1995 2623 praestantius
2019 2555 2135 2623 ipso
2161 2555 2378 2623 reqistro

446 2652 678 2721 nihilque
702 2651 909 2702 uberius
936 2653 1196 2720 coqnitum
1221 2651 1415 2715 habuit,
1456 2651 1591 2702 unde
1621 2651 1783 2701 virtus
1809 2650 1991 2718 maqni
2013 2649 2233 2701 hominis
2257 2668 2378 2720 per-

447 2749 583 2818 spici
609 2757 799 2817 posset.
857 2746 957 2798 Est
993 2748 1128 2798 enim
1163 2748 1237 2798 sic
1262 2747 1408 2816 apud
1431 2741 1635 2798 illum¹.·
1675 2745 1857 2809 „Erat
1879 2747 2014 2797 enim
2039 2743 2379 2815 (Greqorius)

450 2843 728 2896 catholicae
763 2842 1031 2912 reliqionis
1054 2825 1474 2910 ferventissimus
1511 2843 1775 2894 institutor
1806 2851 1853 2893 et
1876 2841 2276 2894 aecclesiasticae
2313 2842 2378 2894 li-

450 2941 657 2993 bertatis
694 2940 1112 2991 strennuissimus
1152 2938 1389 3006 defensor
1397 2957 1415 3000 ,·
1461 2938 1629 2990 noluit
1674 2956 1820 3003 sane,
1875 2948 1934 2990 ut
1980 2938 2380 2990 aecclesiasticus

453 3038 577 3089 ordo
615 3035 853 3087 manibus
893 3034 1145 3086 laicorum
1181 3034 1475 3099 subiaceret,
1516 3035 1605 3086 sed
1642 3035 1829 3086 eisdem
1871 3044 1917 3086 et
1949 3051 2152 3085 morum
2188 3035 2378 3086 sancti-

451 3143 552 3185 tate
572 3142 618 3184 et
642 3133 841 3184 ordinis
868 3131 1116 3200 diqnitate
1132 3132 1507 3200 praemineret3
1535 3131 1676 3199 quod
1698 3130 1848 3181 illum
1868 3129 2023 3181 latere
2045 3147 2150 3180 non
2166 3131 2376 3198 poterit,

453 3231 759 3299 quicumque
797 3227 1021 3279 eiusdem
1057 3225 1331 3295 apostolici
1364 3236 1615 3295 reqestum
1653 3225 1922 3294 diliqenter
1951 3219 2321 3294 perleqerit“².

571 3351 611 3393 1.
642 3350 761 3393 Mon.
785 3347 934 3392 Germ.
956 3346 1034 3391 SS.
1056 3347 1113 3392 V.
1134 3346 1235 3390 444.
1414 3348 1455 3390 2.
1489 3345 1677 3390 Saeculo
1701 3346 1790 3389 XII
1818 3344 1904 3388 fuit
1926 3345 2200 3401 Ratisponae
2230 3357 2378 3389 exem-

453 3423 575 3480 plum
617 3422 818 3478 registri,
858 3424 911 3465 ut
947 3433 1005 3464 ex
1040 3418 1282 3463 Annalium
1322 3419 1715 3476 Ratisponensium
1754 3418 1928 3461 circiter
1966 3431 2083 3461 anno
2122 3418 2237 3461 1130
2275 3431 2378 3463 con-

455 3497 721 3552 scriptorum
750 3493 901 3539 verbis
939 3493 1126 3549 intelligi
1163 3495 1335 3549 potest,
1377 3492 1436 3536 ad.
1465 3506 1630 3536 annum
1662 3491 1775 3535 1089
1806 3491 1941 3545 (Mon.
1966 3490 2117 3535 Germ.
2143 3489 2222 3535 SS.
2247 3492 2380 3537 XVH

455 3569 560 3624 584)
589 3569 739 3612 relatis
769 3567 860 3611 his:
896 3565 1135 3624 „Urbanus
1158 3565 1203 3608 Π
1233 3589 1287 3596 ——
1319 3569 1474 3610 auctor
1504 3568 1574 3608 est
1602 3563 1979 3608 Hierosolimitani
2015 3563 2209 3622 itineris3
2251 3565 2378 3609 cuius

457 3642 592 3686 etiam
623 3642 716 3686 dux
745 3653 846 3685 esse
876 3640 1081 3684 voluerat
1109 3637 1352 3694 Gregorius
1373 3638 1479 3693 VH,
1518 3641 1569 3681 ut
1597 3637 1644 3680 in
1674 3637 1769 3680 eius
1799 3640 1976 3692 regesto
2004 3636 2196 3692 legimus
2210 3635 2247 3681 “.
2308 3636 2376 3682 cf.

456 3715 637 3760 Petrum
668 3715 929 3771 diaconum,
961 3713 1038 3770 qui
1065 3712 1112 3756 in
1142 3710 1359 3756 Chronico
1391 3709 1624 3755 Gasinensi
1654 3709 1787 3764 (Mon.
1812 3708 1960 3753 Germ.
1988 3707 2067 3754 SS.
2084 3709 2173 3755 VH
2196 3710 2297 3768 755)
2327 3723 2377 3758 se
