2730 4198
654 294 929 334 GREcoRn
965 296 1044 332 vn
1080 294 1345 334 nnersrm
1382 294 1484 333 vm
1510 294 1572 331 29.
1591 294 1640 331 30
1669 291 1734 341 (rx
1752 293 1788 332 6.
1808 293 1861 338 τ).
2118 281 2221 334 481

285 414 464 468 niacae
502 411 743 466 hereseos
769 412 988 465 infamia
1012 415 1221 465 notatus
1247 428 1352 465 non
1379 412 1493 480 erit,
1535 410 1850 464 ordinandos
1878 410 2225 477 decrevimus;
2284 416 2396 460 1081

286 510 332 562 si
370 525 490 562 vero
530 507 753 561 alterum
790 508 977 561 horum
1017 507 1293 575 obstiterit,
1336 507 1494 561 abbas
1536 524 1567 560 a
1591 506 1825 560 Romano
1863 504 2108 576 pontifice
2147 506 2229 559 sui
2256 476 2345 523 ΑΜ
2365 478 2412 514 18

285 603 726 658 consecrationem
756 608 984 674 expetat,
1018 607 1107 656 aut
1135 603 1198 656 ad
1227 619 1605 671 quemcumque
1633 602 1934 672 episcopum
1960 601 2050 655 ille
2076 618 2228 672 prae-

285 699 482 770 ceperit
519 716 737 769 pergere
774 716 870 769 pro
911 699 992 752 sui
1030 698 1356 751 ordinatione
1394 697 1661 751 licentiam
1698 697 1902 750 habeat.
1963 696 2122 750 Cuius
2147 697 2228 749 ni-

285 794 391 848 hilo
430 795 603 848 minus
643 795 846 849 abbatis
885 811 1055 848 mores
1096 798 1148 847 et
1186 794 1348 846 vitam
1386 793 1521 846 sicut
1559 797 1612 845 et
1649 792 1975 845 subditorum
2015 808 2229 845 suorum

287 890 544 944 discutere
583 907 926 960 excessusque
965 892 1239 958 corrigere,
1278 893 1482 943 vestrae
1507 888 1841 958 potissimum
1867 887 2229 957 providentiae

287 986 544 1040 attinebit.
622 986 817 1050 Quodsi
862 986 997 1040 forte
1044 987 1099 1039 in
1150 985 1359 1054 aliquod
1406 984 1604 1037 crimen
1647 983 1973 1052 depositione
2013 982 2229 1050 dignum

283 1082 443 1135 fuerit
476 1082 679 1152 laPSUS‚
720 1086 953 1135 vestrum
991 1081 1115 1148 erit,
1157 1080 1223 1134 ad
1261 1079 1602 1150 apostolicam
1641 1078 1961 1132 audientiam
2000 1078 2226 1145 deferre3

287 1177 530 1247 quatinus
571 1182 660 1230 aut
683 1177 768 1230 hic
794 1176 1141 1230 damnationis
1169 1192 1292 1229 suae
1320 1175 1629 1229 sententiam
1659 1191 1755 1244 per
1779 1173 2073 1228 Romanum
2098 1191 2228 1244 pon-

285 1271 478 1326 tificem
517 1273 760 1342 excipiat,
801 1276 891 1325 aut
921 1289 1016 1342 per
1043 1271 1386 1342 apostolicum
1410 1271 1659 1339 legatum,
1701 1271 1768 1324 ad
1792 1270 1847 1323 id
1873 1269 2229 1340 peragendum

286 1368 420 1421 serio
460 1368 694 1436 missum,
737 1368 952 1435 dignum
984 1368 1091 1421 suis
1117 1368 1318 1422 meritis
1344 1367 1594 1421 iudicium
1622 1367 1819 1421 subeat.
1937 1364 2228 1420 Statuimus

287 1462 470 1531 etiam,
518 1467 578 1516 ut
616 1463 862 1532 quicquid
901 1463 968 1516 ad
1007 1464 1188 1517 eadem
1226 1464 1547 1517 monasteria
1583 1463 1845 1533 pertinere
1883 1462 2228 1530 cognoscitur,

284 1557 329 1610 si
368 1558 432 1612 ab
472 1558 732 1627 aliquibus
770 1559 1202 1614 irrationabiliter
1241 1560 1518 1627 detinetur,
1559 1576 1624 1612 ex
1662 1559 1759 1611 hac
1796 1562 1978 1612 nostra
2005 1557 2230 1611 auctori-

282 1657 391 1707 tate
428 1654 699 1724 repetendi
736 1655 1081 1726 exigendique
1120 1661 1274 1725 atque
1312 1655 1624 1709 vendicandi
1660 1654 1896 1708 habeatis
1932 1671 2028 1724 per
2055 1653 2232 1706 omnia

284 1749 395 1803 Deo
433 1750 647 1804 iuvante
684 1751 978 1818 licentiam3
1021 1753 1143 1821 quia
1181 1751 1396 1820 dignum
1436 1755 1530 1818 est,
1571 1755 1645 1819 ut,
1686 1766 1906 1819 quorum
1934 1766 2114 1803 curam
2141 1765 2230 1816 ge-

283 1845 424 1914 ritis,
470 1846 625 1900 rebus
670 1847 814 1900 nullo
861 1848 1014 1900 modo
1066 1847 1460 1901 defraudemini.
1611 1846 1820 1899 Prefato
1867 1846 2027 1913 igitur
2076 1844 2230 1898 modo

285 1946 493 1995 nostrae
541 1942 901 2012 providentiae
950 1959 1009 1997 ac
1048 1943 1405 2014 dispositionis
1445 1943 1859 1996 vicissitudinem
1898 1942 2036 1994 circa
2075 1957 2231 2010 saepe

286 2037 425 2091 dicta
470 2039 788 2092 monasteria
835 2039 928 2092 tibi
977 2039 1184 2108 tuisque
1232 2039 1640 2106 successoribuS,
1698 2042 1757 2092 ut
1804 2037 2230 2108 praelibavimuS,

284 2133 593 2201 regulariter
618 2135 985 2204 promovendis
1014 2135 1369 2203 concedenteS,
1398 2135 1788 2189 interdicimus:
1830 2138 1890 2187 ut
1914 2133 2088 2186 nullus
2115 2149 2231 2186 suc-

285 2244 548 2282 cessorum
595 2235 894 2284 nostrorum
933 2231 1016 2284 vel
1065 2231 1575 2301 archiepiscoporum
1627 2234 1717 2283 aut
1764 2230 2129 2300 episcoporum
2181 2232 2233 2291 et

282 2340 434 2378 nemo
475 2325 728 2379 clericalis
767 2343 859 2380 seu
883 2326 1084 2380 laicalis
1111 2327 1307 2380 ordinis
1335 2326 1524 2380 audeat
1549 2326 1683 2379 hanc
1709 2328 2039 2395 potestatem,
2080 2341 2232 2393 prae-

284 2421 447 2474 sentis
486 2421 681 2475 decreti
720 2423 1028 2476 auctoritate
1064 2422 1344 2491 firmatam,
1383 2422 1529 2476 vobis
1558 2422 1762 2475 auferre
1787 2420 1871 2474 vel
1904 2420 2228 2491 perturbare.

289 2513 392 2569 Sed
430 2533 515 2584 ea,
565 2518 699 2571 sicut
747 2518 1035 2588 praefixum
1087 2525 1190 2587 est,
1241 2519 1297 2571 in
1335 2523 1512 2572 vestra
1559 2518 1758 2571 salubri
1806 2517 2132 2571 ordinatione
2173 2532 2233 2569 ac

287 2610 624 2680 dispositione
649 2614 705 2665 in
729 2619 1042 2684 perpetuum
1067 2615 1374 2669 inconvulsa
1398 2619 1756 2685 permaneant.
1804 2611 2048 2682 [Datum⁶
2068 2613 2231 2665 Rome

291 2708 358 2759 14
383 2706 646 2761 Kalendas
673 2707 798 2762 Maii
822 2727 917 2779 per
942 2727 1127 2764 manus
1147 2710 1291 2765 Petri
1317 2715 1496 2764 sancte
1514 2710 1747 2764 Romane
1774 2709 1988 2763 ecclesie
2014 2708 2232 2779 presby-

284 2802 384 2855 teri
432 2803 711 2857 cardinalis
760 2821 820 2858 ac
855 2805 1261 2875 bibliothecarii,
1313 2823 1448 2860 anno
1489 2809 1520 2860 8
1560 2805 1895 2876 pontificatus
1935 2805 2113 2858 domni
2139 2804 2233 2858 VII

285 2896 524 2966 Gregorii
561 2916 714 2970 pape,
753 2899 1037 2954 indictione
1076 2900 1148 2969 3.]

285 3067 416 3131 VIII
443 3073 521 3131 30
557 3068 656 3144 (IX
684 3075 760 3144 7).
809 3077 1100 3130 Ecclesiam
1140 3077 1198 3131 S.
1229 3079 1393 3144 Petri,
1434 3081 1491 3131 in
1529 3080 1674 3143 villa,
1697 3079 2016 3132 Maskarans
2056 3081 2228 3144 sitam,

469 3174 715 3225 tuendam
752 3176 984 3244 suscipit.

433 3280 715 3350 Gregorius
767 3283 1041 3355 episcopus
1082 3300 1261 3336 servus
1302 3300 1572 3337 servorum
1611 3284 1710 3338 Dei
1749 3284 1989 3338 omnibus
2028 3285 2139 3338 Deo
2180 3288 2232 3339 et
2265 3296 2376 3339 1081

287 3374 438 3430 beato
475 3376 631 3431 Petro
670 3378 911 3432 fidelibus
952 3379 1175 3432 salutem
1214 3384 1266 3433 et
1303 3379 1644 3449 apostolicam
1685 3380 2118 3434 benedictionem.

401 3497 434 3522 8..
461 3486 600 3524 Datum
632 3508 671 3513 --
702 3489 908 3526 indictione
937 3490 959 3526 3
989 3490 1131 3527 addidi
1154 3505 1202 3526 ex
1230 3491 1470 3528 chartulario
1499 3492 1536 3528 S.
1563 3491 1723 3526 Victoris
1744 3492 1984 3528 Massiliensi
2009 3489 2232 3537 (Collection

287 3551 352 3588 des
381 3554 599 3591 cartulaires
629 3555 675 3591 de
704 3558 846 3592 France
872 3558 915 3593 II
935 3571 973 3604 p.
995 3556 1071 3592 214
1098 3571 1131 3592 n.
1153 3553 1255 3602 842).
1312 3556 1472 3592 Mobilio
1509 3569 1654 3604 quoque
1688 3553 1843 3601 (Annal.
1873 3556 1954 3593 ord.
1982 3558 2021 3595 S.
2040 3557 2236 3594 Benedicti
2255 3540 2262 3552 x

289 3617 325 3654 V
341 3615 428 3663 155)
457 3632 505 3654 εκ
531 3621 660 3668 codice
681 3624 822 3659 Montis
845 3624 998 3659 maioris
1027 3623 1124 3658 hanc
1152 3623 1332 3669 epistolae
1361 3622 1572 3658 clausulam
1602 3625 1738 3665 affert.-
1763 3620 1902 3658 Datum
1919 3620 2061 3659 Romae
2082 3623 2132 3660 14
2149 3622 2231 3659 Kal.

285 3682 385 3729 Maii,
412 3685 653 3731 pontificatus
679 3687 802 3724 nostri
827 3699 923 3725 anno
951 3688 987 3724 8.

357 3753 485 3796 μκή,
513 3757 749 3794 Bibuotheea
774 3760 820 3794 11.
1819 3760 1875 3803 31
