2730 4198
315 362 429 406 1078

283 422 376 460 Nov.
396 423 446 460 24

318 2849 432 2892 1078

288 2910 380 2946 Nov.
401 2909 449 2946 25

477 227 583 279 336
992 239 1265 277 GREGORII
1302 240 1381 275 vn
1418 238 1680 276 REGISTRI
1717 240 1774 276 vl
1802 239 1838 275 6.
1864 239 1898 275 7.

477 358 645 426 questi
695 361 814 410 sunt
860 356 990 410 alter
1030 355 1278 408 adversus
1322 352 1570 422 alterum,
1621 371 1686 407 ex
1724 354 1990 408 voluntate
2030 355 2413 424 acquiescentes

477 457 529 507 et
566 453 894 506 oboedientes
932 454 1110 504 nostro
1149 450 1330 518 iussui,
1370 466 1554 519 pacem
1592 450 1728 503 inter
1767 467 1821 503 se
1859 451 2007 504 nobis
2046 451 2413 521 praecipienti-

475 548 570 602 bus
613 548 860 601 fecerunt.
1014 545 1209 609 Quibus
1249 562 1313 598 ex
1353 544 1658 598 auctoritate
1698 545 1982 615 apostolica
2020 547 2410 600 interdiximus:

475 660 540 696 ne
580 643 709 696 alter
750 642 898 695 alteri
937 642 1259 695 occasionem
1300 640 1554 693 discordie
1583 640 1800 694 ulterius
1826 641 2113 711 praeberet.
2176 641 2279 695 Sed
2305 643 2413 712 epi-

477 755 661 808 scopus
701 738 876 792 abbati
916 742 967 791 et
1004 737 1271 807 praedicto
1311 736 1626 789 monasterio
1656 736 1910 804 emendet,
1951 754 2082 806 quae
2109 738 2156 790 ei
2181 738 2412 805 abstulit,

475 835 576 887 nisi
617 838 867 903 quantum
908 833 1066 887 abbas
1107 833 1154 886 ei
1193 832 1587 898 condonaverit3
1630 832 1869 885 similiter
1908 836 1960 885 et
1986 833 2144 886 abbas
2171 834 2412 903 episcopo

474 930 654 996 faciat3
709 934 761 983 et
807 930 902 983 hoc
948 930 1005 982 in
1051 928 1436 982 existimatione
1485 927 1724 980 Astensis
1776 924 2035 997 episcopi1
2083 931 2134 981 et
2182 929 2414 998 episcopi

475 1022 765 1094 Aquensis²
795 1042 891 1078 nec
928 1041 1034 1077 non
1073 1027 1124 1077 et
1161 1023 1363 1077 abbatis
1389 1020 1848 1076 Fructuarie11sis³.
1910 1022 1966 1076 Si
2005 1026 2176 1076 autem
2217 1015 2415 1092 epiSco—

475 1138 573 1191 pus
612 1121 835 1174 voluerit
873 1124 925 1174 et
961 1119 1190 1190 potuerit
1227 1119 1465 1189 probare,
1503 1119 1634 1171 illud
1673 1119 2046 1172 monasterium
2086 1119 2142 1171 in
2179 1119 2416 1188 proprie-

476 1221 583 1270 tate
610 1220 661 1270 et
689 1216 876 1269 allodio
910 1216 990 1268 sui
1025 1215 1274 1285 episcopii
1312 1231 1425 1267 esse
1465 1218 1834 1282 constructum,
1874 1216 1928 1267 in
1957 1214 2192 1283 sequenti
2219 1214 2415 1284 synodo

475 1317 692 1380 uterque
732 1329 786 1365 se
823 1315 1158 1381 praesentent
1197 1315 1248 1364 et
1284 1311 1340 1362 in
1379 1327 1437 1363 eo
1476 1311 1670 1363 iustam
1709 1315 1759 1363 et
1796 1310 2017 1378 legalem
2053 1309 2415 1363 diffinitionem

478 1408 749 1477 accipiant.
812 1406 866 1460 Si
905 1423 1027 1459 vero
1067 1406 1239 1475 aliquo
1267 1406 1669 1476 impedimento³
1697 1407 2030 1475 cessaverint,
2069 1407 2268 1474 legatos
2296 1423 2416 1459 suos

477 1504 728 1570 dirigant,
771 1506 1024 1571 quatenus
1065 1501 1138 1554 eis
1176 1502 1280 1571 ipsi
1317 1505 1612 1571 reportent,
1665 1502 1886 1570 qualiter
1927 1507 1978 1555 et
2017 1503 2221 1571 quando
2259 1501 2418 1555 finem

477 1616 654 1652 eorum
692 1597 905 1665 negocio
943 1597 1290 1666 imponamus,
1370 1597 1565 1660 Quodsi
1604 1598 1894 1668 episcopm,
1937 1599 2144 1666 cognita
2180 1598 2415 1665 veritate,

475 1693 798 1763 cognoverit,
847 1692 988 1745 idem
1034 1693 1411 1745 monasterium
1457 1709 1563 1745 non
1608 1710 1720 1746 esse
1760 1697 2112 1747 constructum
2152 1694 2207 1746 in
2247 1693 2416 1746 alodio

476 1792 557 1844 sui
595 1791 940 1860 episcopatus,
980 1787 1065 1841 vel
1103 1787 1261 1841 abbas
1301 1788 1652 1857 perpenderit,
1695 1789 1833 1857 quod
1860 1790 2132 1859 episcopus
2161 1789 2297 1842 circa
2321 1769 2423 1841 hoc·

474 1887 748 1954 negocium
785 1885 979 1938 iustam
1010 1887 1060 1936 et
1085 1900 1264 1936 veram
1292 1883 1482 1937 habeat
1506 1884 1780 1952 rationem,
1823 1885 1934 1938 sine
1962 1885 2136 1953 aliqua
2161 1885 2419 1954 discepta-

475 1982 643 2037 tioneb
683 1982 766 2035 vel
814 1980 1169 2034 controversia
1208 1980 1281 2047 ei,
1334 1979 1423 2048 qui
1462 1981 1737 2034 veritatem
1776 1984 1827 2034 et
1864 1981 2123 2034 iustitiam
2161 1980 2417 2048 habuerit,

476 2080 794 2148 acquiescat3
843 2076 1026 2146 procul
1075 2076 1230 2129 dubio
1280 2076 1528 2144 scienteS,
1580 2077 1701 2145 quia
1746 2077 1802 2130 in
1853 2095 1995 2145 eum,
2045 2077 2133 2146 qui
2170 2077 2415 2130 iniustam

476 2191 687 2227 causam
731 2173 928 2225 habens
969 2172 1244 2225 defendere
1282 2172 1622 2240 temptaverit
1660 2173 1768 2240 vel,
1823 2173 2032 2241 aliquod
2070 2172 2419 2242 patrocinium

475 2270 559 2323 vel
596 2269 884 2339 potentiam
924 2285 1165 2337 speranS,
1213 2267 1466 2319 iniustum
1499 2268 1770 2334 negocium
1812 2268 2008 2334 agitare
2050 2284 2204 2320 ausus
2242 2267 2416 2334 fuerit,

477 2366 705 2433 graviter
745 2368 795 2417 et
835 2364 1160 2416 severissime
1198 2364 1490 2433 puniemus.
1552 2363 1690 2416 Data
1726 2362 1921 2416 Romae
1962 2365 1992 2416 8
2024 2363 2284 2416 Kalendas
2314 2362 2418 2416 De-

478 2461 716 2528 cembriS,
755 2460 1036 2513 indictione
1077 2461 1124 2512 2.

477 2630 557 2692 VI
585 2635 639 2691 7.
675 2637 896 2707 Huqom'
933 2638 1171 2706 episcopo
1211 2636 1407 2688 Diensi
1441 2638 1674 2701 mandat,
1715 2646 1773 2688 ut
1812 2636 2093 2688 Robertum
2120 2636 2159 2688 I
2189 2638 2420 2688 comitem

680 2733 1074 2797 Flandrensem,
1116 2734 1166 2784 si
1201 2734 1392 2784 iniuste
1431 2734 1899 2785 excommunicatus
1938 2735 2020 2798 sit,
2063 2733 2309 2785 absolvat.

628 2841 909 2910 Gregorius
960 2842 1233 2912 episcopus
1286 2858 1464 2895 servus
1517 2859 1786 2895 servorum
1833 2842 1933 2895 Dei
1979 2841 2187 2909 Hugoni
2236 2841 2419 2894 Diensi

481 2938 723 3008 episcopo
764 2938 985 2992 salutem
1024 2942 1075 2991 et
1114 2938 1451 3007 apostolicam
1489 2937 1917 2991 benedictionem.

629 3034 762 3097 Quia
809 3052 874 3088 ex
919 3034 1198 3104 pastoralis
1239 3033 1395 3086 officii
1434 3035 1761 3104 susceptione
1800 3037 2006 3104 oportet
2041 3050 2136 3085 nos
2174 3049 2417 3100 magnam

481 3130 880 3183 sollicitudinem
931 3130 1122 3183 habere
1169 3129 1231 3182 de
1271 3129 1436 3183 salute
1476 3130 1708 3182 omnium
1745 3129 1971 3182 filiorum
2010 3128 2280 3195 ecclesiae,
2332 3127 2418 3180 de-

479 3226 661 3279 bemus
710 3226 1010 3295 quantotius
1060 3226 1362 3293 emendare,
1418 3226 1461 3278 si
1511 3226 1635 3293 quid
1683 3226 1979 3278 noverimus
2029 3224 2178 3276 aliter
2216 3227 2419 3290 gestum

481 3339 609 3390 esse,
652 3340 808 3391 quam
847 3322 1087 3375 convenit
1123 3321 1424 3375 rectitudini
1462 3321 1855 3375 ecclesiasticae.
1924 3319 2148 3373 Proinde
2185 3318 2419 3372 notifica-

479 3434 594 3470 mus
636 3418 899 3472 dilectioni
938 3421 1075 3487 tuae,
1114 3417 1264 3471 nobis
1302 3434 1398 3487 per
1438 3417 1654 3486 aliquOS,
1696 3420 1747 3470 et
1782 3415 2009 3469 maxime
2035 3432 2129 3485 per
2155 3414 2419 3482 Ingelran-

596 3552 628 3578 a.
664 3543 791 3579 venire
820 3543 1006 3580 excidisse
1030 3542 1185 3580 videtur.
1313 3541 1351 3579 b.
1387 3541 1658 3589 disseptatione
1686 3541 1770 3577 cod.

600 3620 637 3662 1.
670 3620 868 3675 Ingonis.
1019 3622 1061 3664 2.
1092 3619 1282 3664 Alberti.
1402 3620 1444 3663 3.
1476 3618 1653 3664 Alberti
1681 3619 1738 3662 II.
