2722 4172
269 411 384 456 1074

241 472 330 520 Apr.
350 473 398 510 18

258 1762 373 1806 1074

231 1823 320 1870 Apr.
340 1823 387 1860 19

434 275 540 329 100
937 288 1209 328 GREGORII
1249 287 1327 325 vn
1363 286 1626 325 Rncrsrm
1661 288 1683 325 1
1710 286 1770 324 ⁷9.
1797 287 1858 325 80.

429 424 520 462 vos
558 423 663 461 non
700 406 868 461 solum
904 404 1248 473 negligentiae
1288 404 1378 458 sed
1418 403 1565 473 quasi
1602 405 1982 473 promovendae
2007 405 2113 459 litis
2141 421 2356 473 arguere

426 520 701 574 possumus
739 503 888 556 iuxta
933 500 1089 554 illud:
1141 501 1248 568 Qui
1281 519 1387 553 non
1427 511 1499 554 est
1535 519 1754 567 mecum,
1803 503 2075 556 adversum
2111 521 2189 555 me
2228 497 2355 564 επις

425 599 548 653 licet
602 599 734 652 hanc
785 598 930 651 litem
978 596 1125 664 virga
1174 596 1485 666 apostolicae
1536 596 1867 650 correctionis
1914 597 2024 652 Deo
2074 597 2356 651 auxiliante

425 695 574 749 nobis
611 694 918 748 facillimum
956 692 1025 746 sit
1062 692 1318 746 dirimere.
1381 691 1437 746 Si
1476 693 1613 746 enim
1648 692 1893 747 honorem
1920 693 2060 747 beati
2084 692 2227 747 Petri
2251 710 2357 746 non

423 791 480 844 in
517 794 686 844 totum
724 790 815 844 sed
851 789 907 842 in
943 792 1164 859 partem,
1205 788 1449 843 Coloniae
1489 793 1540 842 et
1576 806 1681 842 non
1715 788 1926 858 Romae,
1965 789 2355 859 probaverimus

423 891 476 941 te
516 886 746 955 diligere,
786 889 844 939 tu
880 902 975 939 nos
1013 902 1180 955 neque
1218 885 1272 938 in
1311 890 1479 939 totum
1516 902 1683 955 neque
1720 886 1776 938 in
1813 889 2017 956 partem
2043 886 2237 956 poteris
2264 886 2356 939 ha-

422 982 559 1036 bere.
619 982 793 1052 Atque
842 981 886 1035 si
937 999 1002 1035 ex
1049 981 1341 1050 negligente
1392 981 1667 1035 sollicitum
1710 986 1761 1035 et
1799 998 1863 1035 ex
1900 985 2194 1052 tepescente
2233 981 2357 1036 cali-

422 1078 546 1132 dum
583 1083 636 1132 te
676 1095 822 1132 amor
861 1082 913 1131 et
949 1079 1241 1132 reverentia
1278 1078 1460 1131 matris
1499 1081 1617 1131 tuae
1657 1082 1864 1132 sanctae
1893 1077 2158 1132 Romanae
2198 1077 2357 1132 eccle-

422 1175 529 1229 siae
576 1174 782 1244 fecerit‚
831 1190 937 1227 non
982 1174 1039 1227 in
1084 1178 1288 1244 partem
1333 1174 1424 1227 sed
1460 1174 1516 1227 in
1554 1178 1721 1228 totum
1759 1175 2044 1227 communis
2082 1174 2356 1245 piscatoris

420 1264 592 1326 nostri
612 1271 832 1340 gratiam
861 1275 1195 1340 nostramque
1223 1270 1548 1324 dilectionem
1578 1271 1688 1325 sine
1716 1271 1870 1325 dubio
1898 1270 2168 1325 obtinebis,
2218 1269 2358 1324 Data

418 1367 615 1422 Romae
657 1369 725 1422 14
762 1366 1022 1421 Kalendas
1061 1366 1203 1436 Maii,
1242 1367 1521 1421 indictione
1564 1370 1646 1421 12.

418 1539 444 1601 Ῑ
477 1545 579 1603 80.
622 1545 925 1598 Anicienses
964 1545 1224 1609 hortatur,
1275 1555 1332 1598 ut
1371 1545 1635 1616 Stephano
1664 1546 1767 1598 III
1797 1546 1946 1599 eleeto
1987 1548 2251 1616 episcop0‚
2297 1547 2354 1597 in

621 1660 770 1694 suam
803 1643 1034 1712 qratiam
1071 1643 1322 1707 restitute,
1365 1642 1619 1695 obediant.

567 1750 846 1820 Gregorius
897 1751 1170 1822 episcopus
1223 1768 1401 1805 servus
1442 1769 1709 1805 servorum
1747 1751 1846 1805 Dei
1883 1751 2181 1805 Annitiensi
2219 1750 2354 1805 clero

417 1852 469 1904 et
501 1847 694 1919 populo
735 1847 956 1901 salutem
995 1851 1046 1901 et
1085 1847 1424 1918 apostolicam
1462 1848 1890 1902 benedictionem.

565 1940 889 2015 Stephanus²
929 1943 1120 1997 electus
1158 1947 1330 1998 vester
1370 1962 1431 1998 ea
1470 1962 1572 2014 qua
1611 1945 1788 1998 debuit
1816 1943 2153 2015 apostolicam
2181 1943 2354 1997 sedem

413 2040 734 2095 humilitate⁸
772 2040 1046 2110 requisivit
1084 2044 1151 2109 et,
1191 2057 1403 2093 manum
1442 2057 1589 2094 suam
1626 2041 1804 2095 manui
1831 2045 2040 2094 nostrae
2073 2040 2258 2109 demde,
2299 2056 2354 2093 se

413 2136 677 2191 Romanae
737 2137 984 2191 ecclesiae
1040 2136 1368 2190 obediturum
1415 2138 1681 2207 promisit3
1742 2154 1801 2191 ac
1846 2155 1941 2208 per
1987 2137 2084 2190 hoc
2130 2137 2354 2205 gratiam

416 2234 554 2303 eiuS‚
615 2250 769 2303 quam
818 2237 973 2286 antea
1016 2233 1158 2287 visus
1205 2233 1376 2286 fuerat
1420 2234 1735 2304 perdidisse,
1782 2233 2122 2304 recuperavit.
2190 2232 2352 2296 Quem

417 2331 539 2400 quia
578 2329 849 2384 ecclesiam
884 2333 1116 2383 vestram
1152 2329 1437 2399 prudenter
1475 2330 1764 2383 defendisse
1797 2334 1848 2383 et
1873 2329 2211 2382 simoniacum
2238 2327 2351 2381 Ste—

413 2426 646 2497 phanum
685 2429 736 2479 et
773 2426 1066 2479 invasorem
1106 2426 1277 2479 studio
1318 2443 1409 2479 suo
1443 2426 1704 2496 expulisse
1730 2425 2081 2496 p1·obavimuS‚
2120 2425 2351 2492 regimen

414 2523 575 2576 totius
614 2522 942 2593 episcopatus
981 2522 1143 2575 vestri
1181 2522 1281 2575 sibi
1319 2523 1695 2589 commisimus;
1748 2539 1806 2576 eo
1845 2527 2049 2590 tenore,
2097 2526 2178 2587 ut,
2226 2538 2351 2590 quo-

415 2635 579 2688 usque
618 2619 683 2672 ad
711 2635 805 2671 nos
836 2618 1031 2687 redeat,
1071 2617 1133 2671 de
1158 2617 1445 2689 pontificali
1471 2617 1637 2673 officio
1666 2636 1720 2672 se
1744 2635 1849 2672 non
1873 2618 2201 2686 intromittat,
2242 2617 2349 2686 sed,

417 2731 772 2786 quemcunque
819 2714 1042 2768 voluerit
1088 2715 1449 2785 episcoporum
1495 2715 1854 2783 religiosorum
1889 2716 2090 2786 patriae
2129 2718 2349 2783 vestrae,

416 2828 502 2879 ea,
554 2828 685 2881 quae
732 2811 799 2865 ad
847 2811 1140 2881 episcopale
1190 2810 1416 2864 officium
1465 2812 1754 2882 pertinent,
1801 2812 1970 2865 facere
2009 2813 2346 2864 commoneat.

413 2907 519 2963 Vos
565 2908 743 2978 itaque
793 2907 1080 2978 apostolica
1129 2908 1434 2961 auctoritate
1479 2908 1839 2962 admonemus:
1887 2912 1947 2961 ut
1984 2907 2083 2961 sibi
2122 2905 2347 2960 debitam

411 3004 469 3058 in
516 3004 754 3059 omnibus
802 3004 1147 3058 reverentiam
1197 3004 1480 3058 exhibeatis
1521 3009 1572 3058 et
1610 3005 1675 3058 ad
1714 3004 2065 3058 defensionem
2103 3002 2347 3056 ecclesiae

414 3104 616 3155 vestrae
666 3100 981 3154 adiutorium
1017 3104 1249 3154 vestrum
1291 3099 1512 3154 fideliter
1549 3101 1889 3171 impendatis3
1941 3104 2217 3169 quatenus,
2258 3114 2347 3151 ex-

411 3196 565 3268 pulsa
613 3197 928 3251 simoniacae
975 3197 1203 3250 haeresis
1252 3197 1314 3250 de
1360 3198 1530 3251 medio
1575 3202 1806 3251 vestrum
1845 3196 1986 3250 omni
2024 3195 2343 3263 contagione,

412 3292 633 3361 legalem
669 3293 968 3364 pontificem
1005 3293 1240 3359 habeatis
1281 3296 1332 3346 et
1368 3310 1555 3363 puram
1590 3293 1793 3347 Christo
1833 3292 2039 3346 domino
2078 3295 2255 3344 nostro
2295 3294 2347 3344 et

413 3388 596 3443 beatae
642 3389 839 3444 Mariae
886 3390 1125 3459 genitrici
1171 3389 1280 3443 eius
1329 3390 1632 3444 servitutem
1677 3388 2004 3460 impendatis,
2070 3387 2214 3441 Data'
2243 3386 2345 3440 Ro-

413 3501 530 3539 mae
573 3487 638 3539 13
680 3486 940 3541 Kalendas
978 3485 1120 3556 Maii,
1158 3485 1439 3541 indictione
1480 3489 1561 3540 12.

530 3599 563 3625 a.
598 3587 846 3626 humilitatem
873 3605 904 3627 c.

532 3653 573 3696 1.
604 3652 761 3697 Matth.
786 3654 854 3710 12,
879 3654 951 3698 30.
1101 3655 1142 3698 2.
1174 3652 1252 3699 111.
