2722 4172
755 273 1030 313 GREGORII
1066 275 1145 312 vn
1181 243 1446 312 REGISTRI
1481 273 1503 310 1
1529 271 1589 309 57.
1619 271 1680 310 58.
2119 258 2183 308 77

251 392 580 462 quaestiones
606 390 842 459 diligenti
869 392 1252 446 examinatione
1278 391 1617 445 discutiamus
1645 392 1712 458 et,
1751 387 2007 441 iustitiam
2031 387 2188 456 legali
2235 393 2365 436 1074

249 488 440 543 iudicio
467 488 818 558 decernenteS,
847 490 1123 543 adiuvante
1149 488 1391 556 Domin0‚
1429 487 1475 540 si
1501 486 1626 555 quid
1649 484 2002 556 periculosum
2027 500 2188 554 appa·
2216 453 2325 490 Mart'
2345 455 2391 491 ¹⁷

248 584 429 654 ruerit,
453 590 782 655 amputemus
805 590 872 655 et,
895 586 1032 655 quod
1051 585 1218 653 officio
1239 588 1416 638 nostro
1438 587 1490 636 et
1515 582 1725 635 illorum
1751 581 1909 636 saluti
1935 580 2188 648 congruit,

250 685 555 736 statuamus,
584 681 723 736 Data
741 681 903 737 Rome
921 684 978 736 in
998 682 1194 753 synodo
1221 683 1286 735 16
1300 679 1561 734 Kalendas
1573 679 1791 749 Aprilis,
1808 677 2091 731 indictione
2105 678 2187 730 12.

251 852 277 915 Ῑ
311 858 412 917 58.
460 858 660 916 Geusae
698 862 845 914 ducis
882 861 1211 932 Unyarorum
1250 878 1374 929 crya
1410 876 1463 910 86
1487 859 1716 910 studium
1743 857 1938 909 laudat.
2002 855 2192 925 Officia

445 958 741 1028 pollicetur.
800 959 887 1011 De
922 958 1071 1011 rebus
1111 959 1219 1010 eius
1256 959 1314 1010 in
1343 967 1613 1028 posterum
1641 973 1743 1026 per
1779 953 2013 1006 Aeonem
2048 971 2191 1004 mar-

456 1055 687 1111 chionem
725 1057 869 1125 cupit
904 1056 1089 1107 certior
1113 1054 1253 1122 fieri.

400 1163 679 1234 Gregorius
719 1165 991 1236 episcopus
1031 1181 1210 1218 servus
1251 1142 1520 1218 seruorum
1547 1163 1649 1217 Dei
1674 1160 1875 1216 Geusae
1913 1155 2061 1214 duci¹
2086 1158 2193 1213 Un-
2257 1168 2371 1213 1074

251 1278 493 1331 garorum
532 1261 753 1315 salutem
791 1265 843 1320 et
880 1260 1218 1332 apostolicam
1255 1260 1686 1314 benedictionem.
2223 1230 2328 1267 Mm'
2351 1230 2398 1268 1⁷

396 1357 536 1412 Visis
572 1357 762 1411 litteris
799 1358 929 1426 tuis,
977 1357 1291 1411 laudabilem
1333 1357 1622 1411 devotionis
1661 1360 1782 1410 tuae
1819 1354 2196 1426 professionem

251 1455 603 1524 cognovimuS‚
642 1455 699 1508 in
737 1471 840 1524 qua
877 1471 965 1508 cor
1004 1460 1057 1509 et
1094 1455 1326 1508 animum
1363 1458 1511 1507 tuum
1551 1470 1676 1521 erga
1698 1452 2044 1506 reverentiam
2071 1467 2194 1521 apo-

252 1551 463 1606 stolicae
510 1551 647 1605 sedis
691 1551 812 1619 igne
851 1552 1026 1606 divino
1064 1551 1446 1606 inflammatum
1485 1568 1597 1605 esse
1636 1549 2005 1604 intelleximus,
2083 1546 2196 1611 Qua

252 1647 316 1703 de
362 1665 421 1702 re
467 1665 573 1702 non
617 1648 817 1703 incerta
865 1667 984 1720 spes
1031 1653 1152 1703 tuae
1209 1648 1392 1702 salutis
1440 1648 1756 1716 ostenditur,
1813 1664 1919 1700 non
1972 1661 2195 1715 parvum

251 1745 400 1801 nobis
426 1748 668 1799 exortum
693 1749 772 1799 est
796 1747 1061 1815 gaudium,
1101 1746 1363 1815 quoniam,
1401 1745 1491 1814 qui
1518 1745 1694 1799 debita
1716 1743 1818 1798 fide
1845 1747 1898 1798 et
1923 1742 2195 1796 devotione

253 1842 568 1914 apostolicae
604 1843 927 1897 reverentiae
963 1846 1086 1896 vota
1124 1842 1438 1912 concipiunt,
1477 1859 1806 1911 nequaquam
1845 1839 2002 1894 dubia
2029 1838 2092 1892 ab
2121 1838 2195 1892 eis

252 1940 516 2011 praesidia
554 1943 605 1993 et
642 1938 892 1994 beneficia
927 1939 1328 2009 praestolantur.
1385 1938 1534 1992 Unde
1571 1939 1731 1993 etiam
1754 1942 1901 1991 tuam
1925 1951 2195 1989 monemus

254 2036 599 2106 dilectionem,
639 2040 699 2090 ut
736 2037 909 2090 studia
944 2042 1037 2089 tua
1071 2053 1196 2104 erga
1219 2035 1470 2089 honorem
1496 2035 1851 2106 apostolorum
1877 2049 2081 2103 semper
2107 2048 2196 2085 ex-

254 2137 490 2189 crescant
527 2137 594 2202 et,
635 2137 828 2202 quanto
867 2137 918 2186 te
957 2133 1146 2187 cotidie
1184 2150 1249 2186 ex
1273 2132 1565 2186 necessario
1603 2131 1706 2185 fine
1731 2132 1870 2184 vitae
1905 2133 2025 2183 tuae
2062 2128 2197 2182 iudi-

253 2231 347 2285 ciis
383 2230 593 2284 illorum
633 2230 1052 2301 appropinquare
1091 2230 1385 2299 cognosciS,
1433 2233 1578 2283 tanto
1626 2228 1936 2299 propensius
1983 2243 2069 2280 eos
2109 2226 2197 2280 de-

253 2327 446 2382 bitores
483 2327 581 2382 tibi
619 2325 821 2381 efficere
856 2327 1091 2381 studeas:
1133 2330 1387 2396 quatenus
1411 2343 1507 2397 per
1532 2325 1944 2379 misericordiam
1968 2323 2069 2377 Dei
2092 2322 2196 2376 illis

202 2420 204 2422 ’
255 2423 658 2493 suffragantibus
695 2427 1030 2495 peccatorum
1066 2427 1278 2477 tuorum
1313 2423 1693 2492 indulgentiam
1731 2425 1783 2476 et
1810 2425 2051 2475 aeternae
2076 2420 2198 2474 bea-

256 2521 495 2575 titudinis
541 2520 762 2589 gloriam
807 2525 860 2575 te
907 2521 1125 2592 adipisci
1173 2521 1415 2590 gaudeas,
1484 2519 1565 2573 De
1601 2523 1782 2572 nostra
1818 2535 1941 2572 vero
1981 2517 2198 2572 caritate

256 2617 552 2671 nullatenus
589 2621 641 2671 te
679 2618 917 2672 dubitare
953 2618 1218 2686 volumus3
1252 2617 1369 2687 sed,
1410 2615 1585 2671 effusis
1618 2617 1676 2669 in
1701 2620 1752 2670 te
1776 2615 1976 2669 intimis
2016 2619 2068 2668 et
2105 2631 2197 2685 pa-

259 2714 421 2768 ternis
461 2712 756 2784 affectibuS‚
806 2715 978 2769 locum
1025 2715 1164 2786 apud
1211 2732 1306 2769 nos
1358 2714 1547 2783 agendi
1585 2719 1637 2768 et
1673 2713 2016 2784 impetrandi,
2067 2728 2198 2782 quae

257 2810 414 2864 saluti
452 2814 504 2864 et
538 2810 723 2864 honori
761 2814 851 2865 tuo
890 2812 1044 2880 digne
1081 2815 1408 2883 competunt,
1457 2815 1509 2865 te
1554 2811 1770 2879 habere,
1817 2813 2019 2864 remota
2057 2809 2198 2862 omni

257 2907 578 2962 dubitatione
615 2908 984 2978 promittimus.
1042 2908 1113 2962 Et
1151 2909 1196 2962 si
1235 2909 1348 2979 quis
1386 2908 1719 2962 inimicorum
1755 2911 1965 2960 tuorum
2004 2905 2199 2976 aliquid

261 3004 537 3071 adversum
576 3008 628 3059 te
666 3004 849 3058 molire
886 3022 1047 3075 prave
1085 3006 1436 3076 temptaverit,
1474 3005 1657 3076 procul
1691 3003 1847 3058 dubio
1886 3020 1992 3056 non
2031 3001 2199 3055 solum

255 3106 438 3156 nostra
474 3102 672 3156 carebit
711 3102 974 3155 audientia
1011 3102 1102 3155 sed
1125 3102 1538 3170 indignationem
1564 3100 1879 3172 apostolicae
1904 3099 2104 3167 gratiae
2142 3098 2197 3151 in

259 3215 378 3253 eum
415 3200 716 3270 exasperari
754 3199 955 3252 sentiet.
1016 3198 1095 3251 Tu
1133 3202 1322 3267 autem,
1364 3199 1409 3252 si
1447 3199 1572 3268 quid
1598 3197 1864 3251 interdum
1890 3199 1979 3248 aut
2005 3195 2068 3248 de
2093 3194 2196 3247 tuis

257 3297 427 3350 causis
466 3301 556 3350 aut
594 3297 732 3366 quod
771 3295 982 3363 servitio
1022 3295 1335 3366 apostolicae
1373 3295 1695 3349 reverentiae
1719 3293 1981 3364 pertineat
2003 3291 2197 3344 nostris

260 3393 469 3447 auribus
506 3393 750 3447 intimare
788 3393 991 3464 cupiaS‚
1040 3392 1225 3461 habeS,
1266 3392 1531 3460 egregium
1566 3389 1809 3445 videlicet
1843 3388 2197 3442 marchionem

258 3488 519 3559 Azonem‚
563 3490 714 3544 nobis
754 3490 962 3560 quidem
999 3489 1136 3542 inter
1174 3491 1372 3542 ceteros
1410 3488 1593 3542 Italiae
1629 3487 1893 3558 principes
1930 3485 2082 3539 valde
2121 3485 2198 3538 di-

258 3584 466 3656 lectum,
505 3604 601 3658 per
640 3605 795 3657 quem
833 3604 910 3656 ea,
951 3603 1082 3657 quae
1122 3585 1188 3638 ad
1219 3585 1554 3655 apostolicam
1585 3583 1903 3637 audientiam
1927 3581 2199 3636 referenda

379 3697 418 3740 1.
450 3696 473 3740 Ι
501 3697 611 3753 regi.
