2730 4198
883 255 1159 294 GREGORII
1194 256 1273 293 vn
1310 255 1576 294 REGISTRI
1612 256 1649 293 v
1675 255 1711 292 7.
2165 241 2272 295 295

326 374 521 429 sineret
558 389 673 427 eam
711 373 767 426 in
797 373 1012 443 propria
1038 373 1233 427 armari
1257 373 1475 441 viscera,
1517 377 1570 426 et
1606 372 1674 426 ad
1710 371 1917 425 ruinam
1957 371 2272 426 domesticae
2334 377 2447 452 1073

324 468 647 522 fortitudinis
683 469 741 522 in
778 469 913 522 bello
953 467 1253 537 confligere3
1296 468 1388 522 sed
1425 469 1586 522 totius
1627 467 1917 521 discordiae
1955 483 2139 521 causas
2179 484 2274 522 sua
2302 436 2405 485 δεμ
2426 439 2475 475 3⁰

323 565 526 634 potenti
570 565 763 618 virtute
811 569 1186 635 compesceret,
1245 581 1341 617 sua
1394 564 1750 618 moderatione
1808 564 1919 618 sine
1965 563 2171 617 funesto
2221 566 2274 617 et

323 660 557 714 luctuoso
608 659 711 714 fine
759 664 1108 730 componeret.
1270 658 1498 713 Litteras
1558 668 1794 729 quoque¹²
1841 661 1951 712 iam
1999 663 2119 713 ante
2163 663 2272 713 tres

323 773 531 810 menses
581 760 633 810 et
679 770 738 810 eo
786 756 1010 827 amplius
1048 756 1172 809 illuc
1210 755 1523 823 direximuS,
1572 750 1816 809 uidelicet
1851 755 2039 823 legatis
2078 756 2271 810 nostris

320 852 587 907 Bernardo
628 853 844 906 diacono
881 856 1060 905 nostro
1109 855 1161 905 et
1204 851 1331 904 item
1368 850 1636 904 Bernardo
1675 851 1918 919 religioso
1958 850 2274 905 Massiliensi

322 946 527 1003 abbatil
552 979 622 985 —
649 966 803 1018 quem
841 952 1051 1019 captum
1091 964 1204 1001 esse
1243 946 1537 1000 audivimus
1565 977 1631 983 —
1661 963 1758 1001 nec
1795 964 1902 1000 non
1937 951 1989 1001 et
2013 947 2272 1002 universis

319 1044 673 1116 principibusb
701 1049 888 1112 terrae,
915 1049 1025 1098 tam
1052 1042 1415 1097 ecclesiasticis
1444 1060 1601 1112 quam
1627 1042 1947 1097 secularibus
1973 1040 2269 1114 personis²;

319 1141 374 1195 in
414 1141 618 1211 quibus,
659 1141 797 1210 quod
834 1140 984 1194 nobis
1024 1140 1090 1192 ad
1129 1139 1427 1192 evitandam
1468 1139 1645 1193 cedem
1684 1140 1928 1193 incendia
1957 1144 2009 1194 et
2034 1139 2137 1194 alia
2162 1140 2271 1194 bel-

317 1237 489 1290 lorum
533 1237 767 1307 pericula
805 1236 1062 1306 optimum
1110 1238 1161 1288 et
1208 1235 1264 1287 in
1312 1235 1446 1288 tanti
1494 1235 1698 1303 negocii
1742 1234 2055 1290 diffinitione
2092 1236 2271 1290 iustis-

318 1333 509 1386 simum
548 1333 847 1400 videbatur,
889 1348 976 1384 eos
1016 1330 1330 1384 consulendo
1373 1335 1424 1384 et
1461 1330 1718 1385 hortando
1759 1348 1878 1385 cum
1917 1332 2059 1386 omni
2098 1333 2269 1386 studio

317 1430 506 1498 exequi
545 1429 910 1483 admonuimus
950 1432 1018 1496 et,
1058 1431 1117 1480 ut
1151 1427 1340 1480 fortius
1388 1427 1718 1496 insisterent,
1768 1429 2055 1499 apostolica
2093 1432 2269 1483 aucto-

314 1526 471 1580 ritate
508 1525 878 1579 iniuncximus.
1031 1523 1244 1592 Verum,
1286 1524 1410 1592 quia
1446 1523 1596 1577 nobis
1634 1541 1739 1578 non
1779 1525 1907 1578 satis
1942 1529 2270 1595 compertum

315 1625 411 1690 est,
450 1625 627 1675 utrum
667 1621 733 1674 ad
758 1637 850 1673 vos
889 1620 1223 1691 pervenerint
1257 1619 1378 1673 illae
1403 1619 1628 1688 litterae,
1669 1624 1774 1689 aut,
1815 1621 1861 1674 si
1884 1620 2119 1691 perlatae
2145 1623 2266 1692 sint,

314 1734 380 1772 ne
416 1717 552 1771 forte
591 1717 654 1771 de
695 1734 874 1770 earum
911 1716 1133 1769 veritate
1175 1715 1371 1784 aliquid
1410 1716 1684 1785 dubitetiS,
1738 1717 1947 1770 easdem
1985 1718 2161 1787 vobiS,
2203 1718 2267 1773 de

314 1813 508 1866 nostris
548 1811 933 1882 exemplaribus
971 1811 1271 1881 rescriptaS,
1310 1812 1520 1866 mittere
1559 1812 1881 1880 curavimus3
1930 1813 2268 1869 admonentes

315 1925 407 1962 vos
446 1912 499 1962 et
535 1925 629 1978 per
665 1925 845 1961 veram
893 1907 1275 1960 oboedientiam
1323 1908 1732 1978 praecipientes:
1783 1909 1984 1963 11101118θ
2026 1911 2266 1966 omnibus

316 2021 530 2074 operam
568 2004 718 2072 detis,
759 2002 848 2056 ut‘¹
876 2019 1048 2071 causa,
1090 2003 1374 2056 secundum
1413 2005 1724 2058 sententiam
1753 2022 1933 2059 earum
1969 2006 2266 2062 litterarum

312 2103 648 2170 pertractata,
688 2098 846 2152 finem
887 2100 1124 2169 accipiat.

459 2195 697 2249 Misimus
725 2196 883 2249 etiam
910 2196 1057 2249 vobis
1085 2199 1487 2264 sacramentum,
1528 2195 1667 2265 quod
1690 2213 1786 2250 rex
1811 2196 2088 2252 Heinricus
2114 2199 2265 2253 nobis

311 2308 405 2362 per
441 2290 620 2345 fideles
660 2308 780 2345 suos
820 2292 1074 2361 quosdam
1110 2287 1278 2360 fecit³,
1319 2291 1443 2345 data
1481 2291 1690 2360 quidem
1727 2294 1944 2363 propria
1972 2311 2132 2347 manu
2171 2311 2266 2348 sua

308 2387 364 2441 in
412 2404 627 2441 manum
675 2387 878 2441 abbatis
927 2383 1337 2454 Cluniacensis⁴¹3
1387 2391 1447 2440 ut
1499 2388 1729 2458 perlecto
1780 2405 1841 2442 eo
1891 2391 2214 2458 cognoscatis
2228 2399 2263 2460 ⁰,

309 2500 464 2552 quam
503 2487 643 2537 recte
683 2500 943 2552 quamque
981 2483 1197 2537 honeste
1245 2500 1340 2553 pro
1389 2500 1481 2537 suo
1530 2484 1742 2539 nomine
1782 2502 1836 2539 se
1876 2502 2000 2554 erga
2037 2503 2132 2540 nos
2171 2486 2263 2541 ha-

309 2579 497 2633 buerit.
558 2578 761 2649 Quippe
801 2597 832 2632 a
869 2580 1016 2632 cuius
1052 2579 1292 2634 fidelibus
1331 2579 1492 2648 legati
1528 2582 1697 2634 nostri
1725 2585 1910 2651 postea
1936 2583 2078 2653 capti
2114 2587 2260 2651 sunt3

309 2674 552 2728 videlicet
575 2674 830 2729 Geraldus
859 2675 1115 2730 Ostiensis
1143 2677 1417 2746 episcopus
1442 2677 1496 2730 in
1523 2676 1892 2745 Longobardia
1902 2675 1936 2747 ⁵,
1963 2678 2262 2734 Bernardus

309 2770 468 2825 abbas
506 2770 848 2824 Massiliensis
885 2772 942 2825 in
978 2775 1122 2825 terra
1159 2770 1489 2827 Teutonica⁶.
1547 2773 1696 2828 Unde
1736 2791 1854 2828 eum
1892 2774 2054 2828 nichil
2094 2776 2263 2830 adhuc

308 2866 453 2934 digni
478 2867 663 2920 fecisse
693 2868 1045 2935 cognovimus
1106 2867 1433 2936 Quamquam
1470 2886 1565 2923 nos
1604 2887 1874 2940 nunquam
1913 2888 2034 2924 eum
2070 2872 2127 2925 in
2166 2871 2260 2925 ali-

307 2979 411 3032 qua
448 2979 607 3017 causa
632 2962 744 3017 Deo
769 2963 1077 3033 providente
1103 2963 1201 3017 hac
1226 2964 1497 3019 occasione
1522 2970 1705 3019 contra
1742 2966 2002 3020 iustitiam
2039 2968 2259 3021 circum-

421 3142 456 3168 a.
491 3132 630 3180 quippe
666 3135 701 3170 2.
875 3132 912 3170 b.
946 3132 1050 3170 illius
1088 3133 1183 3171 add.
1210 3135 1245 3170 2.
1421 3145 1454 3171 c.
1487 3136 1531 3171 ut
1562 3135 1686 3172 modis
1721 3137 1758 3172 2.
1935 3135 1971 3173 d.
2007 3136 2183 3184 quatinus
2221 3138 2256 3174 2.

306 3210 337 3235 e.
373 3199 585 3245 agnoscatis
614 3201 649 3236 2.
852 3217 857 3221 -

423 3277 463 3320 1.
510 3278 561 3321 L.
591 3278 657 3322 IV
698 3290 768 3334 ep.
801 3278 857 3321 23
896 3290 1034 3333 supra
1071 3290 1115 3333 p.
1139 3276 1239 3320 275.
1436 3279 1477 3321 2.
1524 3279 1576 3322 L.
1607 3278 1673 3323 IV
1712 3292 1782 3335 ep.
1814 3279 1872 3323 24
1913 3292 2050 3337 supra
2087 3293 2130 3336 p.
2153 3281 2254 3325 277.

304 3350 346 3392 3.
381 3350 494 3394 1077
526 3351 621 3394 Ian.
645 3351 726 3408 283
760 3364 896 3407 supra
924 3364 969 3407 p.
993 3350 1093 3394 258.
1222 3351 1264 3394 4.
1296 3351 1517 3407 Hugonis.
1646 3352 1687 3396 5.
1722 3352 1944 3397 Geraldus
1976 3366 2004 3396 a
2032 3353 2255 3411 Dionysio

305 3422 517 3479 episcopo
537 3424 799 3468 Placentino
821 3428 981 3480 captus
1003 3427 1086 3467 est.
1136 3424 1190 3468 V.
1212 3423 1446 3468 Bertholdi
1477 3426 1624 3469 annal.
1649 3427 1761 3470 1077
1795 3430 1842 3470 et
1862 3426 2075 3471 Bernoldi
2101 3426 2254 3471 chron.

306 3495 433 3551 1077,
465 3497 583 3540 Mon.
608 3496 757 3541 Germ.
782 3497 861 3542 SS.
885 3499 927 3543 V
949 3498 1035 3542 290
1057 3497 1224 3540 01433.
1377 3499 1418 3541 6.
1449 3499 1731 3543 Bernardum
1763 3499 1974 3544 abbatem
2005 3501 2253 3545 Massilien-

305 3579 400 3610 sem
432 3567 488 3612 ab
518 3568 730 3614 Udalrico
762 3571 926 3614 comite
947 3570 1287 3626 Lenzburgensi
1318 3575 1500 3627 captum
1531 3585 1645 3629 esse,
1676 3573 1961 3618 tradiderunt
1979 3573 2253 3619 Bertholdus

303 3639 350 3683 111
381 3641 527 3685 annal.
550 3643 663 3687 1077
696 3646 743 3687 et
771 3644 1022 3688 Bernoldus
1052 3644 1099 3688 in
1130 3643 1282 3688 chron.
1307 3645 1435 3702 1077,
1466 3659 1510 3701 p.
1534 3646 1618 3690 297
1642 3649 1688 3689 01
1706 3646 1810 3690 434.
