2730 4198
739 306 1088 345 Bom'rfloms
1127 307 1204 344 AD
1243 305 1470 344 AMICUM
1506 305 1615 342 Lm.
1643 304 1723 341 vn
2093 287 2198 341 667

258 424 405 496 plum
446 423 849 478 conviciatorem
889 440 1039 477 suum
1077 423 1225 494 prius
1265 440 1295 476 a
1331 426 1499 476 morte
1535 419 1804 486 liberavit3
1854 418 2063 487 dehinc,
2111 419 2204 472 vix

259 520 438 575 sedato
465 519 709 588 tumultu,
738 519 992 590 synodum
1020 535 1138 572 cum
1165 518 1435 571 alacritate
1459 516 1756 571 celebravit.
1808 513 2056 583 Sequenti
2081 507 2203 567 vero

259 616 342 670 die
379 615 532 670 litere
559 616 624 669 ab
649 614 1051 668 ultramontanis
1079 614 1337 684 episcopis
1364 629 1535 683 papae
1561 612 1730 665 delate
1757 614 1895 678 sunt,
1936 608 2121 678 quibus
2148 624 2203 662 se

259 728 503 783 peccasse
542 716 594 766 et
633 728 834 765 errasse
873 710 1251 764 confitebantur
1287 709 1598 776 veniamque
1632 705 2042 777 implorabant'3
2082 720 2204 773 pro—

258 808 542 876 mittenteS,
583 824 638 861 se
678 807 922 877 deinceps
959 809 1142 875 utpote
1180 804 1320 874 patri
1359 803 1707 856 obedientiam
1742 801 2054 872 prebituros
2115 798 2207 852 Set

259 920 377 958 cum
429 908 636 974 tempus
684 903 930 971 instaret,
982 917 1082 970 quo
1131 899 1343 953 sinodus
1384 898 1516 951 solvi
1553 897 1842 965 debuisset,
1890 894 2205 949 venerabilis

261 998 559 1068 GregoriuS,
601 999 690 1069 qui
727 1016 822 1070 pro
863 996 1044 1051 ovibus
1085 995 1191 1048 suis
1229 994 1366 1048 mori
1402 996 1620 1064 paratus
1661 996 1790 1061 erat,
1831 991 2053 1045 dedecus
2086 1007 2205 1044 san-

261 1100 375 1150 ctae
399 1095 665 1149 Romanae
704 1093 951 1149 ecclesiae
988 1090 1194 1145 illatum
1232 1107 1338 1144 non
1366 1093 1445 1143 est
1469 1105 1657 1160 passus
1682 1087 1935 1154 inultum3
1978 1090 2059 1141 set
2083 1103 2205 1140 con-

261 1192 377 1246 silio
418 1192 651 1245 omnium
691 1190 1054 1260 episcoporum
1093 1203 1310 1239 numero
1355 1188 1460 1239 110
1497 1201 1691 1253 regem,
1733 1185 1821 1253 qui
1848 1201 1904 1238 se
1930 1201 1994 1238 ex
2022 1183 2205 1237 ovibus

261 1287 457 1342 Christi
492 1304 598 1341 non
637 1285 903 1354 cognovit,
951 1283 1345 1354 principemque
1381 1281 1536 1335 huius
1583 1281 1851 1334 inauditae
1888 1279 2205 1348 rebellioniS,

261 1383 733 1439 excommunicavit
771 1385 824 1435 et
862 1397 894 1434 a
929 1396 1090 1448 regno
1129 1378 1230 1433 Dei
1266 1378 1519 1431 iudicavit
1557 1377 1802 1431 alienum.

408 1479 556 1543 Quod
593 1494 689 1531 nec
725 1493 920 1530 novum
959 1475 1170 1545 quidem
1206 1474 1307 1528 fuit
1343 1490 1440 1528 nec
1477 1472 1901 1544 reprehensibile.

407 1573 834 1645 Reprehensibile
860 1589 966 1626 non
991 1571 1137 1640 fuitb,
1167 1570 1290 1640 quia
1312 1570 1507 1638 regulis
1534 1573 1834 1623 sanctorum
1859 1572 2069 1640 patrum
2087 1585 2208 1639 pre-

260 1671 574 1742 cipientibus
611 1670 824 1723 factum.
884 1667 944 1721 In
971 1666 1345 1721 Calcedonensi
1382 1666 1522 1720 enim
1561 1665 1780 1719 concilio
1795 1662 1824 1734 ¹,
1864 1666 1918 1718 in
1959 1681 2060 1734 quo
2090 1681 2207 1718 sex-

261 1767 398 1822 centi
443 1767 727 1820 interfuere
777 1765 1034 1836 episcopi,
1082 1764 1159 1817 ita
1195 1762 1388 1831 legitur
1427 1762 1490 1815 de
1527 1761 1780 1815 Dioscoro
1819 1761 2205 1815 Alexandrino:

263 1903 275 1917 .
299 1902 312 1917 .
336 1903 349 1917 .
374 1903 387 1917 .
429 1858 707 1935 quoniam²
754 1863 992 1915 secundis
1040 1860 1354 1913 excessibus⁰
1395 1861 1635 1930 priorem
1682 1861 2012 1929 iniquitatem
2057 1858 2209 1911 valde

262 1962 584 2014 transcendit
590 1980 608 2023 ;
627 1960 953 2031 presumpsit
977 1959 1114 2010 enim
1141 1954 1722 2009 excommunicationem
1744 1957 1942 2008 dictare
1961 1955 2208 2007 adversus

261 2059 643 2110 sanctissimum
659 2074 867 2126 papam
885 2048 1139 2107 Leonem²
1166 2092 1178 2105 .
1203 2092 1216 2105 .
1240 2091 1252 2104 .
1277 2091 1290 2104 .
1319 2051 1635 2104 Anatholius
1663 2053 1934 2122 episcopus
1955 2049 2208 2104 Constan-

263 2154 640 2224 tinopolitanus
680 2153 844 2204 dia‘it:
885 2190 914 2215 ,‚
933 2149 1170 2221 Propter
1175 2149 1340 2217 fidem
1364 2166 1470 2201 non
1497 2158 1568 2201 est
1593 2147 1874 2200 damnatus
1896 2147 2206 2213 Dioscorus,

260 2260 335 2303 set
379 2251 506 2320 quia
546 2249 1121 2302 excommunicationem
1142 2245 1282 2315 fecit
1318 2245 1506 2297 domno
1546 2245 1936 2315 archiepiscopo
1975 2243 2145 2296 Leoni
2161 2243 2208 2295 “.·

259 2344 508 2413 Nunquid
545 2343 619 2397 ibi
656 2343 864 2411 legitur,
901 2340 1295 2410 inquisitionem
1332 2339 1525 2393 factam
1551 2339 1736 2393 fuisse:
1775 2343 1952 2392 utrum
1977 2339 2114 2392 iuste
2142 2355 2211 2392 an

259 2440 453 2495 iniuste
472 2439 756 2494 Dioscorus
774 2439 947 2509 ipsam
967 2435 1556 2491 excommunicationem
1576 2435 1855 2490 dictasset?
1889 2434 2007 2488 Non
2027 2433 2207 2505 plane3

263 2540 344 2590 set
382 2535 576 2605 absque
615 2535 758 2589 omni
795 2533 1151 2588 controversia
1186 2532 1286 2585 hoc
1312 2532 1368 2585 in
1400 2548 1458 2585 eo
1486 2531 1695 2585 multati
1722 2535 1868 2585 sunt:
1910 2531 2048 2601 quia,
2089 2547 2209 2585 cum

263 2635 403 2686 esset
437 2632 667 2699 inferior,
705 2631 965 2702 potiorem
1004 2628 1321 2699 quibuslibet
1355 2632 1571 2682 conatus
1599 2632 1678 2682 est
1701 2628 1958 2682 lacessere
1983 2627 2207 2682 iniuriiS.

263 2727 400 2793 Quid
445 2744 569 2781 vero
616 2727 672 2780 in
720 2731 904 2780 octava
951 2720 1182 2795 synodo³
1222 2724 1390 2777 sancti
1435 2728 1613 2794 patres
1663 2741 1821 2794 super
1858 2723 1957 2777 hoc
1993 2723 2208 2791 negocio

264 2819 600 2891 diffinivere⁴,
629 2822 908 2876 advertite:
949 2811 1292 2875 Dominicum
1316 2839 1617 2886 sermonem,
1649 2839 1799 2891 quem
1825 2819 2058 2873 Christus
2084 2838 2208 2872 san-

265 2924 359 2975 ctis
409 2921 659 2992 apostolis
710 2930 756 2972 et
802 2918 1076 2989 discipulis
1116 2920 1224 2970 suis
1264 2919 1423 2982 dimit,
1479 2919 1632 2987 quia.-
1683 2957 1713 2981 „
1732 2916 1841 2983 Qui
1874 2935 1965 2969 vos
2003 2918 2206 2987 recipit,

264 3036 344 3071 me
380 3019 582 3088 recipit,
626 3026 672 3069 et
710 3014 804 3086 qui
839 3033 929 3067 vos
967 3016 1183 3084 spernit,
1222 3031 1304 3065 me
1335 3015 1536 3083 spernit
1551 3013 1598 3078 “,
1640 3014 1712 3065 ad
1738 3031 1910 3065 omnes
1938 3014 2092 3065 etiam
2117 3014 2214 3082 qui

260 3125 383 3185 post
420 3133 503 3167 eos
541 3113 822 3166 secundum
858 3112 1001 3181 ipsos
1024 3109 1173 3179 facti
1209 3119 1330 3162 sunt
1366 3111 1557 3161 summi
1570 3109 1843 3180 pontifices
1870 3119 1918 3161 et
1932 3118 2211 3178 pastorum

261 3212 529 3281 principes
566 3211 625 3261 in
664 3207 912 3260 aecclesia
951 3206 1230 3271 catholica,
1272 3207 1467 3258 dictum
1506 3223 1611 3258 esse
1649 3207 1931 3270 credentes,
1973 3205 2209 3272 definivi-

262 3324 406 3359 mus:
453 3307 708 3359 neminem
735 3320 961 3374 prorsus
998 3297 1186 3354 mundi
1212 3312 1486 3372 potentum
1525 3318 1837 3372 quemquam
1876 3319 2076 3367 eorum,
2119 3302 2214 3371 qui

384 3485 418 3512 a.
451 3472 704 3522 impetrabant
731 3487 761 3509 c.
892 3469 930 3508 b.
965 3469 1038 3507 fuit
1064 3469 1215 3507 addidi.
1346 3480 1378 3507 c.
1416 3469 1622 3507 secundum
1648 3478 1824 3507 excessus
1852 3483 1882 3506 c.

382 3552 423 3596 1.
456 3551 562 3596 anni
590 3551 692 3596 451.
822 3549 864 3593 2.
900 3582 920 3606 „
935 3547 1146 3604 quoniam
1178 3572 1234 3579 ——
1263 3546 1499 3592 Leonem“
1534 3559 1591 3591 ex
1621 3547 1734 3592 actis
1765 3546 1943 3591 concilii
1972 3559 2044 3603 ap.
2065 3546 2211 3591 Mansi

265 3624 332 3670 VI
359 3638 405 3681 p.
428 3625 558 3669 1047.
706 3623 748 3668 3.
790 3622 896 3667 anni
926 3622 1028 3666 869.
1176 3620 1221 3665 4.
1261 3620 1309 3666 in
1337 3620 1524 3678 Regalis
1563 3623 1755 3666 octavae
1792 3620 1977 3679 synodi,
2016 3633 2115 3678 cap.
2138 3621 2209 3677 21,

266 3710 338 3753 ap.
359 3697 506 3742 Mansi
536 3696 672 3742 Conc.
694 3696 807 3743 XVI
834 3709 878 3754 p.
902 3694 1002 3739 174.
2129 3708 2131 3710 ·
2213 3709 2216 3711 Δ

2279 423 2394 467 1076

2232 495 2264 522 c.
2276 483 2385 522 Febr.
2401 484 2447 521 21
