2730 4198
762 284 1112 323 Bom'rnoms
1150 286 1228 322 AD
1267 285 1496 324 AmoUM
1531 286 1641 323 Lm.
1669 285 1728 323 v1
2113 272 2221 325 643

272 398 440 467 Petri,
482 399 547 454 ab
587 400 662 454 eis
702 400 828 454 olim
865 401 1101 470 invasaS,
1142 405 1360 472 excepto
1399 400 1723 470 Benevent0‚
1764 417 1944 454 omnes
1982 401 2104 456 inde
2144 402 2222 456 di·
2254 407 2369 451 1059

272 494 447 549 ciones
496 496 698 566 accepit
745 500 796 550 et
843 514 930 551 eos
979 497 1080 551 sibi
1129 497 1305 550 iurare
1343 498 1525 565 coegit.
1603 497 1676 551 Et
1711 513 1806 567 per
1844 513 1931 550 eos
1971 497 2223 552 citissime
2276 467 2345 505 Μ’

271 589 564 643 Romanam
602 592 786 645 urbem
826 610 857 646 a
895 595 1288 664 capitaneorum
1326 592 1591 646 tirannide
1629 592 1887 646 liberavit.

420 685 557 739 Nam
604 703 710 741 non
757 688 924 742 solum
965 689 1378 744 Tusculanorum
1427 692 1479 741 et
1516 687 1975 741 Prenestineorum
2025 690 2078 740 et
2114 686 2223 740 Nu·
2251 694 2360 732 Febr-

272 785 639 836 mentanorum
675 784 975 854 superbiam
1002 786 1267 839 calcavere
1293 788 1373 837 set
1401 787 1467 851 et,
1496 782 1717 836 Romam
1742 786 2091 851 transeunteS,
2120 780 2223 836 Ga-

271 876 457 931 leriam
496 882 548 932 et
587 880 763 933 omnia
800 885 972 934 eastra
999 881 1202 934 comitis
1230 879 1449 934 Gerardi
1479 895 1644 946 usque
1672 877 1908 931 Sutrium
1932 881 2221 932 vastavere.

273 971 383 1037 Que
419 991 505 1027 res
542 974 833 1030 Romanam
871 977 1054 1030 urbem
1094 994 1125 1030 a
1162 975 1556 1046 capitaneorum
1591 973 1837 1027 liberavit
1874 973 2159 1027 dominatu.

420 1069 517 1124 His
574 1071 650 1124 ita
706 1073 895 1141 gestis,
952 1071 1269 1125 Normannis
1316 1069 1568 1140 Apuliam
1624 1069 2006 1138 remeantibuS,
2063 1069 2226 1138 legati

273 1163 744 1220 Mediolanensium
793 1172 945 1222 orant
987 1184 1210 1238 papam,
1258 1170 1318 1219 ut
1355 1183 1536 1220 eorum
1576 1165 1822 1220 ecclesiae
1860 1165 2095 1219 funditus
2135 1166 2224 1219 de-

274 1260 471 1315 solatae
509 1262 861 1316 misereretur.
920 1262 1088 1316 Huius
1128 1263 1204 1317 rei
1243 1263 1416 1331 gratia
1453 1262 1726 1315 confestim
1754 1261 2066 1316 venerabilis
2093 1279 2224 1332 pon-

272 1356 404 1410 tifex
441 1357 588 1411 misit
622 1357 836 1412 Petrum
862 1359 1111 1413 Damiani
1136 1358 1470 1413 Hostiensem
1509 1359 1829 1429 episcopum,
1867 1357 2043 1411 virum
2081 1358 2224 1411 omni

273 1453 492 1507 scientia
536 1454 827 1524 preditum,
878 1456 968 1525 qui
1006 1456 1263 1527 prefatam
1303 1454 1746 1509 Mediolanensem
1784 1454 2023 1508 visitaret
2061 1453 2224 1507 eccle-

273 1549 420 1602 siam.
481 1548 596 1618 Qui,
638 1567 697 1604 eo
736 1551 967 1620 venienS,
1009 1569 1200 1620 magna
1230 1569 1348 1606 cum
1374 1552 1686 1605 discretione
1713 1567 1790 1619 ea,
1832 1568 1931 1620 que
1958 1550 2225 1604 destructa

270 1644 558 1714 invenerat,
597 1646 947 1701 reedificabat.
1006 1647 1144 1702 Nam
1183 1665 1392 1702 sumens
1433 1647 1728 1701 sacerdotes
1768 1651 1820 1700 et
1847 1646 2052 1716 levitaS,
2094 1663 2223 1717 quos

271 1740 507 1795 invenire
545 1746 754 1812 poterat
789 1743 1165 1813 religiosiores,
1213 1748 1387 1798 castae
1425 1744 1564 1798 vitae
1604 1747 1656 1797 et
1692 1743 1859 1797 bonae
1895 1743 2095 1811 famae,
2136 1743 2226 1812 qui

271 1853 379 1890 non
415 1854 511 1908 per
546 1838 885 1893 venalitatem
925 1844 1264 1911 susceperant
1302 1840 1700 1907 ordinationem,
1742 1839 1841 1893 etsi
1867 1856 1897 1892 a
1923 1840 2224 1909 symoniaco

274 1938 448 1987 essent
484 1933 727 2003 ordinati,
767 1936 1139 1990 reconciliabat
1176 1937 1354 2005 eisque
1394 1935 1665 1990 ecclesiam
1690 1935 1909 1989 tradidit
1932 1935 2226 2003 gubernan-

275 2028 421 2095 dam3
472 2046 538 2082 ex
586 2047 809 2099 quorum
847 2049 1065 2086 numero
1103 2032 1258 2086 multi
1294 2032 1527 2100 religiosi
1564 2048 1728 2100 usque
1768 2031 1835 2084 ad
1872 2036 2053 2085 nostra
2090 2036 2224 2085 tem-

271 2140 402 2194 pora
441 2125 675 2180 extitere.
755 2126 904 2191 Quod
944 2128 1204 2198 aliquibus
1243 2128 1415 2182 visum
1455 2132 1534 2182 est
1572 2127 1858 2199 culpabile,
1900 2128 2224 2198 sapientibus

271 2219 422 2273 valde
467 2219 745 2276 laudabile.
824 2223 959 2287 Quid
1007 2225 1147 2278 enim
1194 2224 1511 2278 laudabilius
1561 2241 1623 2278 ea
1668 2228 1981 2294 tempestate
2019 2228 2227 2294 poterat

270 2315 511 2385 inveniri,
553 2333 710 2385 quam
747 2322 807 2371 ut
844 2319 965 2373 talis
1006 2320 1225 2374 ecclesia
1263 2320 1580 2374 sacerdotio‘·
1620 2337 1723 2373 non
1764 2320 2057 2390 deperiret?

422 2411 514 2466 Set
559 2429 666 2466 non
709 2413 865 2483 longo
905 2420 1026 2486 post
1063 2420 1301 2487 tempore
1341 2416 1678 2484 congregavit
1714 2417 1949 2486 prefatus
1987 2416 2225 2487 pontifex
2253 2434 2344 2482 Apr.

273 2508 545 2577 synodum.
614 2509 674 2562 In
714 2527 818 2580 qua
857 2510 1026 2565 Guido
1064 2512 1470 2566 Mediolanensis
1508 2513 1784 2583 episcopus
1823 2512 2003 2566 volens
2041 2512 2224 2566 nolens

273 2603 486 2672 sedisse,
515 2605 816 2672 cogentibus
836 2605 1115 2677 PateriniS,
1138 2610 1494 2677 cognoscitur3
1524 2609 1716 2662 ducens
1739 2625 1915 2662 secum
1935 2609 2224 2662 cervicosos

272 2703 468 2767 taurOS,
509 2698 882 2768 Longobardos
923 2704 1213 2775 episcopos,
1253 2705 1310 2758 id
1348 2709 1428 2759 est
1466 2704 1810 2758 Cunibertum
1849 2705 2225 2758 Taurinensem

274 2799 327 2848 et
374 2793 663 2849 Giselmum
708 2796 985 2851 Astensem
1037 2803 1090 2853 et
1137 2799 1436 2854 Benzonem
1483 2799 1770 2854 Albensem
1821 2805 1872 2854 et
1911 2799 2224 2869 Gregorium

271 2889 657 2946 Vercellensem
697 2897 749 2946 et
787 2891 1063 2948 Ottonem¹
1087 2895 1464 2949 Novariensem
1503 2899 1555 2949 et
1581 2895 1869 2966 Opizonem
1893 2895 2224 2950 Laudensem

273 2989 325 3040 et
362 2986 752 3042 Aldemannum
788 2988 1171 3044 Brixiensemb.
1226 2990 1422 3054 Quibus
1461 2991 1702 3045 omnibus
1733 2992 1788 3045 in
1817 2992 1998 3046 eadem
2025 2992 2223 3062 synodo

270 3087 577 3155 preceptum
625 3088 729 3154 est,
777 3089 836 3138 ut
874 3085 1170 3140 sacerdotes
1212 3091 1264 3140 et
1299 3086 1485 3141 levitas
1525 3087 1896 3141 concubinatos
1937 3087 2001 3142 ab
2042 3088 2223 3142 altaris

273 3183 511 3234 arcerent
558 3178 744 3233 officio,
821 3180 966 3249 Erga
1013 3182 1340 3252 symoniacos
1378 3200 1502 3237 vero
1541 3183 1770 3237 nullam⁰
1809 3184 2224 3238 misericordiam

271 3273 564 3330 habendam
604 3293 717 3330 esse
756 3275 1140 3331 decreverunt2.

392 3456 425 3482 a.
462 3460 511 3482 an
539 3445 620 3482 sine
648 3445 888 3483 sacerdotio?
1015 3445 1053 3482 b.
1088 3445 1349 3484 Brixinensem
1375 3461 1407 3484 c.
1538 3458 1570 3484 c.
1606 3450 1770 3497 sequitur
1794 3447 1933 3486 habere
1961 3451 1998 3486 in
2026 3449 2111 3486 cod.

390 3522 432 3567 L
463 3523 520 3567 H.
651 3526 693 3568 2.
729 3525 887 3581 „Erga
917 3524 1188 3569 simoniacos
1219 3525 1387 3568 nullam
1419 3525 1772 3570 misericordiam
1803 3527 1850 3570 in
1880 3526 2100 3582 dignitate
2131 3540 2222 3571 ser-

272 3595 423 3640 vanda
452 3595 708 3641 habendam
739 3610 841 3642 esse
872 3596 1155 3642 decernimus
1171 3596 1209 3642 “.
1255 3598 1312 3643 V.
1334 3598 1508 3643 Nicolai
1530 3598 1575 3642 II
1608 3599 1869 3656 „decretum
1901 3602 2058 3645 contra
2088 3600 2222 3645 simo-

272 3667 454 3713 niacos“
488 3682 561 3726 ap.
582 3670 728 3715 Mansi
757 3671 870 3715 XIX
901 3672 1012 3729 8993
1045 3669 1101 3715 cf.
1123 3671 1324 3727 Regesta
1352 3674 1477 3728 pont.
1500 3671 1629 3716 Rom.
1660 3686 1705 3728 p.
1729 3673 1830 3717 386.

1768 3753 1867 3797 41*
