2730 4198
358 405 472 449 1079

327 465 420 502 Nov.
441 465 489 502 25

374 1546 490 1589 1080

366 1606 443 1643 Ian.
465 1607 489 1642 2

519 270 625 323 392
998 280 1273 319 GREGORII
1310 280 1387 316 vn
1426 277 1688 315 REGISTRI
1726 277 1803 314 v11
1834 277 1893 313 ιο.
1921 277 1980 313 11.

519 404 586 468 et,
628 399 764 468 quod
790 399 841 451 in
874 397 1131 466 baptismo
1160 395 1401 465 promisit
1426 424 1493 430 —-
1524 393 1727 446 diabolo
1758 393 1955 447 scilicet
1979 393 2288 464 pompisque
2314 392 2453 448 illius

520 494 890 549 abrenunciare
931 495 981 544 et
1010 492 1065 544 in
1091 491 1260 544 Deum
1299 488 1524 556 credere,
1564 488 1807 542 videlicet
1837 492 1980 542 recta
2006 488 2069 542 de
2096 505 2155 543 eo
2183 489 2453 543 sentiendo

518 589 775 643 mandatis
824 587 989 657 ipsius
1040 586 1280 639 oboedire
1320 615 1383 621 —-
1437 584 1688 637 sollicitus
1737 583 1806 636 sit
1852 583 2130 651 vigilanter
2177 584 2452 638 custodire.

518 685 817 752 Quicunque
858 699 978 751 ergo
1017 682 1193 736 taliter
1230 680 1545 750 poenituerit
1581 709 1649 716 -
1682 678 1924 748 quoniam
1965 678 2141 748 aliter,
2192 680 2454 734 simulatio

517 780 619 834 dici
664 783 860 850 potest,
909 794 1012 831 non
1060 777 1382 848 poenitentia
1420 806 1488 812 —
1530 774 1605 828 illi
1643 777 1975 844 peccatorum
2024 791 2236 828 suorum
2272 776 2456 830 remis-

518 876 716 929 sionem
756 873 1041 944 apostolica
1078 873 1199 927 freti
1239 875 1493 942 potestate
1522 871 1791 939 largimur,
1830 870 2044 939 insuper
2071 875 2310 925 aeternae
2335 871 2456 925 bea-

517 970 755 1024 titudinis
796 969 1010 1038 gaudia,
1052 969 1113 1022 de
1153 968 1521 1038 omnipotentis
1560 967 1657 1020 Dei
1696 965 2054 1019 misericordia
2092 965 2297 1035 confisi,
2337 984 2457 1037 pro-

517 1066 786 1120 mittimus
866 1064 1006 1118 Data
1044 1064 1238 1117 Romae
1280 1065 1308 1117 7
1350 1063 1610 1116 Kalendas
1648 1061 1970 1130 DecembriS,
2009 1061 2292 1116 indictione
2331 1064 2381 1116 3.

517 1235 621 1296 VII
651 1240 679 1295 1
696 1240 747 1295 1.
805 1242 1144 1294 Wratizlaum
1183 1241 1252 1293 II
1297 1242 1475 1293 ducem
1513 1241 1796 1292 Bohemiae
1844 1258 1958 1292 cum
2005 1242 2459 1294 excommunicatis
2500 1283 2502 1285 -

703 1348 1082 1405 conversantem
1106 1338 1379 1405 vituperat.
1434 1336 1578 1389 Vetat
1604 1336 1838 1406 linquam
1860 1335 2225 1390 Sclavonicam
2250 1338 2307 1388 in
2324 1354 2457 1406 pro-

702 1433 948 1484 curandis
986 1434 1150 1483 sacris
1190 1432 1441 1483 adhiberi.
1501 1431 1586 1484 De
1626 1432 1806 1501 leqatis
1846 1433 1917 1483 ad
1954 1450 2007 1483 se
2043 1433 2318 1484 mittendis.

665 1539 944 1608 Gregorius
973 1541 1246 1610 episcopus
1279 1557 1458 1594 servus
1487 1558 1755 1594 servorum
1779 1540 1878 1594 Dei
1903 1540 2187 1595 Wratizlao
2204 1538 2218 1562 ¹
2242 1540 2460 1596 Boemo-

516 1653 721 1688 morum
761 1635 879 1688 duci
918 1636 1140 1688 salutem
1180 1639 1232 1689 et
1270 1636 1609 1705 apostolicam
1647 1636 2076 1690 benedictionem.

627 1790 630 1793 Α
664 1730 973 1783 Huiusmodi
1014 1731 1342 1783 salutationis
1381 1736 1590 1784 nostrae
1617 1732 2058 1800 consuetudinem,
2100 1732 2297 1786 scilicet
2334 1749 2460 1803 apo.-

517 1826 729 1879 stolicae
767 1826 1158 1895 benedictionis,
1200 1824 1342 1879 eam2
1381 1826 1478 1879 tibi
1514 1827 1808 1894 mittenteS,
1855 1844 1960 1879 non
1999 1828 2111 1881 sine
2150 1828 2462 1882 hesitatione

517 1922 671 1975 modo
712 1923 1056 1988 servavimus3
1109 1925 1388 1992 propterea
1436 1922 1572 1991 quod
1610 1922 1802 1976 videris
1850 1923 2310 1978 excommunicatis
2347 1924 2462 1995 ipse

518 2018 913 2071 communicare.
993 2017 1296 2086 Quicunque
1346 2018 1486 2071 enim
1534 2018 1670 2071 bona
1708 2018 2042 2072 ecclesiarum
2080 2019 2361 2088 invadunt,
2406 2019 2462 2073 id

519 2118 598 2167 est
637 2114 747 2167 sine
787 2118 929 2167 certa
964 2113 1177 2167 licentia
1225 2114 1588 2184 episcoporum
1626 2114 1709 2167 vel
1758 2114 2005 2169 abbatum
2052 2114 2331 2185 diripiunt,
2378 2115 2461 2170 vel

520 2209 583 2263 ab
623 2209 797 2279 aliqua
832 2226 1058 2279 persona
1098 2210 1384 2279 accipiunt,
1430 2225 1534 2261 non
1574 2208 1741 2262 solum
1782 2210 1845 2263 ab
1886 2210 2170 2279 apostolica
2207 2211 2328 2264 sede
2364 2211 2462 2265 hoc

518 2309 779 2375 tempore,
828 2321 1010 2358 verum
1049 2305 1209 2358 etiam
1248 2321 1278 2357 a
1315 2304 1494 2357 multis
1534 2305 1728 2358 sanctis
1766 2305 2029 2375 patribuS,
2070 2305 2206 2360 sicut
2241 2306 2298 2359 in
2335 2307 2461 2360 scri-

518 2401 687 2471 pturis
727 2417 905 2455 eorum
943 2401 1286 2470 repperimuS,
1328 2440 1775 2454 .............
1855 2401 2066 2469 Verum,
2105 2405 2366 2470 utcunque
2406 2418 2461 2456 se

518 2513 602 2550 res
641 2496 848 2564 habeat,
889 2495 1043 2549 saluti
1080 2500 1200 2549 tuae
1239 2496 1504 2549 internae⁸
1544 2497 1818 2565 providere
1843 2514 1949 2551 non
1974 2497 2129 2550 modo
2158 2514 2223 2551 ex
2249 2497 2463 2566 antiqua

519 2591 597 2646 tui
636 2591 909 2645 dilectione
947 2608 1232 2660 movemur,
1271 2607 1452 2644 verum
1492 2590 1651 2644 etiam
1691 2609 1756 2645 ex
1787 2593 2015 2663 suscepti
2051 2592 2263 2646 honoris
2300 2592 2461 2647 immo

519 2687 712 2740 laboris
751 2687 944 2740 intuitu
981 2687 1214 2757 profecto
1254 2686 1612 2757 compellimur
1662 2705 1720 2741 eo
1759 2689 1952 2757 magis,
2004 2688 2142 2757 quod
2177 2688 2462 2742 multorum

519 2783 776 2852 profectui
812 2786 905 2836 tua
943 2783 1235 2836 sublimitas
1275 2800 1387 2836 esse
1425 2786 1599 2852 potest
1625 2784 1937 2854 exemplum.
1996 2783 2176 2854 Neque
2203 2785 2339 2838 enim
2368 2784 2464 2840 hoc

520 2878 617 2932 tibi
654 2878 965 2947 relinquitur
1002 2878 1086 2932 vel
1125 2879 1295 2932 dicere
1333 2878 1415 2932 vel
1454 2879 1708 2946 cogitare:
1748 2881 1927 2933 Meum
1963 2900 2069 2934 non
2110 2892 2196 2947 est,
2239 2882 2464 2935 alienam

520 2978 682 3028 vitam
717 2975 798 3027 vel
833 2994 999 3028 mores
1037 2978 1094 3028 in
1132 2976 1494 3046 spiritualibus
1535 2978 1803 3045 anquirere
1836 2979 1942 3029 sive
1967 2979 2305 3048 distrin9er33
2342 2994 2463 3048 pro-

522 3069 604 3123 cul
643 3069 797 3123 dubio
837 3086 1044 3138 nanque
1080 3074 1346 3124 tantorum
1383 3087 1503 3123 reus
1544 3071 1742 3139 existis,
1784 3075 2095 3140 quantorum
2131 3073 2242 3126 vias
2281 3073 2345 3127 ab
2383 3072 2462 3126 in-

521 3165 705 3219 teritus
743 3166 1052 3236 praecipitio
1091 3170 1300 3236 poteras
1327 3166 1539 3220 nolensb
1566 3166 1845 3221 reflectere.
1997 3167 2131 3220 Illud.
2157 3184 2360 3236 quoque
2385 3168 2463 3221 vi-

523 3260 614 3328 gili
652 3264 824 3314 mente
861 3265 1148 3331 pertractes
1188 3266 1418 3332 oportet:
1468 3279 1533 3316 ne
1571 3263 1822 3317 honorem
1859 3267 2007 3317 tuum
2044 3262 2221 3316 divino
2259 3263 2461 3332 honori,

525 3373 614 3409 seu
640 3357 915 3426 pecuniam
941 3374 1234 3428 praeponas
1260 3358 1518 3425 iustitiae3
1559 3376 1677 3427 neu,
1713 3358 1850 3428 quod
1874 3359 1928 3411 in
1954 3361 2006 3411 te
2032 3358 2259 3412 cinerem
2286 3375 2317 3412 a
2342 3358 2463 3413 sub-

525 3450 649 3518 dit0,
688 3452 785 3505 tibi
823 3453 1096 3521 consimili,
1136 3453 1250 3507 fieri
1276 3471 1381 3508 non
1407 3455 1518 3508 sine
1544 3454 1691 3522 gravi
1719 3453 2166 3507 animadversione
2191 3455 2461 3524 patereriS,

525 3545 580 3598 in
618 3550 902 3601 creatorem
928 3552 1075 3602 tuum
1117 3553 1168 3602 et
1206 3550 1437 3602 omnium
1475 3550 1739 3619 praesumi
1767 3549 2141 3617 aequanimiter
2165 3549 2319 3602 feras,
2379 3549 2463 3603 In-

645 3654 684 3696 1.
717 3654 773 3697 H.
894 3657 935 3699 2.
969 3668 1030 3700 sc.
1054 3657 1382 3701 salutationem.
1673 3677 1704 3702 a.
1734 3680 1782 3702 an
1811 3667 2007 3703 aeternae?
2110 3665 2146 3704 b.
2172 3666 2302 3704 volens
2331 3667 2416 3704 cod.
