2722 4172
801 261 1075 301 GREGORII
1111 259 1490 300 ν11·ΒΕο.13ΤΒΙ
1525 260 1548 298 1
1573 260 1635 297 46.
1662 259 1725 296 47.
2161 245 2230 298 65

293 394 412 433 cum
457 379 689 432 exercitu
725 383 899 433 vestro
944 380 1002 433 in
1045 379 1257 434 servitio
1298 379 1464 432 sancti
1500 377 1658 431 Petri.
1734 376 1805 430 Et
1839 375 1938 430 hoc
1971 374 2113 428 idem
2149 392 2233 428 ro-

291 492 474 544 gamus
511 491 604 529 vos
642 493 854 531 monere
893 477 1136 531 comitem
1176 475 1354 530 Sancti
1390 469 1596 542 Egidii¹
1634 477 1686 527 et
1723 489 1960 526 socerum
1997 470 2235 535 Riccardl

293 570 529 643 Capuani
551 573 804 643 principis
833 578 884 627 et
908 569 1217 627 Amideum²
1243 570 1410 624 filium
1433 565 1701 623 Adeleite³
1729 573 2077 638 caeterosque,
2107 584 2233 637 quos

291 669 599 736 cognoscitis
639 670 808 723 sancti
843 668 988 723 Petri
1026 686 1138 723 esse
1175 666 1353 720 fideles
1394 669 1446 719 et
1483 665 1573 734 qui
1612 665 1853 720 similiter
1890 662 2130 725 manibus
2170 663 2236 716 ad

290 764 493 819 coelum
541 766 769 819 extensis
822 765 1125 836 promisere.
1205 762 1262 816 Si
1313 761 1438 831 quid
1483 778 1606 815 vero
1657 766 1828 815 certae
1881 759 2234 830 responsionis

289 861 597 932 prudentiae
622 866 826 916 vestrae
859 862 1008 916 nobis
1033 860 1206 931 placet
1228 858 1512 926 remittere,
1543 875 1638 928 per
1666 874 1784 911 eum
1812 857 2060 910 nuncium
2085 855 2234 910 nobis

290 957 552 1027 mandate,
593 958 683 1027 qui
719 958 888 1017 modis
914 957 1152 1011 omnibus
1178 972 1273 1009 nos
1299 954 1486 1008 reddat
1514 953 1782 1021 indubios3
1823 957 1875 1007 et
1899 953 2040 1007 idem
2063 956 2235 1007 vester

290 1053 510 1107 nuncius
548 1054 726 1108 veniat
772 1071 867 1124 per
913 1054 1233 1107 comitissam
1278 1051 1595 1120 Beatricem,
1655 1067 1787 1121 quae
1833 1066 1953 1103 cum
2001 1045 2139 1103 filia⁴
2186 1054 2237 1103 et

291 1147 509 1219 genero⁵
547 1151 604 1203 in
639 1150 738 1204 1100
774 1150 981 1218 negotio
1019 1149 1258 1204 laborare
1295 1152 1557 1220 procurat.
1612 1146 1762 1201 Hanc
1797 1150 1973 1200 autem
2009 1146 2236 1200 militum

290 1245 679 1300 multitudinem
723 1263 829 1299 non
875 1246 991 1300 ideo
1039 1262 1343 1300 coacervare
1393 1261 1661 1314 curamuS,
1710 1248 1770 1298 ut
1817 1244 1883 1297 ad
1933 1242 2235 1298 effusionem

255 1342 558 1410 'sanguinis
606 1341 1009 1396 christianorum
1056 1343 1416 1411 intendamuS,
1469 1341 1561 1395 sed
1598 1344 1658 1414 ut
1694 1341 1822 1411 ipsi,
1872 1340 2107 1394 videntes
2147 1356 2236 1393 ex·

287 1438 622 1509 peditionem,
664 1438 784 1492 dum
813 1437 1089 1508 confligere
1114 1439 1401 1508 timuerint,
1440 1437 1645 1491 facilius
1674 1437 1962 1491 subdantur
1980 1436 2233 1506 justitiae.

290 1533 571 1606 Speramus
611 1535 787 1604 etiam,
828 1535 967 1606 quod
1003 1536 1226 1590 forsitan
1264 1535 1369 1589 alia
1391 1535 1515 1589 inde
1549 1534 1749 1588 utilitas
1777 1534 1999 1587 oriatur:
2042 1532 2238 1586 scilicet

287 1635 370 1700 ut,
416 1632 616 1703 pacatis
654 1631 986 1701 NormanniS,
1027 1637 1353 1686 transeamus
1392 1630 1901 1702 Constantinopolim
1938 1630 1995 1683 in
2035 1629 2237 1683 adiuto-

287 1729 424 1782 rium
472 1728 897 1797 christianorum,
951 1730 1065 1798 qui,
1113 1730 1335 1783 nimium
1385 1728 1566 1782 afflicti
1611 1728 1939 1782 creberrimis
1977 1727 2236 1781 morsibus

290 1823 694 1894 Saracenorum,
743 1826 972 1879 inianter
1008 1824 1273 1894 flagitant,
1324 1829 1384 1879 ut
1421 1825 1521 1879 sibi
1568 1841 1780 1877 manum
1820 1825 2015 1878 nostri⁰
2056 1823 2238 1878 auxilii

287 1922 633 1992 porrigamus
710 1922 848 1975 Nam
895 1925 1076 1975 contra
1123 1938 1209 1975 eos
1256 1921 1613 1990 NormannOS,
1675 1922 1763 1992 qui
1820 1922 1969 1976 nobis
2018 1921 2236 1975 rebelles

290 2019 426 2087 sunt,
468 2019 594 2072 satis
623 2017 886 2072 sufficiunt
911 2019 1104 2071 milites
1130 2018 1236 2086 isti,
1279 2019 1368 2087 qui
1392 2019 1664 2072 nobiscum
1692 2023 1826 2073 sunt.
1885 2018 2069 2072 Certus
2097 2018 2235 2071 enim

289 2118 416 2183 estc,
459 2115 706 2184 quoniam
743 2119 794 2169 te
835 2119 887 2168 et
925 2131 1119 2183 omneS,
1163 2115 1251 2183 qui
1284 2119 1456 2168 tecum
1482 2115 1538 2168 in
1563 2115 1661 2169 hac
1687 2115 2017 2186 expeditione
2041 2114 2249 2177 fuerint¹

286 2210 516 2279 fatigati,
576 2211 772 2281 duplici
818 2212 978 2265 immo
1026 2211 1305 2281 multiplici
1351 2213 1797 2281 remuneratione,
1853 2216 1912 2265 ut
1959 2211 2233 2279 credimuS,

286 2305 471 2361 Petrus
513 2312 564 2361 et
600 2307 793 2361 Paulus
831 2308 1096 2379 principes
1137 2307 1489 2379 apostolorum
1531 2308 1813 2363 donabunt.
1874 2308 2015 2362 Data
2039 2307 2235 2361 Romae

287 2404 324 2456 4
357 2403 533 2460 Nonas
570 2403 860 2474 Februarii,
898 2405 1181 2459 indictione
1225 2407 1306 2459 12.

288 2573 314 2635 Ῑ
345 2578 449 2636 47.
491 2583 799 2637 Mathildem
835 2585 1088 2652 hortatur,
1129 2597 1187 2639 ut
1225 2585 1590 2638 eucharistiam
1612 2584 1923 2655 frequenter
1948 2595 2119 2638 sumat
2155 2595 2231 2638 to-

492 2689 697 2749 tamque
733 2699 785 2733 se
826 2681 883 2735 S.
912 2683 1123 2736 [Mariae
1161 2680 1488 2736 committatb.

438 2786 717 2856 Gregorius
745 2791 1016 2863 episcopus
1044 2811 1224 2847 servus
1252 2810 1521 2847 servorum
1547 2791 1673 2845 Ι)01θ
1701 2792 1919 2846 dilectae
1943 2792 2000 2845 in
2027 2791 2232 2846 Christo

286 2882 424 2939 filiae
461 2884 701 2940 Mathildi
738 2886 959 2941 salutem
997 2894 1049 2942 et
1087 2891 1427 2960 apostolicam
1463 2889 1891 2943 benedictionem.

436 2981 641 3046 Quanta
690 2983 758 3036 sit
803 2984 932 3040 mihi
979 3001 1103 3038 cura
1153 2991 1450 3056 quantaque
1491 2987 1812 3040 incessanter
1851 2985 1914 3038 de
1952 2989 2004 3038 te
2041 2988 2233 3054 tuaque

288 3077 484 3132 saluted
523 3066 831 3148 sollicitudO,
870 3080 984 3150 ipse
1023 3081 1179 3151 301113,
1221 3084 1309 3151 qui
1347 3079 1516 3137 cordis
1554 3082 1779 3135 archana
1804 3082 2040 3149 rimatur,
2079 3081 2233 3134 intel-

285 3174 402 3243 ligit
440 3180 491 3229 et
528 3176 691 3230 multo
732 3176 917 3230 melius
955 3194 1038 3230 me
1076 3177 1190 3248 ipso
1219 3180 1522 3247 cognoscite.
1585 3179 1664 3231 Tu
1701 3182 1894 3245 tamen,
1936 3178 1980 3230 si
2000 3195 2231 3248 ,pensare

389 3319 422 3344 a.
455 3309 572 3345 vestri
600 3324 630 3346 c.
757 3309 794 3355 b:
822 3312 976 3361 Legitur
994 3312 1104 3347 eliam
1133 3309 1170 3356 2)
1189 3325 1248 3358 ap.
1268 3313 1487 3348 Udalricum
1509 3311 1738 3360 Bobenberg.
1758 3326 1793 3346 n.
1811 3309 1896 3355 157,
1925 3311 2094 3347 Eccardi
2120 3313 2227 3358 (ἴση).

286 3374 369 3411 hist.
397 3376 441 3411 II
471 3376 566 3420 166,
608 3373 645 3422 3)
673 3377 806 3426 aliqua
841 3392 887 3414 ex
916 3385 1026 3424 parte
1062 3391 1123 3423 ap.
1153 3379 1344 3427 Hngonem
1379 3379 1613 3430 Flaviniac„
1649 3380 1754 3413 IWIon.
1779 3379 1897 3413 Germ.
1920 3377 1988 3414 SS.
2014 3378 2111 3414 VIII
2142 3378 2230 3414 46‘2.

287 3449 318 3476 0.
347 3439 487 3477 Christi
514 3443 549 3478 2.
680 3442 717 3478 d.
743 3454 783 3479 re
812 3444 845 3479 2.
979 3454 1011 3479 e.
1039 3441 1209 3488 agnoscit
1236 3443 1271 3478 2.

404 3520 444 3563 1.
477 3520 792 3578 Raimundum,
823 3525 984 3577 postea
1013 3522 1077 3565 IV
1109 3521 1319 3564 comitem
1352 3521 1641 3565 Tolosanum.
1772 3522 1813 3565 2.
1846 3521 1890 3564 II
1920 3522 2128 3565 comitem
2151 3520 2228 3565 Sa—

286 3590 492 3637 baudiae.
642 3595 683 3638 3.
725 3595 979 3639 comitissae
1011 3594 1316 3638 Taurinensis.
1465 3595 1508 3639 4.
1553 3594 1771 3638 Mathildi.
1921 3596 1962 3639 5.
1996 3594 2229 3640 Gotefrido

287 3665 501 3724 Gibboso,
533 3667 647 3712 duce
678 3668 996 3724 Lotharingiae
1026 3667 1261 3712 inferioris.

358 3746 487 3789 June,
515 3750 749 3785 Bibliotheca
775 3752 818 3785 11.
1817 3750 1845 3793 5

2281 380 2394 423 1074

2220 471 2230 481 .
2261 439 2368 477 Febr.
2387 442 2411 478 2

2296 2800 2410 2843 1074

2262 2860 2368 2898 Febr.
2390 2862 2436 2899 16
