2730 4198
794 271 1069 311 GREGORII
1106 272 1184 308 V11
1221 270 1485 308 REGIs'rRI
1522 270 1601 306 vn
1627 268 1689 304 21.
2104 251 2213 303 413

272 395 488 462 excepto
528 421 597 427 —
639 388 891 457 singulari
931 405 1106 442 amore
1143 387 1294 441 illum
1331 387 1480 440 nobis
1509 384 1926 456 amplectendum
1952 381 2215 435 iudicave-

270 489 451 542 rimus.
511 485 591 539 De
629 486 775 539 cuius
814 502 910 537 nos
950 479 1122 537 obitu¹
1149 483 1480 537 vehementer
1519 481 1841 549 nimiumque
1869 478 2119 545 dolenteS,
2159 480 2218 529 ut

271 585 446 655 ipsum
491 582 588 636 tibi
635 597 897 651 proponas
946 579 1271 649 exemplum,
1319 578 1558 631 volumus
1606 577 1876 629 hortamur
1923 575 2217 641 iterumque

271 695 568 744 monemus3
610 677 854 746 quatinus
892 676 1013 728 inde
1051 675 1222 745 possis
1262 677 1569 727 ornamenta
1598 673 1848 725 virtutum
1877 667 2216 740 propagando

274 775 506 842 educere,
535 773 673 826 unde
699 771 891 826 videris
918 770 1230 824 nobilissimi
1257 768 1526 836 sanguinis
1553 767 1748 821 lineam
1773 766 1998 820 trahere.
2113 762 2218 816 De-

271 871 432 940 nique
457 869 687 937 cogitare
714 868 869 922 debes
899 872 951 921 et
974 867 1253 935 vigilanter
1278 863 1629 934 perpendere:
1670 862 1799 915 haec
1826 866 2035 915 terrena
2061 875 2216 928 quam

273 966 469 1021 caduca
508 970 560 1019 et
593 964 782 1018 frivola
808 964 928 1032 sint,
970 979 1123 1031 quam
1151 962 1472 1014 incessanter
1499 959 1565 1011 ad
1592 974 1831 1012 occasum
1859 960 2045 1009 cuncta
2069 953 2217 1008 festi-

273 1067 414 1131 nent,
452 1066 512 1115 ut
550 1061 624 1115 eis
659 1058 915 1114 confidere
941 1058 1087 1112 nulla
1113 1056 1369 1110 stabilitas
1397 1054 1630 1122 suadeat,
1670 1058 1729 1107 ut
1753 1054 1809 1106 in
1834 1052 1939 1105 illis
1966 1049 2219 1104 habendis

273 1158 431 1212 timor
468 1156 732 1210 horribilis
779 1155 955 1209 lateat.
1015 1153 1203 1222 Sicque
1252 1151 1487 1219 fugitivis
1525 1149 1899 1220 perspicaciter
1939 1147 2129 1216 agnitis
2169 1151 2222 1200 et

276 1254 540 1324 sapienter
578 1251 853 1322 despectiS,
891 1250 1088 1320 poteris
1130 1248 1194 1301 ad
1232 1247 1325 1300 illa
1364 1245 1573 1300 stabilia
1608 1250 1660 1300 et
1685 1245 2004 1315 sempiterna
2029 1242 2220 1296 mentis

276 1366 494 1404 acumen
533 1348 836 1415 extendere,
884 1362 1015 1415 quae
1055 1344 1122 1398 ad
1160 1360 1272 1397 sese
1312 1343 1593 1397 obtinenda
1632 1342 1862 1395 animum
1901 1345 2049 1394 tuum
2087 1338 2221 1391 invi-

275 1449 389 1501 tent
438 1449 490 1499 et
528 1444 594 1498 ad
633 1460 764 1513 quae
804 1441 1215 1512 concupiscenda
1253 1439 1508 1493 bonorum
1547 1442 1599 1492 te
1639 1436 1880 1507 exempla
1919 1434 2219 1489 accendant.

277 1541 418 1595 Inter
456 1545 687 1595 caeteras
728 1555 850 1607 ergo
877 1538 1114 1605 virtuteS,
1155 1553 1283 1605 quas
1313 1535 1486 1588 animo
1514 1539 1603 1588 tuo
1629 1532 1912 1587 imitandas
1939 1530 2220 1598 censueriS,

278 1637 613 1693 ecclesiarum
652 1635 1006 1689 defensionem
1044 1633 1099 1686 in
1138 1636 1311 1686 mente
1350 1636 1442 1685 tua
1478 1631 1717 1685 volumus
1758 1629 2003 1695 eminere,
2051 1643 2222 1680 sacer-

278 1733 466 1787 dotalis
507 1732 704 1786 ordinis
741 1730 1088 1784 reverentiam
1126 1728 1426 1799 proximum
1464 1728 1638 1780 locum
1683 1730 1889 1793 tenere,
1938 1740 1998 1777 ac
2037 1721 2223 1776 deinde

279 1829 534 1883 iustitiam
575 1832 627 1881 et
663 1825 1076 1880 misericordiam
1112 1824 1169 1876 in
1208 1824 1406 1877 cunctis
1433 1827 1491 1877 te.
1511 1823 1718 1876 iudiciis
1747 1821 1969 1874 discrete
1996 1835 2220 1873 servare.

429 1923 563 1976 Illud
599 1923 799 1976 interea
836 1938 942 1974 non
979 1919 1434 1990 praetereundum,
1476 1919 1568 1972 sed
1593 1934 1909 1988 magnopere
1938 1914 2225 1986 apostolica

279 2019 642 2074 interdictione
689 2016 1071 2088 prohibendum
1107 2016 1340 2083 videtur,
1391 2015 1529 2084 quod
1567 2015 1630 2068 de
1668 2017 1820 2082 gente
1859 2016 2036 2067 vestra
2072 2009 2223 2064 nobis

281 2115 531 2169 innotuit:
572 2113 768 2167 scilicet
804 2129 896 2166 vos
935 2112 1302 2182 intemperiem
1327 2115 1641 2180 temporum,
1681 2109 2040 2179 corruptiones
2070 2106 2222 2174 aeriS,

282 2226 614 2280 quascunque
652 2208 920 2262 molestias
960 2224 1236 2277 corporum
1264 2206 1331 2259 ad
1358 2206 1687 2260 sacerdotum
1713 2204 1893 2274 culpas
1920 2203 2221 2257 transferre.

280 2305 428 2370 Quod
467 2321 624 2374 quam
662 2320 819 2371 grave
849 2307 1121 2373 peccatum
1148 2303 1233 2371 sit,
1274 2318 1338 2356 ex
1365 2318 1424 2355 eo
1451 2300 1650 2369 liquido
1677 2300 1896 2371 potestis
1925 2300 2221 2353 advertere:

280 2401 418 2472 quod
455 2400 627 2454 Iudeis
666 2400 824 2453 etiam
863 2398 1218 2452 sacerdotibus
1251 2399 1363 2469 ipse
1390 2397 1620 2451 salvator
1656 2401 1851 2465 noster,
1889 2396 2038 2466 lepra
2076 2411 2224 2449 cura-

278 2501 360 2551 tos
386 2498 460 2551 eis
487 2496 758 2564 mittendo,
790 2495 1041 2549 honorem
1068 2494 1363 2548 exhibuerit
1373 2490 1408 2563 ²,
1437 2493 1725 2562 ceterisque
1752 2492 2066 2546 servandum
2093 2507 2222 2558 esse,

281 2609 414 2663 quae
438 2592 518 2646 illi
543 2593 812 2660 dixissent,
852 2588 1170 2662 praecepit³;
1212 2607 1330 2644 cum
1361 2590 1593 2661 profecto
1621 2588 1799 2658 vestri,
1841 2587 2225 2658 qualescunque

278 2689 585 2757 habeantur,
623 2691 801 2742 tamen
837 2687 942 2741 illis
979 2687 1133 2755 longe
1171 2687 1277 2740 sint
1314 2686 1572 2740 meliores
1648 2684 1978 2755 Quapropter
2017 2687 2225 2754 aposto-

278 2785 381 2840 lica
419 2785 728 2838 auctoritate
765 2783 1142 2854 praecipimus:
1182 2786 1256 2851 ut,
1296 2782 1431 2836 hanc
1465 2782 1769 2852 pestiferam
1796 2780 2225 2835 consuetudinem

280 2882 344 2935 de
381 2897 542 2949 regno
580 2885 753 2934 vestro
791 2880 1026 2933 funditus
1066 2880 1406 2949 extirpanteS,
1446 2878 1767 2948 presbyteris
1807 2882 1858 2930 et
1895 2876 2096 2930 clericis
2131 2875 2224 2928 ho-

280 2994 407 3032 nore
453 2981 506 3030 et
553 2976 847 3030 reverentia
893 2975 1064 3044 dignis
1112 2978 1316 3028 tantam
1364 2974 1735 3028 contumeliam
1783 2976 1965 3026 contra
2003 2971 2226 3025 salutem

281 3078 510 3128 vestram
547 3073 767 3127 ulterius
806 3089 911 3125 non
947 3071 1296 3142 praesumatis
1334 3070 1555 3139 inferre,
1606 3069 1840 3124 volentes
1881 3068 1955 3123 eis
1995 3067 2225 3122 occultas

282 3169 445 3224 divini
480 3169 660 3223 iudicii
698 3185 881 3223 causas
919 3168 1205 3238 imponere.

426 3265 672 3319 Preterea
708 3265 764 3318 in
802 3264 1064 3331 muliereS,
1104 3262 1168 3317 ob
1209 3261 1425 3316 eandem
1465 3277 1678 3314 causam
1713 3259 1872 3313 simili
1895 3259 2224 3313 immanitate

282 3360 492 3416 barbari
528 3361 661 3415 ritus
701 3354 1009 3429 damnatas,
1053 3359 1330 3428 quicquam
1367 3357 1655 3427 impietatis
1693 3356 1921 3410 faciendi
1958 3355 2104 3410 vobis
2143 3354 2224 3408 fas

283 3474 414 3527 esse,
440 3457 602 3512 nolite
627 3460 829 3528 putare.
872 3455 976 3511 Sed
1001 3456 1176 3526 potius
1203 3454 1403 3522 discite,
1434 3452 1643 3507 divinae
1669 3452 1883 3506 ultionis
1911 3451 2223 3506 sententiam

401 3588 441 3632 1.
473 3586 613 3632 Suein
640 3587 685 3631 Π
714 3586 828 3632 obiit
857 3587 972 3631 1076
1002 3584 1113 3643 Apr.
1136 3585 1207 3630 28.
1247 3585 1304 3630 V.
1327 3583 1583 3628 Dahlmann
1614 3581 1778 3627 Gesch.
1810 3594 1902 3628 von
1931 3581 2226 3627 Dannemark

282 3659 305 3706 1
336 3660 435 3705 190.
581 3661 623 3705 2.
655 3659 812 3705 Matth.
834 3661 877 3718 8,
898 3660 948 3717 43
981 3659 1117 3704 Marc.
1145 3660 1185 3715 1,
1206 3658 1278 3702 44.
1428 3658 1472 3702 3.
1503 3655 1662 3702 Mat-th.
1685 3656 1755 3713 23,
1778 3657 1819 3701 3.

2266 386 2377 429 1080

2244 446 2302 493 Ap
2306 458 2335 482 r.
2356 446 2404 482 19
