2730 4198
786 267 1062 306 GREGoRn
1097 270 1176 305 vn
1213 268 1479 307 REGISTRI
1515 270 1551 305 v
1579 268 1639 305 14.
1666 268 1757 305 1422.
2135 256 2241 309 305

296 399 450 450 agere
488 383 648 452 cupit,
687 383 847 437 immo
887 402 942 438 se
982 402 1177 454 suaque
1217 385 1392 438 omnia
1431 384 1526 438 sub
1562 384 1729 438 tutela
1760 384 1896 438 sedis
1924 385 2241 454 apostolicae
2290 392 2403 436 1078

294 478 563 532 constituit
599 509 668 515 —
710 484 962 548 quantum
1007 481 1107 534 sibi
1151 482 1287 534 iuste
1334 481 1608 534 subvenire
1646 480 1872 534 Domino
1921 480 2235 534 concedente
2271 452 2347 488 Μ’
2370 454 2419 490 2⁹

292 591 586 644 possumuS,
622 591 729 628 non
768 575 1099 644 denegamus„
1158 577 1363 630 Interea
1389 576 1675 646 apostolica
1700 576 2098 630 mansuetudine
2124 581 2235 630 tam

293 686 385 724 vos
418 672 579 738 *quam
615 674 838 740 ceterOS,
892 672 1182 742 ubicunque
1220 672 1603 742 possessionem
1640 671 1820 739 habet,
1869 689 2141 725 monemus
2185 676 2237 726 et

294 766 602 819 auctoritate
647 808 845 820 ......
864 771 879 789 ‘²
926 768 1302 837 praecipimus:
1352 771 1410 820 ut
1455 783 1662 820 omnem
1706 767 1957 820 honorem
2003 784 2235 821 omnem-

294 878 392 930 que
429 863 773 916 reverentiam
814 863 914 916 sibi
953 863 1196 916 exhibere
1226 879 1331 915 non
1362 862 1645 930 denegetiS,
1687 878 1746 915 ac
1782 879 1900 915 eum
1928 878 2045 915 cum
2074 865 2240 917 omni-

292 957 406 1026 bus,
446 975 578 1027 quae
617 976 711 1011 sua
749 963 885 1027 sunt,
924 962 1035 1012 tute
1074 963 1127 1012 et
1164 958 1275 1011 sine
1316 958 1456 1010 omni
1496 957 1737 1011 molestia
1763 974 1854 1011 seu
1879 959 2239 1027 inquietudine

291 1070 502 1107 manere
541 1054 880 1124 permittatis3
930 1055 1179 1122 scienteS,
1231 1053 1396 1122 quod,
1446 1053 1491 1106 si
1530 1053 1682 1106 aliter
1718 1054 1946 1107 feceritis
1988 1085 2056 1091 —
2100 1056 2240 1124 quod

291 1166 396 1202 non
434 1150 692 1203 credimus
732 1180 801 1186 —-—
842 1166 902 1203 ac
941 1151 989 1204 ei
1026 1150 1277 1203 honorem
1314 1150 1764 1218 reverentiamque
1791 1150 2158 1204 subtraxeritis
2188 1156 2240 1205 et

293 1262 413 1299 eum
450 1250 502 1299 et
540 1262 672 1314 quae
712 1263 806 1299 sua
844 1250 966 1299 sunt
1004 1246 1177 1313 quiete
1216 1250 1269 1299 et
1297 1262 1475 1299 secure
1503 1262 1716 1299 manere
1741 1246 1960 1300 minime
1987 1247 2240 1317 permise-

290 1341 424 1410 ritis,
464 1342 540 1395 ita
577 1342 632 1394 in
669 1359 778 1409 VOS,
821 1342 954 1395 sicut
991 1341 1047 1395 in
1085 1341 1260 1396 hostes
1299 1347 1508 1395 nostros
1549 1346 1600 1395 et
1639 1342 1955 1412 apostolicae
1983 1343 2120 1396 sedis
2150 1343 2239 1395 ad-

294 1437 577 1505 versariOS,
626 1437 910 1490 vindictam
959 1442 1011 1491 et
1059 1437 1372 1508 apostolicae
1421 1438 1633 1491 ultionis
1677 1438 1909 1506 gladium
1949 1455 2236 1492 exeremus,

291 1532 398 1586 Nos
436 1550 558 1587 vero
608 1549 727 1586 cum
775 1533 1042 1603 praedicto
1082 1534 1194 1587 viro
1237 1533 1475 1587 Sanzone
1513 1534 1626 1588 Deo
1676 1535 1889 1588 iuvante
1926 1534 2030 1587 tale
2070 1534 2239 1587 consi-

290 1628 421 1681 lium
467 1629 886 1698 adinveniemus,
939 1629 1078 1699 quod
1121 1630 1287 1683 honor
1324 1635 1528 1683 vestrae
1567 1631 1815 1684 ecclesiae
1855 1634 1907 1683 et
1943 1630 2144 1683 utilitas
2183 1630 2238 1682 in

292 1725 532 1778 omnibus
579 1725 765 1778 melius
815 1743 971 1794 quam
1013 1726 1164 1779 solito
1204 1727 1414 1794 vigebit.
1492 1726 1631 1779 Data
1669 1726 1864 1780 Romae
1902 1728 1937 1778 4
1976 1725 2240 1779 Kalendas

294 1819 583 1888 Februarii,
623 1821 906 1875 indictione
951 1826 995 1874 l.

292 1989 344 2052 V
377 1994 454 2051 14
474 2010 524 2052 a.
560 1997 697 2051 Acta
739 2000 951 2081 consilii
989 2000 1235 2052 Romani.

1073 2108 1454 2162 Concilium.

439 2202 594 2255 Anno
625 2203 688 2256 ab
715 2204 1074 2257 incarnatione
1094 2204 1310 2257 Domini
1334 2204 1611 2257 millesimo
1633 2204 2014 2274 septuagesimo
2037 2208 2236 2271 octav0,
2299 2214 2414 2257 1078

291 2296 623 2367 pontificatus
672 2316 795 2352 vero
844 2300 1023 2352 domni
1063 2299 1301 2368 Gregorii
1348 2317 1515 2371 papae
1562 2300 1772 2369 septimi
1822 2317 1957 2352 anno
1998 2302 2057 2368 ὃ,
2105 2300 2236 2352 cele-
2264 2274 2374 2368 Febf'
2398 2275 2446 2310 ²⁷

291 2393 464 2447 bravit
507 2394 620 2464 ipse
667 2395 888 2448 domnus
929 2395 1210 2463 Gregorius
1251 2413 1390 2466 papa
1429 2396 1711 2466 synodum,
1761 2396 1852 2449 ubi
1889 2395 2239 2449 interfuerunt
2279 2376 2387 2413 Mart·
2411 2378 2432 2412 3

293 2490 672 2560 archiepiscopi
717 2496 769 2544 et
815 2492 1048 2562 episcopi
1096 2492 1422 2546 diversarum
1471 2492 1679 2545 urbium
1716 2491 1825 2545 fere
1862 2509 2080 2544 numero
2120 2508 2239 2544 cen-

292 2589 420 2652 tum,
460 2602 556 2638 nec
593 2603 699 2638 non
738 2591 789 2639 et
829 2587 1073 2641 abbatum
1114 2605 1172 2641 ac
1211 2588 1537 2642 diversorum
1578 2587 1819 2640 ordinum
1855 2587 2160 2641 clericorum
2188 2592 2240 2641 et

292 2680 545 2734 laicorum
582 2681 978 2736 innumerabilis
1018 2684 1314 2737 multitudo.
1374 2684 1434 2737 In
1475 2701 1592 2753 qua,
1635 2683 1921 2753 apostolica
1958 2684 2240 2736 constituta

293 2767 649 2844 corroboranS,
689 2778 855 2830 multa
893 2795 1024 2847 quae
1063 2780 1370 2848 corrigenda
1408 2784 1559 2834 erant
1597 2779 1824 2833 correxit
1864 2783 1915 2832 et
1954 2795 2086 2848 quae
2126 2795 2238 2832 cor-

291 2871 585 2939 roboranda
621 2871 865 2926 firmavit.

442 2967 581 3021 Inter
619 2972 824 3021 caetera
861 2985 1069 3038 nanque
1106 2970 1161 3022 in
1198 2969 1301 3023 fine
1331 2969 1595 3040 synodalis
1625 2969 1963 3023 absolutionis
1990 2969 2117 3022 haec
2145 2986 2236 3021 an-
2265 2991 2373 3028 Mart.
2394 2992 2415 3027 3

293 3064 490 3132 nexuit,
532 3068 583 3117 et
619 3068 904 3134 perpetuae
942 3065 1226 3118 memoriae
1264 3081 1359 3134 pro
1398 3065 1623 3134 posteris
1651 3064 1925 3118 scribenda
1949 3064 2234 3131 mandavit,

292 3159 368 3212 ita
407 3159 648 3213 dicendo:
698 3161 988 3235 Tedaldum
1027 3162 1222 3214 dictu-m
1248 3162 1697 3231 archiepiscopum
1723 3161 2165 3212 Mediolanensem
2192 3171 2238 3212 et

295 3257 650 3310 Ravennatem
701 3255 1033 3321 Guibertum,
1093 3258 1338 3309 inaudita
1391 3257 1559 3308 heresi
1605 3266 1650 3308 et
1695 3256 1942 3325 superbia
1989 3257 2235 3307 adversus

295 3351 427 3402 hanc
474 3363 706 3405 sanctam
744 3354 1050 3405 catholicam
1089 3352 1351 3403 ecelesiam
1389 3369 1441 3402 se
1480 3351 1795 3415 extollentes,
1845 3351 1909 3402 ab
1952 3351 2240 3421 episcopali

297 3449 504 3498 omnino
553 3450 915 3518 suspendimus
964 3459 1011 3500 et
1046 3447 1360 3499 sacerdotali
1398 3446 1598 3515 offici03
1647 3455 1694 3497 et
1731 3446 1856 3497 olim
1892 3447 2001 3497 iam
2023 3445 2236 3514 factum

295 3542 569 3595 anathema
623 3563 780 3614 super
827 3547 970 3615 ipsos
1015 3546 1339 3595 innovamus.
1490 3540 1782 3609 Arnuffum
1831 3539 2234 3606 Oremomnsem,

411 3670 444 3695 a.
477 3659 579 3696 beati
602 3659 705 3696 Petri
729 3661 914 3698 excidisse
939 3660 1094 3698 videtur.

370 3727 500 3770 June,
528 3731 765 3767 Bibliotheca
790 3733 837 3767 11.
1824 3728 1882 3771 20
