2730 4198
368 812 480 855 1079

358 871 451 908 Νον.
474 872 497 907 2

370 3450 483 3493 1079

360 3509 454 3546 Nov.
478 3511 501 3546 2

526 296 631 349 388
1029 305 1302 345 GREGORII
1342 306 1417 342 vn
1455 303 1718 342 Ramsrm
1756 302 1833 340 vn
1861 302 1896 340 7.
1925 302 1960 340 s.

527 420 630 482 VII
659 424 712 481 7.
748 426 1010 478 Richardo
1046 423 1309 476 cardinali
1332 422 1605 491 siymfieat,
1646 439 1699 472 se
1725 439 1838 472 eum
1863 420 2128 472 monachis
2156 419 2458 471 Massilien-

746 522 885 573 sibus
925 520 1157 572 abbatem
1186 519 1570 588 praeposuisse.
1650 515 1885 582 Quorum
1923 515 2219 568 coenobium
2258 533 2372 567 cum
2410 514 2456 566 b.

746 616 912 668 Pauli
934 616 1243 667 monasterio
1273 615 1520 682 eoniunyi
1544 613 1701 682 eupit.
1759 612 2045 680 Praecipit,
2075 621 2133 664 ut
2158 611 2460 680 leqationem

746 712 1094 781 Hispania-am
1124 710 1378 780 perficiat.

674 804 954 873 Gregorius
1004 805 1276 874 episcopus
1329 819 1508 856 servus
1556 817 1823 855 servorum
1862 799 1961 853 Dei
1999 799 2249 853 Riccardo
2293 798 2462 852 cardi-

526 902 634 955 nali
680 901 735 953 in
785 900 1042 968 legatione
1081 900 1382 970 Hyspaniae
1430 899 1708 952 constituto
1759 895 1976 949 salutem
2028 899 2079 948 et
2123 894 2461 964 apostolicam

527 996 952 1051 benedictionem.

671 1091 1000 1144 Unanimitas
1044 1091 1266 1143 fratrum
1304 1088 1735 1155 Massiliensium,
1783 1087 1838 1139 in
1876 1086 2065 1140 litteris
2106 1086 2213 1139 suis
2253 1089 2462 1139 sanctae

526 1188 806 1240 memoriae
854 1186 1030 1240 fratris
1080 1183 1185 1239 tui¹
1224 1201 1518 1238 memorans
1557 1183 1782 1251 obitum,
1832 1199 1965 1235 novo
2005 1198 2089 1236 me
2129 1181 2304 1235 dolore
2344 1197 2463 1234 sau-

526 1283 700 1348 tiavit3
741 1286 922 1351 petens
951 1282 1164 1351 insuper
1193 1311 1260 1317 —
1292 1279 1726 1349 contemplatione
1753 1278 1944 1331 amoris
1971 1279 2137 1331 sancti
2162 1277 2339 1330 fratris
2366 1276 2461 1345 tui,

525 1382 677 1446 teque
716 1377 857 1430 velut
896 1377 1066 1446 ipsum
1107 1375 1327 1428 alterum
1364 1375 1595 1428 futurum
1634 1390 1850 1444 sperans
1881 1403 1947 1411 —
1975 1374 2052 1426 uti
2079 1373 2178 1427 sibi
2203 1378 2255 1427 te
2282 1389 2463 1427 conce-

526 1473 700 1525 derem
749 1472 804 1524 in
853 1471 1108 1524 abbatem.
1187 1469 1334 1532 Quod
1385 1474 1437 1524 et
1473 1470 1587 1523 feci.
1657 1469 1786 1522 Volo
1827 1486 1974 1536 ergo:
2023 1473 2082 1522 ut
2120 1469 2307 1523 fratres
2345 1473 2462 1522 tuos

525 1566 667 1619 nullo
707 1566 876 1633 modO,
916 1565 1253 1635 pertinaciter
1280 1565 1586 1632 resistendo,
1626 1565 1925 1630 contristes3
1968 1565 2058 1618 sed
2083 1564 2338 1618 voluntati
2363 1564 2464 1618 Dei

527 1666 578 1715 et
625 1665 923 1714 sanctorum
970 1660 1192 1712 fratrum
1239 1660 1391 1713 facile
1439 1661 1751 1728 acquiescas,
1819 1659 2071 1712 Volumus
2111 1661 2284 1713 etiam
2308 1663 2463 1729 atque

527 1773 821 1809 monemus:
862 1759 946 1823 ut,
987 1755 1042 1807 in
1082 1758 1334 1823 quantum
1372 1760 1545 1824 poteS,
1588 1772 1706 1824 spes
1746 1760 2011 1808 tantorum
2049 1755 2270 1808 fratrum
2311 1755 2374 1808 de
2411 1758 2464 1808 te

525 1868 660 1905 vana
697 1868 802 1904 non
838 1849 952 1917 fiat;
995 1850 1085 1903 sed
1125 1850 1368 1919 spiritum
1408 1854 1645 1903 sanctum
1681 1850 1859 1904 fratris
1898 1849 1974 1903 tui
2016 1849 2234 1904 viriliter
2258 1849 2463 1917 induas,

526 1946 811 2000 saecularia
861 1962 921 2000 ac
957 1945 1205 1999 iuvenilia
1243 1946 1501 1999 desideria
1538 1949 1596 1999 ut
1632 1950 1855 1999 mortem
1892 1946 2088 2013 fugiaS,
2136 1950 2345 2000 sanctae
2381 1962 2464 1999 re-

525 2042 675 2110 gulae
714 2041 1012 2095 medullitus
1051 2045 1102 2095 te
1143 2042 1425 2109 astringas3
1466 2059 1531 2094 ne
1572 2042 1838 2095 occasione
1876 2046 1997 2095 tuae
2035 2041 2319 2095 iuventutis
2354 2058 2465 2095 mo-

524 2139 812 2191 nasterium
852 2141 1115 2206 sanctum,
1166 2137 1304 2206 quod
1343 2141 1543 2191 avertat
1579 2137 1749 2205 DeuS,
1790 2138 2020 2207 patiatur
2059 2137 2267 2206 aliquod
2306 2137 2465 2190 detri-

525 2239 759 2287 mentum
796 2233 1077 2302 religionis.
1217 2232 1411 2285 Notum
1451 2237 1624 2286 autem
1662 2233 1759 2286 tibi
1795 2233 1946 2301 facio,
1989 2233 2111 2301 quia
2149 2232 2464 2285 desiderium

525 2329 655 2382 mihi
693 2334 786 2397 est,
827 2329 1199 2382 monasterium
1235 2328 1374 2382 beati
1399 2325 1576 2381 Pauli²
1603 2328 1824 2397 apostoli
1852 2332 1903 2381 et
1927 2328 2301 2381 monasterium
2325 2325 2464 2380 Mas-

529 2425 737 2478 siliense
785 2429 932 2479 tanta
979 2425 1210 2478 caritatis
1250 2425 1438 2477 unione
1479 2424 1856 2491 constringere,
1905 2427 1964 2476 ut
2001 2428 2053 2477 et
2090 2423 2221 2476 illud
2259 2439 2465 2493 semper

527 2536 622 2589 pro
672 2537 846 2573 amore
884 2520 1174 2574 beatissimi
1211 2519 1362 2572 Pauli
1400 2537 1463 2573 ex
1504 2518 1790 2589 apostolica
1829 2520 2135 2573 auctoritate
2175 2522 2468 2572 succrescat

530 2619 581 2669 et
618 2615 906 2669 beatissimi
930 2614 1079 2668 Pauli
1117 2616 1490 2669 monasterium
1530 2615 1594 2668 ad
1634 2619 1868 2668 sanctam
1904 2615 2207 2682 religionem
2235 2631 2300 2668 ex
2323 2612 2464 2667 illius

529 2712 834 2764 monasterii
881 2711 1130 2779 religione
1168 2711 1420 2782 proficiat.
1571 2710 1853 2779 Postquam
1895 2715 2066 2764 autem
2105 2710 2216 2764 Deo
2257 2714 2465 2764 auctore

528 2807 845 2860 monasteria
890 2811 982 2860 tua
1027 2807 1158 2861 bene
1206 2807 1584 2877 composueriS,
1630 2806 1942 2874 legationem
1990 2806 2087 2860 tibi
2133 2807 2464 2860 commissam

529 2902 596 2954 ad
632 2901 929 2972 Hyspanias
967 2902 1214 2973 perficere
1251 2919 1356 2956 non
1394 2902 1628 2956 moreris.
1686 2902 1826 2956 Data
1863 2902 2057 2956 Romae
2095 2904 2130 2955 4
2155 2901 2330 2955 Nonas
2356 2901 2463 2956 No-

528 2997 771 3066 vembris,
810 2998 1094 3053 indictione
1134 3001 1183 3053 3.

528 3144 632 3207 VII
659 3151 715 3208 8.
746 3154 1031 3206 ΜοηαοΙιοε
1070 3155 1423 3207 Massilienses
1463 3157 1526 3207 de
1565 3156 1705 3208 obitu
1740 3155 2010 3206 Bernarcli
2045 3153 2244 3205 abbatis
2283 3169 2462 3203 conso-

751 3249 890 3302 latur
902 3270 918 3311 ,·
947 3250 1242 3320 laudatque,
1269 3253 1408 3320 qaod
1429 3251 1753 3304 Rieharclum
1763 3250 2125 3320 presbyterum
2146 3247 2465 3300 cardinalem

749 3345 1004 3414 eleqerint.

677 3437 955 3507 Gregorius
996 3441 1268 3510 episcopus
1308 3457 1487 3494 servus
1528 3456 1795 3493 servorum
1821 3438 1922 3492 Dei
1948 3437 2150 3491 dilectis
2176 3437 2230 3490 in
2258 3436 2464 3491 Christo

648 3546 687 3588 1.
719 3546 936 3590 Bernardi
966 3547 1143 3592 abbatis
1175 3547 1220 3593 S.
1242 3549 1437 3593 Victoris
1457 3548 1764 3604 Massiliensis,
1796 3547 1873 3603 qui
1903 3545 2013 3590 obiit
2042 3545 2114 3589 die
2135 3546 2192 3590 20
2212 3545 2312 3589 Iulii
2335 3545 2462 3589 1079.

529 3618 585 3663 V.
608 3618 819 3662 Bernoldi
848 3622 1155 3677 necrologium
1186 3626 1232 3665 et
1261 3621 1493 3665 Bertholdi
1524 3621 1707 3665 annales
1741 3620 1867 3676 1079,
1898 3619 2016 3664 Mon.
2040 3617 2190 3663 Germ.
2213 3617 2292 3663 SS.
2313 3619 2358 3665 V
2377 3618 2464 3663 392

529 3694 576 3736 et
605 3691 706 3736 324.
826 3694 867 3737 2.
899 3693 1164 3738 Romanum.
1211 3693 1279 3739 Of.
1311 3707 1448 3751 supra
1477 3708 1520 3750 p.
1543 3694 1629 3738 347
1660 3707 1703 3738 n.
1725 3693 1768 3738 4.
