2782 4198
379 392 493 436 1076

350 451 453 501 Sept.
473 453 522 490 27

386 1261 499 1305 1076

364 1321 445 1358 Oct.
465 1322 513 1358 28

556 257 664 310 250
911 255 914 258 ’
1071 270 1345 309 GREGoRn
1383 271 1460 307 vn
1498 269 1762 308 REGISTRI
1798 271 1856 308 rv
1883 271 1920 308 5.
1947 271 1982 308 e.

551 388 790 442 titudinis
836 388 1036 458 premio
1084 386 1390 455 gloriemur3
1449 390 1502 440 et
1546 386 1683 439 inter
1726 389 1804 440 tot
1851 386 2004 442 huius
2053 389 2214 443 seculi
2270 406 2495 460 nequam

551 483 882 551 confligentes
929 483 1162 537 turbines
1210 483 1273 536 de
1323 481 1676 535 consolatione
1722 486 1927 538 vestrae
1973 485 2351 555 cooperationis
2389 502 2494 540 non

550 596 644 632 nos
682 583 913 647 tantum,
966 579 1057 632 sed
1107 583 1159 633 et
1195 582 1363 632 mater
1402 582 1576 631 vestra
1615 581 1797 631 sancta
1843 583 1895 632 et
1941 580 2228 650 apostolica
2271 582 2494 637 laetetur

551 674 781 728 ecclesia.
840 674 980 728 Data
1017 674 1179 728 Rome
1218 676 1250 728 ὃ
1290 674 1552 728 Kalendas
1592 672 1846 742 OctobriS,
1886 674 2168 730 indictione
2212 678 2294 731 15.

548 845 626 907 IV
654 850 710 907 6.
751 851 1000 905 Heinrico
1029 852 1067 904 I
1098 854 1337 923 episcopo
1365 852 1646 904 Leodiensi
1677 852 1740 903 de
1778 850 2043 904 Wilkelmo
2070 851 2110 904 I
2138 864 2339 907 mortuo
2379 857 2490 925 epi-

749 966 904 1018 scopo
956 948 1315 1001 Ultraiectensi
1349 948 1649 1018 respondet,
1695 949 1744 998 si
1779 947 1867 998 ille
1903 949 2019 1016 reyi
2055 951 2491 1004 excommunicato

749 1046 966 1097 scienter
984 1046 1436 1096 communicaverit
1453 1054 1500 1096 et
1518 1045 1628 1095 sine
1639 1045 1964 1113 poenitentia
1993 1043 2192 1109 obierit,
2214 1062 2280 1107 se,
2305 1045 2491 1115 quibus

750 1142 880 1192 vivis
905 1159 1010 1192 non
1032 1141 1500 1204 communicaverit,
1531 1157 1622 1191 nec
1641 1141 1859 1191 mortuis
1881 1142 2259 1192 communicare
2285 1142 2489 1195 audere.

694 1248 974 1317 Gregorius
1022 1250 1296 1319 episcopus
1344 1266 1524 1302 servus
1572 1265 1843 1302 servorum
1889 1248 1989 1301 Dei
2037 1248 2283 1303 Heinrico
2301 1246 2314 1271 ¹
2357 1249 2490 1305 Leo-

545 1344 743 1398 dicensi
779 1345 1022 1414 episcopo
1061 1345 1283 1398 salutem
1322 1348 1374 1398 et
1411 1344 1751 1414 apostolicam
1794 1343 2222 1399 benedictionem.

691 1439 837 1503 Quod
877 1440 940 1493 de
979 1456 1135 1493 causa
1171 1437 1449 1495 Willelmi²
1477 1439 1824 1493 Traiectensis
1865 1437 2124 1510 episcopi³
2162 1458 2258 1495 nos
2306 1458 2490 1496 consu-

541 1534 703 1602 luisti,
743 1535 1022 1604 prudentia
1058 1539 1150 1589 tua
1186 1553 1290 1589 non
1327 1540 1438 1589 tam
1477 1553 1508 1588 a
1545 1535 1695 1589 nobis
1736 1552 1893 1604 quam
1930 1552 1960 1589 a
1996 1537 2259 1590 communi
2285 1541 2490 1592 sancto-

541 1647 658 1683 rum
696 1634 906 1700 patrum
945 1632 1203 1685 sententia
1239 1632 1597 1685 indubitanter
1636 1648 1943 1701 expressum
1969 1632 2235 1686 addiscere
2261 1637 2313 1687 et
2335 1633 2490 1688 intel-

538 1726 699 1794 ligere
724 1731 912 1796 potest.
951 1726 1180 1790 Quorum
1208 1730 1406 1780 statuta
1427 1730 1692 1780 servantes
1720 1730 1810 1780 aut
1836 1727 2187 1797 defendenteS‚
2209 1729 2255 1781 si
2281 1730 2487 1798 quando

537 1822 787 1875 iudicium
827 1822 890 1876 de
926 1823 1155 1890 negociis
1188 1822 1550 1876 ecclesiasticis
1577 1823 1793 1876 fecimus
1820 1822 1901 1876 vel
1936 1823 2172 1892 facimus,
2212 1840 2319 1878 non
2351 1842 2490 1880 nova

540 1921 630 1971 aut
666 1922 848 1971 nostra
884 1919 1216 1988 proferimuS,
1257 1919 1348 1972 sed
1386 1918 1450 1972 ab
1479 1919 1553 1972 eis
1592 1935 1686 1988 per
1713 1918 1969 1988 Spiritum
2007 1924 2246 1973 sanctum
2281 1920 2490 1991 prolata

539 2014 806 2083 sequimur
846 2018 898 2067 et
936 2031 1254 2068 exercemus
1313 2015 1446 2069 Vide
1494 2033 1615 2084 ergo
1664 2019 1716 2069 et
1762 2015 2038 2083 diligenter
2078 2016 2312 2070 attende:
2361 2016 2488 2086 quid

539 2127 719 2164 eorum
759 2111 1040 2164 auctoritas
1078 2111 1135 2164 in
1173 2127 1259 2164 eos
1300 2111 1612 2180 decreverit,
1665 2111 1753 2180 qui
1792 2111 1858 2164 ad
1897 2111 2270 2165 subvertendas
2310 2129 2485 2166 sacras

537 2206 761 2274 regulae,
791 2206 856 2259 ad
883 2205 1221 2260 scindendam
1246 2207 1501 2260 unitatem
1522 2207 1754 2277 corporis
1777 2206 1972 2260 Christi
1993 2207 2130 2276 quod
2150 2211 2230 2261 est
2249 2207 2484 2276 ecclesia,

539 2302 847 2355 scismaticis
888 2307 1043 2371 atque
1080 2303 1324 2356 hereticis
1362 2303 1734 2356 calliditatibus
1776 2303 1980 2370 armati,
2020 2302 2157 2355 ultro
2184 2307 2367 2356 contra
2389 2319 2483 2374 pa-

538 2401 644 2451 tres
683 2398 963 2466 insurgunt
1009 2401 1099 2451 aut
1145 2398 1368 2452 scienter
1415 2415 1534 2451 cum
1582 2397 2042 2451 excommunicatis
2081 2399 2481 2453 communicant.

536 2493 607 2547 Et
643 2510 749 2547 non
787 2493 956 2547 solum
994 2510 1149 2564 super
1186 2493 1308 2562 hoc,
1359 2494 1421 2547 de
1471 2510 1570 2562 quo
1619 2493 1919 2547 fraternitas
1966 2498 2059 2547 tua
2096 2494 2343 2563 quesivit,
2391 2495 2484 2549 sed

537 2605 695 2659 super
733 2589 999 2658 omnibUS,
1051 2589 1139 2659 qui
1175 2589 1231 2642 in
1271 2590 1451 2642 eadem
1490 2605 1647 2642 causa
1683 2592 1952 2658 tenentur,
2003 2584 2208 2659 eorum,
2261 2607 2484 2659 quorum

536 2684 760 2752 vestigia
796 2684 908 2738 Deo
949 2689 1159 2738 auctore
1196 2684 1608 2754 perpendamUS,
1646 2702 1742 2754 pro
1781 2685 1930 2739 nobis
1969 2704 2222 2757 responsa
2258 2687 2479 2757 suscipe.

537 2780 733 2844 Quodsi
770 2781 826 2833 in
863 2780 981 2834 illo³
1008 2780 1251 2834 scismate
1279 2810 1344 2817 —
1377 2781 1530 2850 quod,
1571 2784 1751 2834 contra
1789 2785 2022 2835 sanctam
2061 2787 2113 2836 et
2143 2782 2481 2853 apostolicam

537 2876 809 2930 ecclesiam
847 2879 1260 2946 praesumptum,
1302 2879 1482 2928 contra
1517 2876 1762 2930 ultimum
1801 2878 2084 2946 quemlibet
2109 2878 2356 2933 ecclesiae
2380 2878 2479 2931 mi-

536 2973 760 3026 nistrum
807 2971 922 3025 fieri
968 2972 1264 3026 nullatenus
1314 2971 1577 3024 debuisset
1629 3002 1693 3010 -—
1745 2974 1858 3043 ipse
1908 2979 1999 3027 aut
2046 2974 2338 3043 quicunque
2385 2990 2480 3027 sua

538 3073 721 3138 sponte
749 3069 1081 3138 subscripsit3
1121 3072 1188 3135 et,
1215 3067 1327 3135 regi
1354 3069 1798 3123 excommunicato
1826 3070 2047 3123 scienter
2073 3069 2476 3138 communicanS,

538 3165 648 3218 sine
686 3164 1009 3235 poenitentia
1047 3168 1099 3218 et
1136 3163 1490 3217 satisfactione
1529 3164 1767 3218 discessit
1805 3165 1886 3218 vel
1924 3165 2242 3231 discesserit3
2285 3164 2348 3218 ab
2386 3164 2478 3219 illa

538 3265 836 3314 sanctorum
874 3264 1083 3330 patrum
1122 3259 1379 3312 sententia
1417 3259 1711 3329 discrepare
1746 3277 1850 3313 non
1877 3277 2176 3330 possumus:
2217 3260 2475 3330 videlicet,

538 3356 723 3425 quibus
761 3357 895 3410 vivis
942 3372 1048 3409 non
1096 3355 1616 3423 communicavimuS,
1663 3372 1760 3408 nec
1798 3356 2016 3408 mortuis
2034 3355 2052 3384 ¹'
2092 3356 2476 3411 communicare

538 3451 802 3505 audemus
871 3451 964 3505 Sin
1000 3468 1122 3505 vero
1160 3451 1356 3504 invitus
1395 3450 1727 3520 subscripsit,
1778 3454 1830 3504 et
1878 3452 1990 3518 regi
2029 3453 2474 3507 excommunicato

651 3586 684 3612 a.
719 3576 759 3612 in
783 3576 850 3613 illo
876 3579 1028 3624 scripsit
1053 3577 1283 3614 Giesebrecbt
1304 3589 1375 3624 pro
1401 3574 1504 3612 nullo
1532 3589 1564 3612 c.
1718 3574 1756 3611 b.
1789 3575 1929 3612 mortui
1956 3590 1988 3612 c.

656 3654 695 3697 1.
727 3654 762 3696 Ι.
882 3655 924 3697 2.
955 3655 990 3697 Ι.
1111 3656 1153 3698 3.
1184 3655 1275 3698 iam
1306 3653 1469 3698 mortui
1499 3653 1571 3696 die
1602 3654 1658 3697 27
1689 3651 1857 3710 Aprilis
1887 3654 2053 3708 (1076).
