2730 4198
681 311 955 350 GREGORII
992 313 1071 348 vn
1108 310 1372 349 REGISTRI
1408 311 1510 348 vm
1537 310 1597 346 23.
1618 310 1668 347 24
1687 307 1750 355 (tx
1770 307 1822 356 1).
2116 297 2224 350 469

281 435 415 485 trem
447 433 499 483 et
523 432 789 499 pastorem
830 446 998 497 suum,
1038 445 1183 482 more
1223 428 1452 497 antiquo,
1510 425 1648 480 Nam
1677 425 1900 481 Karolus
1938 427 2226 498 imperator
2258 434 2370 478 1081

284 556 350 563 -
390 526 526 578 sicut
570 525 762 593 legitur
807 525 863 577 in
900 525 1077 577 thomo
1118 524 1256 592 eiuS,
1308 523 1395 592 qui
1433 523 1489 575 in
1530 522 1759 575 archivio
1799 522 2047 577 eeclesiae
2084 522 2226 578 beati

277 621 422 675 Petri
458 620 679 674 habetur
718 650 777 656 —-
827 621 883 673 in
922 620 1087 674 tribus
1126 620 1254 673 locis
1282 618 1551 671 annuatim
1579 616 1856 685 colligebat
1880 617 2025 675 mille
2052 623 2105 673 et
2130 619 2226 673 du-

278 720 454 772 centas
491 717 653 770 libras
693 717 759 770 ad
798 717 1068 770 servitium
1107 713 1423 785 apostolicae
1463 712 1626 779 sediS,
1675 712 1732 765 id
1770 717 1850 766 est
1885 712 2224 783 Aquisgrani,

279 813 419 883 apud
455 812 678 866 Podium
718 812 939 866 Sanctae
977 807 1206 865 Mariae¹
1245 814 1297 862 et
1341 807 1481 877 apud
1521 806 1770 860 Sanctum
1808 805 2083 876 Egidium3
2135 826 2224 863 ex-

277 912 428 980 cepto
466 909 580 977 hoc,
623 909 759 978 quod
796 907 1151 975 unusquisque
1188 905 1406 975 propria
1443 902 1718 956 devotione
1757 901 2020 957 offerebat.
2081 904 2227 959 Idem

277 1021 398 1058 vero
438 1021 658 1073 magnus
696 1005 982 1074 imperator
1011 1001 1291 1055 Saxoniam
1332 998 1520 1052 obtulit
1545 998 1696 1052 beato
1722 997 1896 1067 Petro,
1936 1000 2081 1054 cuius
2110 1018 2225 1055 eam

278 1101 469 1154 devicit
506 1100 781 1167 adiutorio,
822 1103 874 1153 et
909 1097 1087 1168 posuit
1125 1096 1331 1164 signum
1364 1094 1655 1148 devotionis
1685 1098 1736 1147 et
1759 1094 2048 1162 libertatis3
2091 1097 2226 1151 sicut

276 1197 380 1268 ipsi
409 1195 641 1250 Saxones
678 1195 872 1249 habent
910 1193 1162 1262 scriptum
1203 1195 1256 1244 et
1293 1190 1576 1260 prudentes
1615 1190 1825 1244 illorum
1866 1191 1994 1245 satis
2034 1193 2220 1246 sciunt.

275 1367 405 1430 VIII
432 1371 543 1428 24⁰
576 1365 672 1439 (IX
704 1371 776 1434 1).
819 1370 1129 1424 VViZZeZmum
1150 1369 1187 1421 I
1205 1369 1655 1439 arehiepiscopum
1683 1369 2114 1439 Rotomayensem
2137 1389 2220 1423 re-

454 1469 754 1539 prehendit,
806 1468 948 1537 quod
992 1467 1226 1518 nondum
1273 1466 1345 1517 ad
1394 1483 1448 1517 se
1497 1467 1693 1518 venerit
1736 1484 1830 1518 nec
1869 1465 2061 1536 leqatos
2101 1485 2221 1519 suos

457 1565 662 1616 adierit.
740 1564 1040 1633 Praecipit,
1101 1580 1165 1614 ne
1214 1572 1307 1614 aut
1357 1563 1626 1632 episcopos
1676 1572 1769 1614 aut
1815 1562 2052 1614 eeclesias
2104 1573 2222 1616 ante

457 1670 727 1725 consecret,
771 1678 929 1729 quam
959 1659 1189 1730 pallium
1228 1659 1600 1727 impetraverit.

420 1767 700 1837 Gregorius
742 1770 1014 1840 episcopus
1054 1785 1234 1822 servus
1275 1784 1544 1820 servorum
1578 1765 1679 1820 Dei
1704 1763 2038 1833 W(illelmo)²
2063 1767 2221 1822 Roto-
2254 1778 2365 1822 1081

272 1865 508 1934 magensi
548 1865 937 1936 archiepiscopo
978 1864 1199 1918 salutem
1239 1867 1290 1916 et
1329 1862 1667 1934 apostolicam
1706 1861 2136 1917 benedictionem.

417 1960 674 2030 Litterae,
725 1979 852 2031 quas
891 1961 1041 2015 nobis
1081 1960 1297 2028 misisti,
1339 1958 1467 2012 satis
1507 1958 1798 2012 devotionis
1836 1959 2216 2030 praetendunt3

272 2057 362 2111 sed
401 2057 466 2110 ad
505 2073 685 2110 earum
722 2057 878 2111 fidem
916 2057 994 2111 rei
1031 2056 1240 2126 penitus
1279 2055 1640 2109 testimonium
1671 2054 1831 2109 deest.
1893 2054 1950 2108 Si
1977 2055 2116 2109 enim
2142 2055 2219 2110 ita

271 2170 325 2207 se
350 2170 434 2207 res
459 2152 691 2221 haberet,
731 2169 853 2220 non,
894 2152 1331 2221 quemadmodum
1360 2149 1675 2219 suffraganei
1701 2151 1795 2220 tui,
1837 2151 1995 2205 etiam
2021 2154 2079 2205 tu
2104 2151 2219 2222 ipse

270 2249 624 2320 apostolorum
670 2248 857 2301 limina
892 2249 1061 2302 visere
1110 2252 1256 2302 tanto
1306 2252 1543 2317 tempore
1579 2247 1731 2316 parvi
1769 2247 2056 2317 pendisseS.
2133 2246 2219 2301 Ex

269 2362 369 2414 quo
415 2345 554 2398 enim
592 2361 687 2397 nos
725 2344 849 2398 licet
885 2344 1128 2412 indignos
1169 2344 1235 2396 ad
1272 2343 1426 2396 huius
1468 2342 1606 2396 sedis
1645 2358 1825 2396 curam
1864 2342 2097 2411 dignatio
2136 2343 2217 2396 di-

266 2442 390 2494 vina
425 2440 681 2511 provexit,
721 2440 986 2494 neminem
1015 2444 1249 2494 vestrum
1287 2456 1382 2493 nos
1421 2439 1616 2493 vidisse
1653 2438 2006 2493 recordamur.
2070 2438 2218 2502 Quod

268 2541 446 2590 tamen
481 2535 629 2590 ideob
667 2537 840 2590 minus
878 2536 1176 2590 mirandum
1215 2536 1439 2606 videtur,
1483 2536 1607 2605 quia
1636 2535 1837 2604 legatos
1863 2538 2087 2603 nostrOS,
2129 2535 2219 2604 qui

267 2632 484 2702 propius
524 2648 614 2684 vos
664 2636 814 2700 sunt,
865 2631 1011 2686 adire
1057 2649 1161 2685 non
1210 2632 1434 2687 multum
1478 2631 1690 2686 curatis.
1768 2630 1868 2695 Qui
1906 2648 2029 2685 vero
2069 2630 2218 2685 labor

268 2731 359 2781 aut
397 2744 529 2797 quae
567 2725 845 2781 difficultas
884 2745 1011 2798 prae
1050 2728 1166 2782 aliis
1206 2729 1456 2782 dissuasit
1489 2728 1663 2782 vobis:
1704 2744 1800 2798 per
1823 2730 2030 2781 tantum
2059 2727 2217 2797 spatii

265 2823 473 2877 beatum
514 2822 731 2877 Petrum
779 2823 1073 2892 negligere?
1130 2841 1247 2878 cum
1297 2825 1361 2879 ab
1409 2825 1540 2895 ipsis
1587 2823 1771 2877 mundi
1817 2821 2007 2876 finibus
2057 2823 2217 2877 etiam

266 2923 446 2989 gentes
486 2919 690 2973 noviter
729 2919 794 2973 ad
831 2918 989 2973 fidem
1027 2936 1307 2974 conversae
1334 2920 1580 2974 studeant
1607 2936 1793 2987 annue,
1832 2922 1943 2972 tam
1969 2919 2215 2973 mulieres

266 3032 422 3085 quam
459 3016 589 3084 viri,
642 3015 705 3069 ad
757 3033 875 3069 eum
914 3016 1108 3069 venire.
1186 3016 1321 3070 Illud
1371 3033 1601 3085 quoque,
1651 3014 1755 3068 nisi
1793 3031 1888 3067 nos
1928 3015 2216 3085 apostolica

264 3112 608 3166 mansuetudo
649 3111 922 3180 detineret,
961 3112 1192 3182 profecto
1233 3112 1461 3166 severius
1498 3112 1555 3164 in
1582 3115 1634 3165 te
1658 3110 1765 3164 iam
1792 3111 2214 3164 animadversum

266 3208 542 3262 sensisses:
594 3208 731 3277 quod
778 3207 879 3261 huc
926 3225 1090 3277 usque
1137 3207 1457 3277 praeclarius
1506 3211 1627 3260 tuae
1675 3205 1945 3274 dignitatis
1990 3206 2212 3275 insigne,

264 3303 506 3358 videlicet
550 3304 798 3375 pallium,
849 3304 913 3357 ab
963 3303 1249 3373 apostolica
1286 3303 1410 3356 sede
1446 3319 1542 3373 pro
1580 3319 1726 3356 more
1765 3302 2032 3371 acquirere
2070 3306 2214 3372 post-

263 3400 500 3468 posuisti.
562 3400 634 3454 Te
659 3400 835 3470 ipsum
860 3415 1068 3469 nanque
1094 3415 1199 3452 non
1225 3399 1467 3467 ignorare
1493 3401 1757 3469 putamus,
1794 3414 1952 3466 quam
1978 3398 2212 3451 districte

381 3562 414 3588 a.
447 3565 578 3591 manus
602 3557 783 3601 posterior
811 3555 895 3591 huic
922 3555 1102 3601 epistolae
1126 3554 1392 3601 praescripsit:
1418 3552 1474 3590 Ex
1498 3552 1596 3590 libro
1616 3551 1719 3590 VIIII
1745 3551 1897 3598 registri
1922 3551 2092 3589 eiusdem
2120 3551 2211 3589 Gre-

265 3616 360 3662 gorii
386 3627 506 3665 papae
531 3617 611 3656 VII.
765 3619 802 3656 b.
828 3619 916 3657 ideo
942 3621 1080 3668 scripsi
1099 3633 1169 3668 pro
1196 3619 1237 3656 in
1264 3629 1308 3655 eo
1336 3634 1366 3655 c.

385 3695 425 3738 1.
465 3695 566 3753 Puy
595 3708 653 3740 en
679 3697 826 3743 Velai.
975 3699 1017 3742 2.
1048 3698 1084 3742 1.
