2722 4172
782 277 1056 317 GREGORII
1092 279 1172 316 v11
1204 259 1471 317 'nncrsrrm
1507 279 1527 315 1
1553 277 1615 314 48.
1641 276 1702 313 49.
2139 264 2208 316 69

275 401 327 452 et
372 396 548 465 nobiS‚
600 399 888 450 extremam
934 414 1147 450 manum
1193 395 1545 466 imposituris,
1603 411 1698 465 per
1743 393 1945 447 litteras
1994 396 2110 446 tuas
2155 394 2211 447 jd
2270 399 2385 443 1074

273 493 578 563 quontocius
624 493 854 547 indicare
901 511 1005 546 non
1045 491 1449 563 praetermittas.
1528 491 1805 544 Praeterea
1842 489 2104 556 volumuS,
2151 493 2210 543 ut
2238 459 2345 496 Feb*
2365 461 2412 498 ²⁶

273 607 429 660 quam
485 590 636 643 citius
686 591 855 660 possis
902 589 1253 660 praesentiam
1302 590 1444 639 tuam
1491 587 1641 640 nobis
1691 586 1934 641 exhibere
1982 587 2206 640 studeas,

270 686 410 741 Data
445 685 717 740 Lateranis
757 689 792 740 4
829 686 1090 740 Kalendas
1129 683 1321 751 Martii,
1358 683 1642 736 indictione
1673 685 1755 736 12.

271 859 296 921 Ι
327 863 430 920 49.
478 866 664 919 Omnes
703 866 1039 918 christianam
1064 864 1226 931 fidem
1264 861 1536 931 defendere
1573 861 1793 914 volentes
1830 871 1981 914 vocat
2016 862 2089 914 ad
2111 863 2210 913 im—

465 965 676 1033 perium
714 960 1341 1030 Constantinopolitanum
1378 978 1412 1009 a
1447 960 1675 1027 payanis
1716 958 2056 1010 liberandum.

418 1072 696 1142 Gregorius
736 1072 1008 1142 episcopus
1050 1086 1227 1123 servus
1268 1085 1538 1122 servorum
1563 1067 1664 1122 Dei
1702 1068 1942 1122 omnibus
1972 1067 2211 1122 christia—
2258 1076 2373 1119 1074

269 1187 393 1223 nam
438 1168 594 1223 fidem
643 1168 915 1223 defendere
962 1166 1252 1220 volentibus
1302 1165 1522 1219 salutem
1571 1169 1622 1218 et
1669 1165 2008 1235 apostolicam
2056 1165 2211 1219 bene·
2239 1136 2347 1174 Mart.
2367 1138 2385 1173 ¹

270 1267 562 1320 dictionem.

414 1362 607 1416 Notum
646 1361 793 1415 vobis
834 1378 945 1415 esse
984 1361 1239 1428 volumus,
1279 1359 1416 1412 hunc
1446 1358 1615 1412 virum
1656 1358 2011 1428 praesentium
2048 1357 2212 1428 porti-

267 1463 450 1527 torem,
491 1459 612 1512 dum
654 1458 716 1511 de
753 1457 1109 1511 ultramarinis
1142 1474 1309 1528 nuper
1334 1459 1683 1510 reverteretur
1707 1454 1962 1525 partibuS,
2004 1459 2211 1525 aposto-

266 1556 436 1609 lorum
471 1555 656 1608 limina
695 1559 747 1609 et
781 1559 1016 1608 nostram
1054 1554 1404 1625 praesentiam
1445 1553 1700 1607 visitasse.
1779 1551 1828 1604 A
1869 1568 1968 1621 quo
2007 1551 2143 1605 sicut
2181 1568 2212 1605 a

265 1652 526 1723 plerisque
575 1652 691 1705 aliis
731 1652 1092 1725 cognovimuS,
1142 1655 1349 1719 gentem
1394 1667 1718 1721 paganorum
1757 1652 1938 1704 contra
1974 1648 2211 1702 christia-

264 1766 391 1803 num
436 1749 640 1803 fortiter
677 1749 958 1802 invaluisse
1004 1748 1285 1819 imperium
1333 1751 1385 1801 et
1428 1747 1726 1801 miseranda
1764 1745 2068 1799 crudelitate
2104 1745 2209 1798 iam

264 1846 372 1900 fere
418 1863 581 1915 usque
632 1846 698 1899 ad
743 1863 920 1899 muros
960 1844 1533 1915 Constantinopolitane
1578 1843 1805 1898 civitatis
1845 1842 2020 1896 omnia
2057 1841 2211 1895 deva-

266 1934 432 1996 stasse
470 1946 522 1996 et
569 1942 842 2013 tyrannica
879 1941 1128 1996 violentia
1167 1958 1447 2012 occupasse
1487 1945 1538 1994 et
1583 1940 1749 1994 multa
1785 1939 1934 1992 milia
1971 1938 2210 1992 christia-

264 2056 451 2093 norum
490 2041 638 2109 quasi
675 2039 899 2110 pecudes
940 2039 1203 2092 occidisse.
1283 2037 1394 2102 Qua
1432 2038 1494 2091 de
1533 2055 1606 2107 re,
1653 2038 1699 2090 si
1736 2036 1908 2090 Deum
1946 2035 2209 2103 diligimus

266 2140 318 2190 et
355 2136 662 2190 christianos
701 2153 794 2188 nos
836 2153 947 2189 esse
984 2135 1357 2203 cognoscimUS,
1397 2152 1492 2205 pro
1519 2133 1819 2188 miseranda
1842 2133 2052 2186 fortuna
2076 2132 2211 2186 tanti

263 2233 471 2304 imperii
510 2237 562 2286 et
607 2236 756 2286 tanta
794 2232 1197 2286 christianorum
1235 2231 1380 2285 clade
1418 2231 1568 2285 nobis
1607 2230 1757 2284 valde
1797 2229 2075 2283 dolendum
2115 2233 2208 2283 est.

263 2329 334 2383 Et
379 2346 485 2382 non
532 2329 698 2382 solum
745 2329 919 2383 dolere
959 2346 1113 2399 super
1152 2328 1248 2381 hac
1286 2345 1343 2381 re
1384 2327 1587 2382 debitae
1627 2326 1963 2381 sollicitudini
1999 2330 2210 2379 nostrae

265 2424 479 2495 sufficit,
529 2427 620 2480 sed
664 2428 863 2479 animas
901 2442 997 2496 pro
1035 2426 1344 2479 liberatione
1380 2425 1605 2478 fratrum
1641 2441 1860 2495 ponere,
1912 2422 2209 2493 exemplum

264 2522 624 2593 Redemptoris
661 2523 828 2576 nostri
865 2527 916 2576 et
954 2521 1186 2576 debitum
1223 2522 1485 2575 fraternae
1525 2521 1757 2574 caritatis
1786 2538 1816 2574 a
1840 2519 1991 2574 nobis
2020 2519 2206 2588 exigit3

267 2618 412 2687 quia,
462 2619 594 2672 sicut
630 2620 743 2689 ipse
780 2623 876 2690 pro
913 2619 1064 2673 nobis
1106 2619 1336 2672 animam.
1374 2635 1523 2671 suam
1559 2618 1737 2688 posuit
1753 2614 1780 2686 ¹,
1831 2621 1883 2671 et
1919 2634 2015 2671 nos
2055 2616 2208 2670 debe-

265 2731 381 2767 mus
419 2732 514 2785 pro
550 2715 798 2770 fratribus
837 2717 1030 2770 nostris
1068 2716 1268 2770 animas
1294 2732 1503 2786 ponere.
1566 2714 1759 2768 Scitote
1784 2714 1961 2783 igitur,
2000 2730 2113 2783 1108,
2152 2713 2208 2766 in

264 2811 621 2865 misericordia
658 2812 758 2865 Dei
806 2817 857 2865 et
906 2813 961 2865 in
998 2813 1233 2883 potentia
1269 2812 1479 2865 virtutis
1520 2812 1629 2865 eius
1669 2809 1916 2878 confiso8,
1967 2809 2206 2863 omnibus

264 2908 431 2961 modis
475 2908 531 2961 id
571 2925 723 2977 agere
763 2912 917 2977 atque
954 2926 1164 2979 parare,
1213 2913 1272 2962 ut
1312 2909 1628 2962 adiutorium
1666 2908 1948 2962 christiano
1986 2905 2207 2976 imperio

266 3022 421 3075 quam
461 3005 611 3068 citius
638 3005 749 3058 Deo
787 3005 998 3057 iuvante
1036 3005 1302 3058 faciamus.
1361 3005 1510 3059 Unde
1535 3022 1628 3059 vos
1666 3022 1761 3075 per
1798 3003 1971 3071 fidem,
2010 3003 2066 3055 in
2106 3018 2207 3071 qua

262 3120 357 3174 per
396 3102 659 3157 Christum
702 3102 758 3154 in
798 3101 1128 3171 adoptionem
1166 3100 1389 3155 filiorum
1430 3098 1559 3155 Dei²
1597 3101 1732 3154 uniti
1771 3100 1920 3167 estiS,
1971 3098 2206 3151 obsecra-

262 3217 378 3253 mus
418 3204 470 3254 et
510 3199 816 3253 auctoritate
854 3198 995 3251 beati
1019 3197 1161 3250 Petri
1188 3198 1538 3268 apostolorum
1569 3197 1822 3268 principis
1852 3195 2205 3262 admonemus,

263 3300 321 3349 ut
360 3300 411 3350 et
447 3314 538 3350 vos
576 3296 793 3365 vulnera
832 3299 883 3348 et
920 3294 1131 3362 sanguis
1169 3294 1390 3348 fratrum
1430 3299 1482 3348 et
1516 3293 1807 3364 periculum
1843 3290 2069 3362 praefati
2106 3290 2205 3342 im-

262 3393 396 3463 perii
442 3393 599 3462 digna
646 3392 1003 3462 compassione
1049 3395 1279 3459 moveat,
1340 3394 1391 3443 et
1438 3394 1615 3443 vestra
1659 3390 1824 3442 virtus
1874 3404 1970 3458 pro
2010 3385 2205 3440 Christi

263 3490 472 3543 nomine
520 3507 627 3543 non
672 3489 891 3543 invitam
939 3487 1296 3555 fatigationem
1349 3487 1414 3539 ad
1461 3486 1675 3540 ferenda
1719 3484 1969 3538 fratribus
2010 3483 2205 3537 auxilia

266 3585 461 3640 subeat.
521 3586 775 3656 Quicquid
815 3589 988 3638 autem
1015 3601 1170 3654 super
1194 3583 1292 3637 hac
1316 3601 1373 3638 re
1400 3583 1576 3637 divina
1604 3583 1774 3653 pietas
1798 3582 1987 3636 vestris
2015 3580 2202 3634 animis

383 3696 423 3739 1.
455 3694 548 3739 Ioh.
571 3696 640 3753 10,
665 3695 733 3740 15.
882 3696 924 3739 2.
954 3695 1083 3739 Rom.
1107 3694 1148 3750 8,
1171 3694 1241 3738 23.
