<?xml version="1.0" encoding="UTF-8"?>
<!DOCTYPE html PUBLIC "-//W3C//DTD XHTML 1.0 Transitional//EN"
    "http://www.w3.org/TR/xhtml1/DTD/xhtml1-transitional.dtd">
<html xmlns="http://www.w3.org/1999/xhtml" xml:lang="en" lang="en">
 <head>
  <title>
</title>
<meta http-equiv="Content-Type" content="text/html;charset=utf-8" />
  <meta name='ocr-system' content='tesseract 3.04.00' />
  <meta name='ocr-capabilities' content='ocr_page ocr_carea ocr_par ocr_line ocrx_word'/>
</head>
<body>
  <div class='ocr_page' id='page_1' title='image "bibliothecarerum02wattuoft_0617.png"; bbox 0 0 2730 4198; ppageno 0'>
   <div class='ocr_carea' id='block_1_1' title="bbox 942 247 2228 304">
    <p class='ocr_par' dir='ltr' id='par_1_1' title="bbox 942 247 2228 304">
     <span class='ocr_line' id='line_1_1' title="bbox 942 247 2228 304; baseline -0.004 -1"><span class='ocrx_word' id='word_1_1' title='bbox 942 265 1199 304; x_wconf 71' lang='lat' dir='ltr'><em>Bom&#39;rno</em></span> <span class='ocrx_word' id='word_1_2' title='bbox 1237 265 1315 302; x_wconf 73' lang='lat' dir='ltr'><em>AD</em></span> <span class='ocrx_word' id='word_1_3' title='bbox 1353 263 1581 302; x_wconf 73' lang='lat' dir='ltr'>AMICUM</span> <span class='ocrx_word' id='word_1_4' title='bbox 2126 247 2228 298; x_wconf 87' lang='lat'><em>601</em></span> 
     </span>
    </p>
   </div>
   <div class='ocr_carea' id='block_1_2' title="bbox 282 381 2252 2658">
    <p class='ocr_par' dir='ltr' id='par_1_2' title="bbox 287 381 2238 821">
     <span class='ocr_line' id='line_1_2' title="bbox 291 381 2234 453; baseline -0.005 -13"><span class='ocrx_word' id='word_1_5' title='bbox 291 388 383 440; x_wconf 90' lang='lat' dir='ltr'><em>bus</em></span> <span class='ocrx_word' id='word_1_6' title='bbox 420 381 783 439; x_wconf 71' lang='lat' dir='ltr'><em>interdixisse“</em></span> <span class='ocrx_word' id='word_1_7' title='bbox 796 403 814 446; x_wconf 89' lang='grc'><em>,·</em></span> <span class='ocrx_word' id='word_1_8' title='bbox 852 385 942 436; x_wconf 81' lang='lat' dir='ltr'><em>secl</em></span> <span class='ocrx_word' id='word_1_9' title='bbox 979 383 1298 453; x_wconf 83' lang='lat' dir='ltr'><em>amplificata</em></span> <span class='ocrx_word' id='word_1_10' title='bbox 1337 384 1490 435; x_wconf 88' lang='lat' dir='ltr'><em>etiam</em></span> <span class='ocrx_word' id='word_1_11' title='bbox 1517 381 1943 448; x_wconf 84' lang='lat' dir='ltr'><em>confidentissime</em></span> <span class='ocrx_word' id='word_1_12' title='bbox 1964 381 2234 431; x_wconf 88' lang='lat' dir='ltr'><em>mendacio</em></span> 
     </span>
     <span class='ocr_line' id='line_1_3' title="bbox 290 473 2237 551; baseline -0.005 -16"><span class='ocrx_word' id='word_1_13' title='bbox 290 483 410 548; x_wconf 74' lang='lat' dir='ltr'><em>hoc,</em></span> <span class='ocrx_word' id='word_1_14' title='bbox 462 483 584 534; x_wconf 92' lang='lat' dir='ltr'><em>ilico</em></span> <span class='ocrx_word' id='word_1_15' title='bbox 631 483 998 551; x_wconf 72' lang='lat' dir='ltr'><em>imperatorem</em></span> <span class='ocrx_word' id='word_1_16' title='bbox 1044 481 1280 531; x_wconf 75' lang='lat' dir='ltr'><em>sanxisse</em></span> <span class='ocrx_word' id='word_1_17' title='bbox 1330 478 1470 546; x_wconf 68' lang='lat' dir='ltr'><em>„leq</em></span> <span class='ocrx_word' id='word_1_18' title='bbox 1486 474 1583 529; x_wconf 84' lang='lat' dir='ltr'><strong>e.“.·</strong></span> <span class='ocrx_word' id='word_1_19' title='bbox 1645 485 1744 543; x_wconf 83' lang='lat' dir='ltr'><em>„ut</em></span> <span class='ocrx_word' id='word_1_20' title='bbox 1788 491 1935 526; x_wconf 92' lang='lat' dir='ltr'><em>nemo</em></span> <span class='ocrx_word' id='word_1_21' title='bbox 1984 473 2237 526; x_wconf 89' lang='lat' dir='ltr'><em>laicorum</em></span> 
     </span>
     <span class='ocr_line' id='line_1_4' title="bbox 287 569 2236 648; baseline -0.006 -18"><span class='ocrx_word' id='word_1_22' title='bbox 287 580 591 648; x_wconf 76' lang='lat' dir='ltr'><em>principum</em></span> <span class='ocrx_word' id='word_1_23' title='bbox 627 577 709 628; x_wconf 81' lang='lat' dir='ltr'><em>vel</em></span> <span class='ocrx_word' id='word_1_24' title='bbox 736 586 1008 646; x_wconf 90' lang='lat' dir='ltr'><em>potentum</em></span> <span class='ocrx_word' id='word_1_25' title='bbox 1047 576 1237 626; x_wconf 77' lang='lat' dir='ltr'><strong><em>audeat</em></strong></span> <span class='ocrx_word' id='word_1_26' title='bbox 1281 590 1334 625; x_wconf 91' lang='lat' dir='ltr'><em>se</em></span> <span class='ocrx_word' id='word_1_27' title='bbox 1370 575 1594 624; x_wconf 87' lang='lat' dir='ltr'><em>inserere</em></span> <span class='ocrx_word' id='word_1_28' title='bbox 1633 571 1868 624; x_wconf 87' lang='lat' dir='ltr'><em>electioni</em></span> <span class='ocrx_word' id='word_1_29' title='bbox 1894 569 2236 639; x_wconf 76' lang='lat' dir='ltr'><em>patriarchae</em></span> 
     </span>
     <span class='ocr_line' id='line_1_5' title="bbox 290 665 2238 742; baseline -0.005 -17"><span class='ocrx_word' id='word_1_30' title='bbox 290 673 372 725; x_wconf 79' lang='lat' dir='ltr'><em>vel</em></span> <span class='ocrx_word' id='word_1_31' title='bbox 405 672 729 742; x_wconf 77' lang='lat' dir='ltr'><em>metropolite</em></span> <span class='ocrx_word' id='word_1_32' title='bbox 765 671 846 723; x_wconf 83' lang='lat' dir='ltr'><em>vel</em></span> <span class='ocrx_word' id='word_1_33' title='bbox 883 672 1116 742; x_wconf 86' lang='lat' dir='ltr'><em>episcopi</em></span> <span class='ocrx_word' id='word_1_34' title='bbox 1122 689 1141 732; x_wconf 83' lang='lat'><em>,-</em></span> <span class='ocrx_word' id='word_1_35' title='bbox 1191 669 1332 738; x_wconf 83' lang='lat' dir='ltr'><em>quod</em></span> <span class='ocrx_word' id='word_1_36' title='bbox 1373 669 1423 719; x_wconf 90' lang='lat' dir='ltr'><em>si</em></span> <span class='ocrx_word' id='word_1_37' title='bbox 1441 667 1655 738; x_wconf 82' lang='lat' dir='ltr'><em>factum</em></span> <span class='ocrx_word' id='word_1_38' title='bbox 1682 666 1881 734; x_wconf 85' lang='lat' dir='ltr'><em>fuerit,</em></span> <span class='ocrx_word' id='word_1_39' title='bbox 1932 665 2238 717; x_wconf 86' lang='lat' dir='ltr'><em>inordinata</em></span> 
     </span>
     <span class='ocr_line' id='line_1_6' title="bbox 292 762 1665 821; baseline -0.004 0"><span class='ocrx_word' id='word_1_40' title='bbox 292 770 391 821; x_wconf 88' lang='lat' dir='ltr'><em>erit</em></span> <span class='ocrx_word' id='word_1_41' title='bbox 425 768 546 820; x_wconf 89' lang='lat' dir='ltr'><em>talis</em></span> <span class='ocrx_word' id='word_1_42' title='bbox 587 768 758 820; x_wconf 76' lang='lat' dir='ltr'><em>electio</em></span> <span class='ocrx_word' id='word_1_43' title='bbox 778 764 823 819; x_wconf 86' lang='lat'><strong>“.</strong></span> <span class='ocrx_word' id='word_1_44' title='bbox 1661 762 1665 765; x_wconf 71' lang='grc'><strong>’</strong></span> 
     </span>
    </p>

    <p class='ocr_par' dir='ltr' id='par_1_3' title="bbox 282 856 2242 1701">
     <span class='ocr_line' id='line_1_7' title="bbox 439 856 2240 933; baseline -0.006 -16"><span class='ocrx_word' id='word_1_45' title='bbox 439 863 672 933; x_wconf 72' lang='lat' dir='ltr'><em>Affinait</em></span> <span class='ocrx_word' id='word_1_46' title='bbox 718 862 1081 916; x_wconf 89' lang='lat' dir='ltr'><em>Valentiniano</em></span> <span class='ocrx_word' id='word_1_47' title='bbox 1122 859 1160 911; x_wconf 94' lang='lat' dir='ltr'><em>I</em></span> <span class='ocrx_word' id='word_1_48' title='bbox 1198 859 1507 928; x_wconf 89' lang='lat' dir='ltr'><em>imperatori</em></span> <span class='ocrx_word' id='word_1_49' title='bbox 1553 857 1712 926; x_wconf 80' lang='lat' dir='ltr'><em>le9em</em></span> <span class='ocrx_word' id='word_1_50' title='bbox 1742 856 2079 925; x_wconf 71' lang='lat' dir='ltr'><em>fabulosam,</em></span> <span class='ocrx_word' id='word_1_51' title='bbox 2133 874 2240 925; x_wconf 83' lang='lat' dir='ltr'><em>qua</em></span> 
     </span>
     <span class='ocr_line' id='line_1_8' title="bbox 293 952 2238 1029; baseline -0.005 -16"><span class='ocrx_word' id='word_1_52' title='bbox 293 960 421 1013; x_wconf 90' lang='lat' dir='ltr'><em>laici</em></span> <span class='ocrx_word' id='word_1_53' title='bbox 457 961 521 1012; x_wconf 92' lang='lat' dir='ltr'><em>ab</em></span> <span class='ocrx_word' id='word_1_54' title='bbox 562 960 810 1029; x_wconf 69' lang='lat' dir='ltr'><em>eliyendis</em></span> <span class='ocrx_word' id='word_1_55' title='bbox 851 958 1104 1028; x_wconf 86' lang='lat' dir='ltr'><em>episcopis</em></span> <span class='ocrx_word' id='word_1_56' title='bbox 1123 956 1334 1026; x_wconf 89' lang='lat' dir='ltr'><em>penitus</em></span> <span class='ocrx_word' id='word_1_57' title='bbox 1360 962 1757 1017; x_wconf 76' lang='lat' dir='ltr'><em>removerentur,</em></span> <span class='ocrx_word' id='word_1_58' title='bbox 1798 952 2017 1004; x_wconf 88' lang='lat' dir='ltr'><em>Nicolai</em></span> <span class='ocrx_word' id='word_1_59' title='bbox 2040 952 2111 1004; x_wconf 94' lang='lat' dir='ltr'><em>II</em></span> <span class='ocrx_word' id='word_1_60' title='bbox 2137 971 2238 1022; x_wconf 87' lang='lat' dir='ltr'><em>pa-</em></span> 
     </span>
     <span class='ocr_line' id='line_1_9' title="bbox 282 1047 2239 1127; baseline -0.005 -18"><span class='ocrx_word' id='word_1_61' title='bbox 282 1075 392 1127; x_wconf 89' lang='lat' dir='ltr'><em>pae</em></span> <span class='ocrx_word' id='word_1_62' title='bbox 430 1058 493 1108; x_wconf 82' lang='lat' dir='ltr'><em>de</em></span> <span class='ocrx_word' id='word_1_63' title='bbox 533 1056 788 1108; x_wconf 88' lang='lat' dir='ltr'><em>Romanis</em></span> <span class='ocrx_word' id='word_1_64' title='bbox 817 1052 1152 1124; x_wconf 87' lang='lat' dir='ltr'><em>pontificibus</em></span> <span class='ocrx_word' id='word_1_65' title='bbox 1193 1049 1441 1118; x_wconf 73' lang='lat' dir='ltr'><em>eliyenolis</em></span> <span class='ocrx_word' id='word_1_66' title='bbox 1481 1048 1738 1100; x_wconf 85' lang='lat' dir='ltr'><em>decretum</em></span> <span class='ocrx_word' id='word_1_67' title='bbox 1765 1066 1903 1100; x_wconf 87' lang='lat' dir='ltr'><em>anno</em></span> <span class='ocrx_word' id='word_1_68' title='bbox 1931 1047 2076 1100; x_wconf 85' lang='lat'><em>1059</em></span> <span class='ocrx_word' id='word_1_69' title='bbox 2111 1067 2239 1118; x_wconf 88' lang='lat' dir='ltr'><em>pro-</em></span> 
     </span>
     <span class='ocr_line' id='line_1_10' title="bbox 292 1141 2237 1222; baseline -0.004 -18"><span class='ocrx_word' id='word_1_70' title='bbox 292 1146 624 1222; x_wconf 71' lang='lat' dir='ltr'><em>mulqatum¹,</em></span> <span class='ocrx_word' id='word_1_71' title='bbox 668 1169 769 1220; x_wconf 81' lang='lat' dir='ltr'><em>quo</em></span> <span class='ocrx_word' id='word_1_72' title='bbox 795 1151 932 1219; x_wconf 73' lang='lat' dir='ltr'><em>reqis</em></span> <span class='ocrx_word' id='word_1_73' title='bbox 959 1148 1241 1200; x_wconf 89' lang='lat' dir='ltr'><em>auctoritas</em></span> <span class='ocrx_word' id='word_1_74' title='bbox 1269 1144 1688 1212; x_wconf 84' lang='lat' dir='ltr'><em>confirmabatur,</em></span> <span class='ocrx_word' id='word_1_75' title='bbox 1719 1146 1777 1196; x_wconf 90' lang='lat' dir='ltr'><em>in</em></span> <span class='ocrx_word' id='word_1_76' title='bbox 1807 1141 2237 1214; x_wconf 72' lang='lat' dir='ltr'><em>„fiqmentorum“</em></span> 
     </span>
     <span class='ocr_line' id='line_1_11' title="bbox 291 1239 2240 1313; baseline -0.004 -13"><span class='ocrx_word' id='word_1_77' title='bbox 291 1266 563 1301; x_wconf 89' lang='lat' dir='ltr'><em>numerum</em></span> <span class='ocrx_word' id='word_1_78' title='bbox 597 1241 816 1299; x_wconf 78' lang='lat' dir='ltr'><em>retulit².</em></span> <span class='ocrx_word' id='word_1_79' title='bbox 872 1244 947 1298; x_wconf 89' lang='lat' dir='ltr'><em>Et</em></span> <span class='ocrx_word' id='word_1_80' title='bbox 972 1261 1072 1313; x_wconf 83' lang='lat' dir='ltr'><em>quo</em></span> <span class='ocrx_word' id='word_1_81' title='bbox 1106 1243 1275 1311; x_wconf 70' lang='lat' dir='ltr'><em>mayis</em></span> <span class='ocrx_word' id='word_1_82' title='bbox 1301 1259 1382 1292; x_wconf 92' lang='lat' dir='ltr'><em>res</em></span> <span class='ocrx_word' id='word_1_83' title='bbox 1423 1239 1801 1305; x_wconf 75' lang='lat' dir='ltr'><em>obscuraretur,</em></span> <span class='ocrx_word' id='word_1_84' title='bbox 1844 1259 1906 1292; x_wconf 74' lang='lat' dir='ltr'><em>ex</em></span> <span class='ocrx_word' id='word_1_85' title='bbox 1944 1240 2065 1292; x_wconf 89' lang='lat' dir='ltr'><em>aliis</em></span> <span class='ocrx_word' id='word_1_86' title='bbox 2105 1242 2240 1292; x_wconf 89' lang='lat' dir='ltr'><em>eius-</em></span> 
     </span>
     <span class='ocr_line' id='line_1_12' title="bbox 293 1331 2241 1406; baseline -0.005 -9"><span class='ocrx_word' id='word_1_87' title='bbox 293 1345 409 1397; x_wconf 84' lang='lat' dir='ltr'><em>dem</em></span> <span class='ocrx_word' id='word_1_88' title='bbox 432 1342 653 1396; x_wconf 89' lang='lat' dir='ltr'><em>Nicolai</em></span> <span class='ocrx_word' id='word_1_89' title='bbox 690 1342 871 1394; x_wconf 88' lang='lat' dir='ltr'><em>litteris</em></span> <span class='ocrx_word' id='word_1_90' title='bbox 912 1337 1001 1405; x_wconf 69' lang='lat' dir='ltr'><em>(ea</em></span> <span class='ocrx_word' id='word_1_91' title='bbox 1042 1339 1276 1406; x_wconf 83' lang='lat' dir='ltr'><em>„decreto</em></span> <span class='ocrx_word' id='word_1_92' title='bbox 1318 1348 1497 1391; x_wconf 90' lang='lat' dir='ltr'><em>contra</em></span> <span class='ocrx_word' id='word_1_93' title='bbox 1535 1331 1912 1389; x_wconf 75' lang='lat' dir='ltr'><em>simoniacos“³</em></span> <span class='ocrx_word' id='word_1_94' title='bbox 1952 1346 1999 1389; x_wconf 90' lang='lat' dir='ltr'><em>et</em></span> <span class='ocrx_word' id='word_1_95' title='bbox 2035 1355 2097 1388; x_wconf 73' lang='lat' dir='ltr'><em>ex</em></span> <span class='ocrx_word' id='word_1_96' title='bbox 2134 1338 2241 1388; x_wconf 92' lang='lat' dir='ltr'><em>eius</em></span> 
     </span>
     <span class='ocr_line' id='line_1_13' title="bbox 293 1428 2239 1508; baseline -0.004 -16"><span class='ocrx_word' id='word_1_97' title='bbox 293 1440 366 1492; x_wconf 83' lang='lat' dir='ltr'><em>ad</em></span> <span class='ocrx_word' id='word_1_98' title='bbox 403 1457 574 1492; x_wconf 91' lang='lat' dir='ltr'><em>omnes</em></span> <span class='ocrx_word' id='word_1_99' title='bbox 614 1440 881 1508; x_wconf 87' lang='lat' dir='ltr'><em>episcopos</em></span> <span class='ocrx_word' id='word_1_100' title='bbox 922 1431 1193 1506; x_wconf 76' lang='lat' dir='ltr'><em>epistola⁴)</em></span> <span class='ocrx_word' id='word_1_101' title='bbox 1235 1445 1495 1488; x_wconf 76' lang='lat' dir='ltr'><em>centonem</em></span> <span class='ocrx_word' id='word_1_102' title='bbox 1533 1428 1776 1497; x_wconf 85' lang='lat' dir='ltr'><em>consuit⁵,</em></span> <span class='ocrx_word' id='word_1_103' title='bbox 1817 1450 1982 1502; x_wconf 82' lang='lat' dir='ltr'><em>neque</em></span> <span class='ocrx_word' id='word_1_104' title='bbox 2021 1432 2239 1497; x_wconf 88' lang='lat' dir='ltr'><em>erubuit,</em></span> 
     </span>
     <span class='ocr_line' id='line_1_14' title="bbox 293 1529 2242 1605; baseline -0.005 -17"><span class='ocrx_word' id='word_1_105' title='bbox 293 1537 523 1588; x_wconf 88' lang='lat' dir='ltr'><em>sincerae</em></span> <span class='ocrx_word' id='word_1_106' title='bbox 569 1535 673 1605; x_wconf 72' lang='lat' dir='ltr'><em>leqi</em></span> <span class='ocrx_word' id='word_1_107' title='bbox 719 1534 879 1603; x_wconf 82' lang='lat' dir='ltr'><em>le9em</em></span> <span class='ocrx_word' id='word_1_108' title='bbox 910 1532 1158 1602; x_wconf 83' lang='lat' dir='ltr'><em>fucatam</em></span> <span class='ocrx_word' id='word_1_109' title='bbox 1204 1549 1527 1602; x_wconf 70' lang='lat' dir='ltr'><em>supponens,</em></span> <span class='ocrx_word' id='word_1_110' title='bbox 1578 1530 1791 1582; x_wconf 80' lang='lat' dir='ltr'><em>eandem</em></span> <span class='ocrx_word' id='word_1_111' title='bbox 1827 1531 1903 1581; x_wconf 89' lang='lat' dir='ltr'><em>ita</em></span> <span class='ocrx_word' id='word_1_112' title='bbox 1948 1529 2242 1582; x_wconf 86' lang='lat' dir='ltr'><em>clamitare:</em></span> 
     </span>
     <span class='ocr_line' id='line_1_15' title="bbox 297 1622 2142 1701; baseline -0.004 -17"><span class='ocrx_word' id='word_1_113' title='bbox 297 1633 388 1700; x_wconf 86' lang='lat' dir='ltr'><em>„in</em></span> <span class='ocrx_word' id='word_1_114' title='bbox 425 1632 522 1684; x_wconf 77' lang='lat' dir='ltr'><em>hac</em></span> <span class='ocrx_word' id='word_1_115' title='bbox 559 1631 759 1701; x_wconf 71' lang='lat' dir='ltr'><em>synodo</em></span> <span class='ocrx_word' id='word_1_116' title='bbox 799 1630 909 1681; x_wconf 75' lang='lat' dir='ltr'><em>hec</em></span> <span class='ocrx_word' id='word_1_117' title='bbox 947 1628 1048 1681; x_wconf 73' lang='lat' dir='ltr'><em>lex</em></span> <span class='ocrx_word' id='word_1_118' title='bbox 1086 1629 1149 1680; x_wconf 82' lang='lat' dir='ltr'><em>cle</em></span> <span class='ocrx_word' id='word_1_119' title='bbox 1187 1629 1426 1680; x_wconf 87' lang='lat' dir='ltr'><em>electione</em></span> <span class='ocrx_word' id='word_1_120' title='bbox 1455 1626 1722 1697; x_wconf 85' lang='lat' dir='ltr'><em>pontificis</em></span> <span class='ocrx_word' id='word_1_121' title='bbox 1761 1625 1971 1692; x_wconf 70' lang='lat' dir='ltr'><em>definita</em></span> <span class='ocrx_word' id='word_1_122' title='bbox 2010 1622 2142 1678; x_wconf 85' lang='lat' dir='ltr'><em>est“.</em></span> 
     </span>
    </p>

    <p class='ocr_par' dir='ltr' id='par_1_4' title="bbox 296 1717 2252 2658">
     <span class='ocr_line' id='line_1_16' title="bbox 453 1717 2243 1796; baseline -0.005 -15"><span class='ocrx_word' id='word_1_123' title='bbox 453 1727 642 1781; x_wconf 90' lang='lat' dir='ltr'><em>Verum</em></span> <span class='ocrx_word' id='word_1_124' title='bbox 677 1727 918 1796; x_wconf 69' lang='lat' dir='ltr'><em>prodiyii</em></span> <span class='ocrx_word' id='word_1_125' title='bbox 953 1725 1121 1777; x_wconf 89' lang='lat' dir='ltr'><em>simile</em></span> <span class='ocrx_word' id='word_1_126' title='bbox 1160 1734 1248 1790; x_wconf 90' lang='lat' dir='ltr'><em>est,</em></span> <span class='ocrx_word' id='word_1_127' title='bbox 1291 1725 1433 1794; x_wconf 81' lang='lat' dir='ltr'><em>quod</em></span> <span class='ocrx_word' id='word_1_128' title='bbox 1464 1725 1522 1774; x_wconf 93' lang='lat' dir='ltr'><em>in</em></span> <span class='ocrx_word' id='word_1_129' title='bbox 1550 1720 1736 1774; x_wconf 87' lang='lat' dir='ltr'><em>Carolo</em></span> <span class='ocrx_word' id='word_1_130' title='bbox 1763 1721 1963 1790; x_wconf 73' lang='lat' dir='ltr'><em>Maqno</em></span> <span class='ocrx_word' id='word_1_131' title='bbox 1999 1717 2243 1791; x_wconf 71' lang='lat' dir='ltr'><em>pereqit⁶.</em></span> 
     </span>
     <span class='ocr_line' id='line_1_17' title="bbox 299 1817 2247 1893; baseline -0.005 -17"><span class='ocrx_word' id='word_1_132' title='bbox 299 1823 574 1893; x_wconf 81' lang='lat' dir='ltr'><em>Quidquid</em></span> <span class='ocrx_word' id='word_1_133' title='bbox 611 1824 746 1874; x_wconf 89' lang='lat' dir='ltr'><em>enim</em></span> <span class='ocrx_word' id='word_1_134' title='bbox 785 1823 847 1874; x_wconf 87' lang='lat' dir='ltr'><em>de</em></span> <span class='ocrx_word' id='word_1_135' title='bbox 886 1822 1061 1874; x_wconf 87' lang='lat' dir='ltr'><em>eoolem</em></span> <span class='ocrx_word' id='word_1_136' title='bbox 1099 1822 1433 1890; x_wconf 86' lang='lat' dir='ltr'><em>conscripsit,</em></span> <span class='ocrx_word' id='word_1_137' title='bbox 1483 1820 1543 1870; x_wconf 82' lang='lat' dir='ltr'><em>id</em></span> <span class='ocrx_word' id='word_1_138' title='bbox 1582 1835 1728 1870; x_wconf 91' lang='lat' dir='ltr'><em>omne</em></span> <span class='ocrx_word' id='word_1_139' title='bbox 1750 1817 1874 1885; x_wconf 85' lang='lat' dir='ltr'><em>fere</em></span> <span class='ocrx_word' id='word_1_140' title='bbox 1913 1817 1984 1868; x_wconf 81' lang='lat' dir='ltr'><em>ad</em></span> <span class='ocrx_word' id='word_1_141' title='bbox 2023 1817 2247 1869; x_wconf 88' lang='lat' dir='ltr'><em>litteram</em></span> 
     </span>
     <span class='ocr_line' id='line_1_18' title="bbox 298 1913 2244 1989; baseline -0.004 -17"><span class='ocrx_word' id='word_1_142' title='bbox 298 1939 360 1972; x_wconf 79' lang='lat' dir='ltr'><em>ea·</em></span> <span class='ocrx_word' id='word_1_143' title='bbox 406 1919 532 1971; x_wconf 84' lang='lat' dir='ltr'><em>libri</em></span> <span class='ocrx_word' id='word_1_144' title='bbox 567 1917 890 1989; x_wconf 70' lang='lat' dir='ltr'><em>pontificalis</em></span> <span class='ocrx_word' id='word_1_145' title='bbox 937 1918 1047 1970; x_wconf 82' lang='lat' dir='ltr'><em>vita</em></span> <span class='ocrx_word' id='word_1_146' title='bbox 1096 1915 1371 1968; x_wconf 81' lang='lat' dir='ltr'><em>Hadriani</em></span> <span class='ocrx_word' id='word_1_147' title='bbox 1416 1915 1455 1966; x_wconf 94' lang='lat' dir='ltr'><em>I</em></span> <span class='ocrx_word' id='word_1_148' title='bbox 1496 1913 1808 1966; x_wconf 89' lang='lat' dir='ltr'><em>translatum</em></span> <span class='ocrx_word' id='word_1_149' title='bbox 1857 1931 1962 1964; x_wconf 93' lang='lat' dir='ltr'><em>esse</em></span> <span class='ocrx_word' id='word_1_150' title='bbox 2007 1922 2244 1982; x_wconf 90' lang='lat' dir='ltr'><em>apparet.</em></span> 
     </span>
     <span class='ocr_line' id='line_1_19' title="bbox 298 2007 2248 2084; baseline -0.005 -16"><span class='ocrx_word' id='word_1_151' title='bbox 298 2015 366 2068; x_wconf 91' lang='lat' dir='ltr'><em>In</em></span> <span class='ocrx_word' id='word_1_152' title='bbox 413 2016 638 2068; x_wconf 79' lang='lat' dir='ltr'><em>eiusdem</em></span> <span class='ocrx_word' id='word_1_153' title='bbox 686 2015 854 2084; x_wconf 89' lang='lat' dir='ltr'><em>ipsius</em></span> <span class='ocrx_word' id='word_1_154' title='bbox 901 2031 1021 2065; x_wconf 82' lang='lat' dir='ltr'><em>vero</em></span> <span class='ocrx_word' id='word_1_155' title='bbox 1071 2012 1196 2064; x_wconf 90' lang='lat' dir='ltr'><em>libri</em></span> <span class='ocrx_word' id='word_1_156' title='bbox 1234 2010 1556 2081; x_wconf 86' lang='lat' dir='ltr'><em>pontificalis</em></span> <span class='ocrx_word' id='word_1_157' title='bbox 1605 2011 1712 2062; x_wconf 86' lang='lat' dir='ltr'><em>vita</em></span> <span class='ocrx_word' id='word_1_158' title='bbox 1757 2009 1950 2061; x_wconf 91' lang='lat' dir='ltr'><em>Leonis</em></span> <span class='ocrx_word' id='word_1_159' title='bbox 1990 2007 2094 2060; x_wconf 94' lang='lat' dir='ltr'><em>III</em></span> <span class='ocrx_word' id='word_1_160' title='bbox 2133 2025 2248 2060; x_wconf 90' lang='lat' dir='ltr'><em>cum</em></span> 
     </span>
     <span class='ocr_line' id='line_1_20' title="bbox 300 2106 2246 2181; baseline -0.004 -18"><span class='ocrx_word' id='word_1_161' title='bbox 300 2111 517 2181; x_wconf 82' lang='lat' dir='ltr'><em>le9isset,</em></span> <span class='ocrx_word' id='word_1_162' title='bbox 561 2111 762 2163; x_wconf 85' lang='lat' dir='ltr'><em>Romae</em></span> <span class='ocrx_word' id='word_1_163' title='bbox 800 2127 939 2161; x_wconf 92' lang='lat' dir='ltr'><em>anno</em></span> <span class='ocrx_word' id='word_1_164' title='bbox 965 2108 1075 2161; x_wconf 81' lang='lat'><em>800</em></span> <span class='ocrx_word' id='word_1_165' title='bbox 1116 2106 1376 2171; x_wconf 89' lang='lat' dir='ltr'><em>Carolum,</em></span> <span class='ocrx_word' id='word_1_166' title='bbox 1419 2116 1698 2175; x_wconf 79' lang='lat' dir='ltr'><em>antequam</em></span> <span class='ocrx_word' id='word_1_167' title='bbox 1736 2106 1979 2157; x_wconf 82' lang='lat' dir='ltr'><em>diadema</em></span> <span class='ocrx_word' id='word_1_168' title='bbox 2016 2106 2246 2174; x_wconf 90' lang='lat' dir='ltr'><em>impera-</em></span> 
     </span>
     <span class='ocr_line' id='line_1_21' title="bbox 301 2201 2247 2276; baseline -0.004 -17"><span class='ocrx_word' id='word_1_169' title='bbox 301 2208 493 2260; x_wconf 89' lang='lat' dir='ltr'><em>torium</em></span> <span class='ocrx_word' id='word_1_170' title='bbox 531 2208 833 2276; x_wconf 82' lang='lat' dir='ltr'><em>accepisset,</em></span> <span class='ocrx_word' id='word_1_171' title='bbox 875 2206 1129 2257; x_wconf 81' lang='lat' dir='ltr'><em>iudicium</em></span> <span class='ocrx_word' id='word_1_172' title='bbox 1151 2203 1348 2272; x_wconf 86' lang='lat' dir='ltr'><em>fecisse</em></span> <span class='ocrx_word' id='word_1_173' title='bbox 1388 2213 1434 2254; x_wconf 91' lang='lat' dir='ltr'><em>et</em></span> <span class='ocrx_word' id='word_1_174' title='bbox 1471 2202 1616 2271; x_wconf 83' lang='lat' dir='ltr'><em>apud</em></span> <span class='ocrx_word' id='word_1_175' title='bbox 1655 2202 1870 2253; x_wconf 85' lang='lat' dir='ltr'><em>eundem</em></span> <span class='ocrx_word' id='word_1_176' title='bbox 1906 2201 2247 2267; x_wconf 76' lang='lat' dir='ltr'><em>iureiurando</em></span> 
     </span>
     <span class='ocr_line' id='line_1_22' title="bbox 297 2297 2250 2372; baseline -0.004 -17"><span class='ocrx_word' id='word_1_177' title='bbox 297 2302 524 2355; x_wconf 92' lang='lat' dir='ltr'><em>Leonem</em></span> <span class='ocrx_word' id='word_1_178' title='bbox 557 2320 758 2372; x_wconf 90' lang='lat' dir='ltr'><em>papam</em></span> <span class='ocrx_word' id='word_1_179' title='bbox 792 2320 845 2353; x_wconf 89' lang='lat' dir='ltr'><em>se</em></span> <span class='ocrx_word' id='word_1_180' title='bbox 883 2302 945 2353; x_wconf 81' lang='lat' dir='ltr'><em>cle</em></span> <span class='ocrx_word' id='word_1_181' title='bbox 984 2299 1287 2352; x_wconf 88' lang='lat' dir='ltr'><em>criminibus</em></span> <span class='ocrx_word' id='word_1_182' title='bbox 1325 2299 1650 2369; x_wconf 68' lang='lat' dir='ltr'><em>purqavisse,</em></span> <span class='ocrx_word' id='word_1_183' title='bbox 1691 2297 2119 2366; x_wconf 67' lang='lat' dir='ltr'><em>indiynabundus</em></span> <span class='ocrx_word' id='word_1_184' title='bbox 2144 2314 2250 2348; x_wconf 93' lang='lat' dir='ltr'><em>non</em></span> 
     </span>
     <span class='ocr_line' id='line_1_23' title="bbox 296 2393 2252 2462; baseline -0.004 -11"><span class='ocrx_word' id='word_1_185' title='bbox 296 2399 450 2451; x_wconf 86' lang='lat' dir='ltr'><em>modo</em></span> <span class='ocrx_word' id='word_1_186' title='bbox 488 2399 744 2451; x_wconf 84' lang='lat' dir='ltr'><em>iudicium</em></span> <span class='ocrx_word' id='word_1_187' title='bbox 781 2397 919 2449; x_wconf 84' lang='lat' dir='ltr'><em>illud</em></span> <span class='ocrx_word' id='word_1_188' title='bbox 955 2398 1082 2449; x_wconf 71' lang='lat' dir='ltr'><em>teoeit</em></span> <span class='ocrx_word' id='word_1_189' title='bbox 1117 2395 1349 2460; x_wconf 89' lang='lat' dir='ltr'><em>silenti0,</em></span> <span class='ocrx_word' id='word_1_190' title='bbox 1398 2412 1576 2446; x_wconf 84' lang='lat' dir='ltr'><em>verum</em></span> <span class='ocrx_word' id='word_1_191' title='bbox 1623 2395 1777 2446; x_wconf 91' lang='lat' dir='ltr'><em>etiam</em></span> <span class='ocrx_word' id='word_1_192' title='bbox 1825 2411 1972 2445; x_wconf 88' lang='lat' dir='ltr'><em>caeco</em></span> <span class='ocrx_word' id='word_1_193' title='bbox 2024 2393 2252 2462; x_wconf 80' lang='lat' dir='ltr'><em>quodam</em></span> 
     </span>
     <span class='ocr_line' id='line_1_24' title="bbox 301 2492 2251 2562; baseline -0.004 -15"><span class='ocrx_word' id='word_1_194' title='bbox 301 2495 422 2547; x_wconf 82' lang='lat' dir='ltr'><em>odio</em></span> <span class='ocrx_word' id='word_1_195' title='bbox 461 2496 707 2547; x_wconf 89' lang='lat' dir='ltr'><em>incitatus</em></span> <span class='ocrx_word' id='word_1_196' title='bbox 731 2493 870 2562; x_wconf 88' lang='lat' dir='ltr'><em>fecit</em></span> <span class='ocrx_word' id='word_1_197' title='bbox 904 2493 987 2558; x_wconf 83' lang='lat' dir='ltr'><em>id,</em></span> <span class='ocrx_word' id='word_1_198' title='bbox 1043 2492 1185 2562; x_wconf 81' lang='lat' dir='ltr'><em>quod</em></span> <span class='ocrx_word' id='word_1_199' title='bbox 1221 2493 1311 2544; x_wconf 75' lang='lat' dir='ltr'><em>vix</em></span> <span class='ocrx_word' id='word_1_200' title='bbox 1351 2492 1661 2543; x_wconf 83' lang='lat' dir='ltr'><em>credendum</em></span> <span class='ocrx_word' id='word_1_201' title='bbox 1700 2500 1800 2554; x_wconf 89' lang='lat' dir='ltr'><em>est,</em></span> <span class='ocrx_word' id='word_1_202' title='bbox 1851 2500 1910 2542; x_wconf 90' lang='lat' dir='ltr'><em>ut</em></span> <span class='ocrx_word' id='word_1_203' title='bbox 1944 2506 2054 2540; x_wconf 90' lang='lat' dir='ltr'><em>rem</em></span> <span class='ocrx_word' id='word_1_204' title='bbox 2090 2506 2251 2540; x_wconf 86' lang='lat' dir='ltr'><em>unam</em></span> 
     </span>
     <span class='ocr_line' id='line_1_25' title="bbox 302 2585 2252 2658; baseline -0.004 -16"><span class='ocrx_word' id='word_1_205' title='bbox 302 2591 533 2642; x_wconf 88' lang='lat' dir='ltr'><em>omnium</em></span> <span class='ocrx_word' id='word_1_206' title='bbox 569 2590 894 2642; x_wconf 89' lang='lat' dir='ltr'><em>saeculorum</em></span> <span class='ocrx_word' id='word_1_207' title='bbox 927 2589 1298 2658; x_wconf 71' lang='lat' dir='ltr'><em>qravissimam</em></span> <span class='ocrx_word' id='word_1_208' title='bbox 1334 2589 1694 2657; x_wconf 82' lang='lat' dir='ltr'><em>universisque</em></span> <span class='ocrx_word' id='word_1_209' title='bbox 1722 2585 2029 2656; x_wconf 85' lang='lat' dir='ltr'><em>passeribus</em></span> <span class='ocrx_word' id='word_1_210' title='bbox 2074 2594 2252 2637; x_wconf 90' lang='lat' dir='ltr'><em>notam</em></span> 
     </span>
    </p>
   </div>
   <div class='ocr_carea' id='block_1_3' title="bbox 299 2765 2256 3695">
    <p class='ocr_par' dir='ltr' id='par_1_5' title="bbox 299 2765 2256 3695">
     <span class='ocr_line' id='line_1_26' title="bbox 420 2765 2252 2825; baseline -0.003 -11"><span class='ocrx_word' id='word_1_211' title='bbox 420 2771 461 2814; x_wconf 91' lang='lat'><strong>1.</strong></span> <span class='ocrx_word' id='word_1_212' title='bbox 492 2769 603 2814; x_wconf 85' lang='lat' dir='ltr'><em>Eius</em></span> <span class='ocrx_word' id='word_1_213' title='bbox 635 2769 842 2825; x_wconf 83' lang='lat' dir='ltr'><em>exempla</em></span> <span class='ocrx_word' id='word_1_214' title='bbox 872 2767 962 2813; x_wconf 91' lang='lat' dir='ltr'><em>duo</em></span> <span class='ocrx_word' id='word_1_215' title='bbox 993 2781 1136 2824; x_wconf 88' lang='lat' dir='ltr'><em>eaque</em></span> <span class='ocrx_word' id='word_1_216' title='bbox 1167 2771 1285 2814; x_wconf 85' lang='lat' dir='ltr'><em>inter</em></span> <span class='ocrx_word' id='word_1_217' title='bbox 1315 2781 1364 2812; x_wconf 87' lang='lat' dir='ltr'><em>se</em></span> <span class='ocrx_word' id='word_1_218' title='bbox 1395 2768 1649 2812; x_wconf 79' lang='lat' dir='ltr'><em>differentia</em></span> <span class='ocrx_word' id='word_1_219' title='bbox 1669 2769 1864 2811; x_wconf 80' lang='lat' dir='ltr'><em>exstant.</em></span> <span class='ocrx_word' id='word_1_220' title='bbox 1913 2766 2110 2818; x_wconf 84' lang='lat' dir='ltr'><em>Quorum</em></span> <span class='ocrx_word' id='word_1_221' title='bbox 2143 2765 2252 2809; x_wconf 78' lang='lat' dir='ltr'><em>alte-</em></span> 
     </span>
     <span class='ocr_line' id='line_1_27' title="bbox 300 2838 2251 2898; baseline -0.004 -10"><span class='ocrx_word' id='word_1_222' title='bbox 300 2858 400 2888; x_wconf 91' lang='lat' dir='ltr'><em>rum</em></span> <span class='ocrx_word' id='word_1_223' title='bbox 431 2856 457 2888; x_wconf 91' lang='lat' dir='ltr'><em>e</em></span> <span class='ocrx_word' id='word_1_224' title='bbox 488 2843 644 2888; x_wconf 89' lang='lat' dir='ltr'><em>codice</em></span> <span class='ocrx_word' id='word_1_225' title='bbox 676 2843 898 2887; x_wconf 81' lang='lat' dir='ltr'><em>Vaticano</em></span> <span class='ocrx_word' id='word_1_226' title='bbox 931 2842 1047 2886; x_wconf 88' lang='lat'>1984</span> <span class='ocrx_word' id='word_1_227' title='bbox 1076 2845 1271 2886; x_wconf 81' lang='lat' dir='ltr'><em>tractum</em></span> <span class='ocrx_word' id='word_1_228' title='bbox 1309 2842 1475 2898; x_wconf 86' lang='lat' dir='ltr'><em>legitur</em></span> <span class='ocrx_word' id='word_1_229' title='bbox 1503 2842 1551 2885; x_wconf 89' lang='lat' dir='ltr'><em>in</em></span> <span class='ocrx_word' id='word_1_230' title='bbox 1581 2841 1702 2885; x_wconf 90' lang='lat' dir='ltr'><em>Mon.</em></span> <span class='ocrx_word' id='word_1_231' title='bbox 1724 2839 1875 2884; x_wconf 84' lang='lat' dir='ltr'><em>Germ.</em></span> <span class='ocrx_word' id='word_1_232' title='bbox 1896 2839 1987 2882; x_wconf 94' lang='lat' dir='ltr'><strong>LL.</strong></span> <span class='ocrx_word' id='word_1_233' title='bbox 2009 2838 2054 2882; x_wconf 90' lang='lat' dir='ltr'><strong>H</strong></span> <span class='ocrx_word' id='word_1_234' title='bbox 2083 2850 2121 2882; x_wconf 91' lang='lat'><em>11</em></span> <span class='ocrx_word' id='word_1_235' title='bbox 2151 2839 2251 2894; x_wconf 78' lang='lat'><em>176,</em></span> 
     </span>
     <span class='ocr_line' id='line_1_28' title="bbox 301 2911 2250 2971; baseline -0.004 -10"><span class='ocrx_word' id='word_1_236' title='bbox 301 2918 491 2962; x_wconf 79' lang='lat' dir='ltr'><em>alterum</em></span> <span class='ocrx_word' id='word_1_237' title='bbox 522 2917 569 2960; x_wconf 92' lang='lat' dir='ltr'><em>in</em></span> <span class='ocrx_word' id='word_1_238' title='bbox 600 2915 804 2960; x_wconf 81' lang='lat' dir='ltr'><em>Gratiani</em></span> <span class='ocrx_word' id='word_1_239' title='bbox 833 2916 966 2959; x_wconf 87' lang='lat' dir='ltr'><em>Decr.</em></span> <span class='ocrx_word' id='word_1_240' title='bbox 998 2916 1048 2958; x_wconf 92' lang='lat' dir='ltr'><em>P.</em></span> <span class='ocrx_word' id='word_1_241' title='bbox 1069 2916 1092 2959; x_wconf 95' lang='lat' dir='ltr'><strong>I</strong></span> <span class='ocrx_word' id='word_1_242' title='bbox 1121 2915 1178 2959; x_wconf 92' lang='lat' dir='ltr'><em>D.</em></span> <span class='ocrx_word' id='word_1_243' title='bbox 1203 2916 1260 2959; x_wconf 81' lang='lat'><em>23</em></span> <span class='ocrx_word' id='word_1_244' title='bbox 1291 2927 1330 2958; x_wconf 93' lang='lat' dir='ltr'><em>c.</em></span> <span class='ocrx_word' id='word_1_245' title='bbox 1354 2916 1378 2959; x_wconf 92' lang='lat'>1</span> <span class='ocrx_word' id='word_1_246' title='bbox 1412 2918 1458 2958; x_wconf 83' lang='lat' dir='ltr'><em>et</em></span> <span class='ocrx_word' id='word_1_247' title='bbox 1489 2928 1561 2971; x_wconf 87' lang='lat' dir='ltr'><em>ap.</em></span> <span class='ocrx_word' id='word_1_248' title='bbox 1583 2914 1824 2969; x_wconf 87' lang='lat' dir='ltr'><em>Hugonem</em></span> <span class='ocrx_word' id='word_1_249' title='bbox 1845 2911 2250 2967; x_wconf 84' lang='lat' dir='ltr'><em>Flaviniacensem,</em></span> 
     </span>
     <span class='ocr_line' id='line_1_29' title="bbox 299 2984 2250 3042; baseline -0.004 -6"><span class='ocrx_word' id='word_1_250' title='bbox 299 2992 418 3036; x_wconf 86' lang='lat' dir='ltr'><em>Mon.</em></span> <span class='ocrx_word' id='word_1_251' title='bbox 442 2990 595 3035; x_wconf 85' lang='lat' dir='ltr'><em>Germ.</em></span> <span class='ocrx_word' id='word_1_252' title='bbox 618 2989 698 3034; x_wconf 85' lang='lat' dir='ltr'><strong>SS.</strong></span> <span class='ocrx_word' id='word_1_253' title='bbox 719 2989 830 3035; x_wconf 92' lang='lat' dir='ltr'><strong>VIII</strong></span> <span class='ocrx_word' id='word_1_254' title='bbox 859 2989 960 3033; x_wconf 83' lang='lat'><strong>408.</strong></span> <span class='ocrx_word' id='word_1_255' title='bbox 1009 2987 1075 3033; x_wconf 78' lang='lat' dir='ltr'><strong>Of.</strong></span> <span class='ocrx_word' id='word_1_256' title='bbox 1097 2988 1248 3033; x_wconf 84' lang='lat' dir='ltr'><em>Waitz</em></span> <span class='ocrx_word' id='word_1_257' title='bbox 1287 2986 1438 3032; x_wconf 88' lang='lat' dir='ltr'><em>Ueber</em></span> <span class='ocrx_word' id='word_1_258' title='bbox 1478 2986 1560 3031; x_wconf 86' lang='lat' dir='ltr'><em>das</em></span> <span class='ocrx_word' id='word_1_259' title='bbox 1602 2987 1757 3031; x_wconf 81' lang='lat' dir='ltr'><em>decret</em></span> <span class='ocrx_word' id='word_1_260' title='bbox 1791 2986 1871 3030; x_wconf 89' lang='lat' dir='ltr'><em>des</em></span> <span class='ocrx_word' id='word_1_261' title='bbox 1902 2988 2088 3042; x_wconf 81' lang='lat' dir='ltr'><em>papstes</em></span> <span class='ocrx_word' id='word_1_262' title='bbox 2118 2984 2250 3029; x_wconf 86' lang='lat' dir='ltr'><em>Nico-</em></span> 
     </span>
     <span class='ocr_line' id='line_1_30' title="bbox 299 3057 2254 3121; baseline -0.004 -12"><span class='ocrx_word' id='word_1_263' title='bbox 299 3066 400 3109; x_wconf 84' lang='lat' dir='ltr'><em>laus</em></span> <span class='ocrx_word' id='word_1_264' title='bbox 428 3064 486 3121; x_wconf 87' lang='grc' dir='ltr'><em>ΙΙ,</em></span> <span class='ocrx_word' id='word_1_265' title='bbox 518 3064 565 3108; x_wconf 90' lang='lat' dir='ltr'><em>in</em></span> <span class='ocrx_word' id='word_1_266' title='bbox 594 3062 919 3119; x_wconf 86' lang='lat' dir='ltr'><em>Forschungen</em></span> <span class='ocrx_word' id='word_1_267' title='bbox 950 3075 1029 3105; x_wconf 90' lang='lat' dir='ltr'><em>zur</em></span> <span class='ocrx_word' id='word_1_268' title='bbox 1060 3060 1310 3105; x_wconf 78' lang='lat' dir='ltr'><em>deutschen</em></span> <span class='ocrx_word' id='word_1_269' title='bbox 1341 3059 1612 3105; x_wconf 82' lang='lat' dir='ltr'><em>Geschichte</em></span> <span class='ocrx_word' id='word_1_270' title='bbox 1644 3060 1709 3106; x_wconf 92' lang='lat' dir='ltr'><em>IV</em></span> <span class='ocrx_word' id='word_1_271' title='bbox 1741 3059 1826 3104; x_wconf 87' lang='lat'><em>105</em></span> <span class='ocrx_word' id='word_1_272' title='bbox 1858 3071 1923 3115; x_wconf 86' lang='lat' dir='ltr'><em>sq.</em></span> <span class='ocrx_word' id='word_1_273' title='bbox 2046 3059 2087 3102; x_wconf 84' lang='lat'><strong>2.</strong></span> <span class='ocrx_word' id='word_1_274' title='bbox 2119 3058 2171 3101; x_wconf 88' lang='lat' dir='ltr'><em>L.</em></span> <span class='ocrx_word' id='word_1_275' title='bbox 2188 3057 2254 3102; x_wconf 93' lang='lat' dir='ltr'><em>VI</em></span> 
     </span>
     <span class='ocr_line' id='line_1_31' title="bbox 302 3132 2251 3188; baseline -0.004 -6"><span class='ocrx_word' id='word_1_276' title='bbox 302 3142 348 3183; x_wconf 79' lang='lat' dir='ltr'><em>et</em></span> <span class='ocrx_word' id='word_1_277' title='bbox 376 3138 458 3182; x_wconf 91' lang='lat' dir='ltr'><em>IX.</em></span> <span class='ocrx_word' id='word_1_278' title='bbox 493 3162 548 3169; x_wconf 89' lang='lat'><em>-</em></span> <span class='ocrx_word' id='word_1_279' title='bbox 580 3135 731 3180; x_wconf 88' lang='lat' dir='ltr'><em>Aliam</em></span> <span class='ocrx_word' id='word_1_280' title='bbox 762 3136 983 3180; x_wconf 83' lang='lat' dir='ltr'><em>rationem</em></span> <span class='ocrx_word' id='word_1_281' title='bbox 1014 3135 1114 3179; x_wconf 82' lang='lat' dir='ltr'><em>iniit</em></span> <span class='ocrx_word' id='word_1_282' title='bbox 1143 3134 1398 3178; x_wconf 78' lang='lat' dir='ltr'><em>Deusdedit</em></span> <span class='ocrx_word' id='word_1_283' title='bbox 1428 3137 1585 3178; x_wconf 84' lang='lat' dir='ltr'><em>contra</em></span> <span class='ocrx_word' id='word_1_284' title='bbox 1620 3134 1852 3178; x_wconf 80' lang='lat' dir='ltr'><em>invasores</em></span> <span class='ocrx_word' id='word_1_285' title='bbox 1884 3133 1935 3176; x_wconf 93' lang='lat' dir='ltr'><em>L.</em></span> <span class='ocrx_word' id='word_1_286' title='bbox 1958 3132 1980 3176; x_wconf 94' lang='lat' dir='ltr'><strong>I</strong></span> <span class='ocrx_word' id='word_1_287' title='bbox 2010 3144 2048 3176; x_wconf 86' lang='lat' dir='ltr'><em>c.</em></span> <span class='ocrx_word' id='word_1_288' title='bbox 2074 3132 2128 3176; x_wconf 88' lang='lat'><em>11</em></span> <span class='ocrx_word' id='word_1_289' title='bbox 2163 3132 2251 3188; x_wconf 86' lang='lat' dir='ltr'><em>(ap.</em></span> 
     </span>
     <span class='ocr_line' id='line_1_32' title="bbox 300 3205 2253 3267; baseline -0.004 -12"><span class='ocrx_word' id='word_1_290' title='bbox 300 3211 392 3255; x_wconf 88' lang='lat' dir='ltr'><em>Mai</em></span> <span class='ocrx_word' id='word_1_291' title='bbox 411 3211 567 3256; x_wconf 84' lang='lat' dir='ltr'><em>Novae</em></span> <span class='ocrx_word' id='word_1_292' title='bbox 587 3214 703 3267; x_wconf 81' lang='lat' dir='ltr'><em>patr.</em></span> <span class='ocrx_word' id='word_1_293' title='bbox 724 3209 832 3254; x_wconf 91' lang='lat' dir='ltr'><em>bibl.</em></span> <span class='ocrx_word' id='word_1_294' title='bbox 856 3210 909 3253; x_wconf 91' lang='lat' dir='ltr'><em>T.</em></span> <span class='ocrx_word' id='word_1_295' title='bbox 929 3209 1016 3254; x_wconf 92' lang='lat' dir='ltr'><em>VII</em></span> <span class='ocrx_word' id='word_1_296' title='bbox 1035 3208 1084 3252; x_wconf 91' lang='lat' dir='ltr'><em>P.</em></span> <span class='ocrx_word' id='word_1_297' title='bbox 1102 3208 1168 3252; x_wconf 94' lang='grc' dir='ltr'><em>ΠΙ</em></span> <span class='ocrx_word' id='word_1_298' title='bbox 1186 3222 1230 3264; x_wconf 91' lang='lat' dir='ltr'><em>p.</em></span> <span class='ocrx_word' id='word_1_299' title='bbox 1249 3208 1338 3264; x_wconf 83' lang='lat'><em>82),</em></span> <span class='ocrx_word' id='word_1_300' title='bbox 1369 3207 1449 3252; x_wconf 91' lang='lat' dir='ltr'><em>ubi</em></span> <span class='ocrx_word' id='word_1_301' title='bbox 1469 3207 1534 3251; x_wconf 82' lang='lat' dir='ltr'><em>sic</em></span> <span class='ocrx_word' id='word_1_302' title='bbox 1555 3211 1647 3251; x_wconf 83' lang='lat' dir='ltr'><em>est:</em></span> <span class='ocrx_word' id='word_1_303' title='bbox 1683 3241 1704 3265; x_wconf 87' lang='lat'>„</span> <span class='ocrx_word' id='word_1_304' title='bbox 1718 3205 1964 3251; x_wconf 82' lang='lat' dir='ltr'><em>Guibertus</em></span> <span class='ocrx_word' id='word_1_305' title='bbox 1995 3208 2075 3249; x_wconf 81' lang='lat' dir='ltr'><em>aut</em></span> <span class='ocrx_word' id='word_1_306' title='bbox 2104 3205 2176 3249; x_wconf 88' lang='lat' dir='ltr'><em>sui</em></span> <span class='ocrx_word' id='word_1_307' title='bbox 2198 3228 2253 3236; x_wconf 89' lang='lat'><em>--</em></span> 
     </span>
     <span class='ocr_line' id='line_1_33' title="bbox 302 3278 2256 3341; baseline -0.004 -13"><span class='ocrx_word' id='word_1_308' title='bbox 302 3284 526 3341; x_wconf 85' lang='lat' dir='ltr'><em>quaedam</em></span> <span class='ocrx_word' id='word_1_309' title='bbox 564 3284 612 3327; x_wconf 93' lang='lat' dir='ltr'><em>in</em></span> <span class='ocrx_word' id='word_1_310' title='bbox 649 3283 810 3327; x_wconf 90' lang='lat' dir='ltr'><em>eodem</em></span> <span class='ocrx_word' id='word_1_311' title='bbox 851 3283 1032 3327; x_wconf 89' lang='lat' dir='ltr'><em>decreto</em></span> <span class='ocrx_word' id='word_1_312' title='bbox 1065 3281 1254 3336; x_wconf 88' lang='lat' dir='ltr'><em>(Nicolai</em></span> <span class='ocrx_word' id='word_1_313' title='bbox 1282 3282 1344 3336; x_wconf 87' lang='lat' dir='ltr'><em>H)</em></span> <span class='ocrx_word' id='word_1_314' title='bbox 1376 3281 1607 3337; x_wconf 90' lang='lat' dir='ltr'><em>addendo,</em></span> <span class='ocrx_word' id='word_1_315' title='bbox 1647 3280 1871 3337; x_wconf 87' lang='lat' dir='ltr'><em>quaedam</em></span> <span class='ocrx_word' id='word_1_316' title='bbox 1912 3278 2151 3335; x_wconf 81' lang='lat' dir='ltr'><em>mutando,</em></span> <span class='ocrx_word' id='word_1_317' title='bbox 2191 3278 2256 3322; x_wconf 83' lang='lat' dir='ltr'><em>ita</em></span> 
     </span>
     <span class='ocr_line' id='line_1_34' title="bbox 302 3350 2254 3412; baseline -0.004 -11"><span class='ocrx_word' id='word_1_318' title='bbox 302 3357 412 3401; x_wconf 88' lang='lat' dir='ltr'><em>illud</em></span> <span class='ocrx_word' id='word_1_319' title='bbox 442 3357 736 3401; x_wconf 81' lang='lat' dir='ltr'><em>reddiderunt</em></span> <span class='ocrx_word' id='word_1_320' title='bbox 767 3370 795 3400; x_wconf 87' lang='lat' dir='ltr'><em>a</em></span> <span class='ocrx_word' id='word_1_321' title='bbox 825 3369 874 3401; x_wconf 86' lang='lat' dir='ltr'><em>se</em></span> <span class='ocrx_word' id='word_1_322' title='bbox 905 3355 1153 3411; x_wconf 77' lang='lat' dir='ltr'><em>dissidenS,</em></span> <span class='ocrx_word' id='word_1_323' title='bbox 1193 3359 1245 3399; x_wconf 83' lang='lat' dir='ltr'><em>ut</em></span> <span class='ocrx_word' id='word_1_324' title='bbox 1282 3359 1362 3399; x_wconf 82' lang='lat' dir='ltr'><em>aut</em></span> <span class='ocrx_word' id='word_1_325' title='bbox 1401 3368 1548 3412; x_wconf 87' lang='lat' dir='ltr'><em>pauca</em></span> <span class='ocrx_word' id='word_1_326' title='bbox 1585 3358 1665 3399; x_wconf 77' lang='lat' dir='ltr'><em>aut</em></span> <span class='ocrx_word' id='word_1_327' title='bbox 1702 3354 1824 3398; x_wconf 88' lang='lat' dir='ltr'><em>nulla</em></span> <span class='ocrx_word' id='word_1_328' title='bbox 1864 3352 2138 3409; x_wconf 86' lang='lat' dir='ltr'><em>exemplaria</em></span> <span class='ocrx_word' id='word_1_329' title='bbox 2167 3350 2254 3395; x_wconf 83' lang='lat' dir='ltr'><em>sibi</em></span> 
     </span>
     <span class='ocr_line' id='line_1_35' title="bbox 303 3424 2256 3482; baseline -0.003 -8"><span class='ocrx_word' id='word_1_330' title='bbox 303 3430 625 3475; x_wconf 80' lang='lat' dir='ltr'><em>concordantia</em></span> <span class='ocrx_word' id='word_1_331' title='bbox 653 3431 837 3475; x_wconf 81' lang='lat' dir='ltr'><em>valeant</em></span> <span class='ocrx_word' id='word_1_332' title='bbox 866 3428 1071 3474; x_wconf 84' lang='lat' dir='ltr'><em>inveniri.</em></span> <span class='ocrx_word' id='word_1_333' title='bbox 1119 3428 1262 3481; x_wconf 81' lang='lat' dir='ltr'><em>Quale</em></span> <span class='ocrx_word' id='word_1_334' title='bbox 1301 3432 1455 3472; x_wconf 85' lang='lat' dir='ltr'><em>autem</em></span> <span class='ocrx_word' id='word_1_335' title='bbox 1493 3428 1727 3473; x_wconf 82' lang='lat' dir='ltr'><em>decretum</em></span> <span class='ocrx_word' id='word_1_336' title='bbox 1769 3430 1861 3482; x_wconf 83' lang='lat' dir='ltr'><em>est,</em></span> <span class='ocrx_word' id='word_1_337' title='bbox 1901 3425 2024 3482; x_wconf 90' lang='lat' dir='ltr'><em>quod</em></span> <span class='ocrx_word' id='word_1_338' title='bbox 2054 3439 2082 3468; x_wconf 88' lang='lat' dir='ltr'><em>a</em></span> <span class='ocrx_word' id='word_1_339' title='bbox 2112 3436 2162 3469; x_wconf 84' lang='lat' dir='ltr'><em>se</em></span> <span class='ocrx_word' id='word_1_340' title='bbox 2191 3424 2256 3468; x_wconf 83' lang='lat' dir='ltr'><em>ita</em></span> 
     </span>
     <span class='ocr_line' id='line_1_36' title="bbox 304 3496 2253 3559; baseline -0.003 -12"><span class='ocrx_word' id='word_1_341' title='bbox 304 3502 559 3559; x_wconf 86' lang='lat' dir='ltr'><em>discrepare</em></span> <span class='ocrx_word' id='word_1_342' title='bbox 589 3503 793 3559; x_wconf 83' lang='lat' dir='ltr'><em>videtur,</em></span> <span class='ocrx_word' id='word_1_343' title='bbox 834 3507 904 3559; x_wconf 82' lang='lat' dir='ltr'><em>ut,</em></span> <span class='ocrx_word' id='word_1_344' title='bbox 948 3501 1056 3559; x_wconf 91' lang='lat' dir='ltr'><em>quid</em></span> <span class='ocrx_word' id='word_1_345' title='bbox 1095 3502 1142 3546; x_wconf 93' lang='lat' dir='ltr'><em>in</em></span> <span class='ocrx_word' id='word_1_346' title='bbox 1180 3513 1234 3546; x_wconf 86' lang='lat' dir='ltr'><em>eo</em></span> <span class='ocrx_word' id='word_1_347' title='bbox 1272 3502 1559 3558; x_wconf 81' lang='lat' dir='ltr'><em>potissimum</em></span> <span class='ocrx_word' id='word_1_348' title='bbox 1590 3502 1712 3546; x_wconf 87' lang='lat' dir='ltr'><em>credi</em></span> <span class='ocrx_word' id='word_1_349' title='bbox 1743 3499 1930 3556; x_wconf 80' lang='lat' dir='ltr'><em>debeat,</em></span> <span class='ocrx_word' id='word_1_350' title='bbox 1969 3496 2253 3555; x_wconf 81' lang='lat' dir='ltr'><em>ignoretur“.</em></span> 
     </span>
     <span class='ocr_line' id='line_1_37' title="bbox 304 3569 2252 3632; baseline -0.003 -12"><span class='ocrx_word' id='word_1_351' title='bbox 304 3577 347 3620; x_wconf 90' lang='lat'><em>3.</em></span> <span class='ocrx_word' id='word_1_352' title='bbox 380 3589 451 3632; x_wconf 87' lang='lat' dir='ltr'><em>ap.</em></span> <span class='ocrx_word' id='word_1_353' title='bbox 473 3575 619 3620; x_wconf 87' lang='lat' dir='ltr'><em>Mansi</em></span> <span class='ocrx_word' id='word_1_354' title='bbox 637 3576 750 3620; x_wconf 89' lang='lat' dir='ltr'><em>XIX</em></span> <span class='ocrx_word' id='word_1_355' title='bbox 773 3577 875 3621; x_wconf 92' lang='lat'><strong>899.</strong></span> <span class='ocrx_word' id='word_1_356' title='bbox 995 3575 1039 3620; x_wconf 87' lang='lat'><strong>4.</strong></span> <span class='ocrx_word' id='word_1_357' title='bbox 1073 3588 1145 3631; x_wconf 87' lang='lat' dir='ltr'><em>ap.</em></span> <span class='ocrx_word' id='word_1_358' title='bbox 1166 3574 1313 3619; x_wconf 84' lang='lat' dir='ltr'><em>Mansi</em></span> <span class='ocrx_word' id='word_1_359' title='bbox 1337 3574 1450 3619; x_wconf 91' lang='lat' dir='ltr'><em>XIX</em></span> <span class='ocrx_word' id='word_1_360' title='bbox 1471 3575 1572 3619; x_wconf 80' lang='lat'><strong>897.</strong></span> <span class='ocrx_word' id='word_1_361' title='bbox 1693 3575 1735 3619; x_wconf 89' lang='lat'><em>5.</em></span> <span class='ocrx_word' id='word_1_362' title='bbox 1767 3574 1820 3618; x_wconf 89' lang='lat' dir='ltr'><em>L.</em></span> <span class='ocrx_word' id='word_1_363' title='bbox 1837 3573 1905 3619; x_wconf 92' lang='lat' dir='ltr'><em>VI</em></span> <span class='ocrx_word' id='word_1_364' title='bbox 1926 3571 1985 3616; x_wconf 87' lang='lat' dir='ltr'><em>ad</em></span> <span class='ocrx_word' id='word_1_365' title='bbox 2005 3571 2121 3616; x_wconf 88' lang='lat'><strong>1059</strong></span> <span class='ocrx_word' id='word_1_366' title='bbox 2140 3569 2252 3628; x_wconf 83' lang='lat' dir='ltr'><em>Apr.</em></span> 
     </span>
     <span class='ocr_line' id='line_1_38' title="bbox 306 3648 881 3695; baseline 0.002 -3"><span class='ocrx_word' id='word_1_367' title='bbox 306 3651 347 3694; x_wconf 83' lang='lat'><strong>6.</strong></span> <span class='ocrx_word' id='word_1_368' title='bbox 380 3650 427 3693; x_wconf 90' lang='lat' dir='ltr'><em>in</em></span> <span class='ocrx_word' id='word_1_369' title='bbox 455 3650 506 3694; x_wconf 90' lang='lat' dir='ltr'><strong>L.</strong></span> <span class='ocrx_word' id='word_1_370' title='bbox 528 3650 596 3694; x_wconf 91' lang='lat'><em>111</em></span> <span class='ocrx_word' id='word_1_371' title='bbox 614 3653 660 3694; x_wconf 83' lang='lat' dir='ltr'><em>et</em></span> <span class='ocrx_word' id='word_1_372' title='bbox 680 3650 723 3695; x_wconf 94' lang='lat' dir='ltr'><strong>V</strong></span> <span class='ocrx_word' id='word_1_373' title='bbox 752 3648 881 3694; x_wconf 86' lang='lat' dir='ltr'><em>infra.</em></span> 
     </span>
    </p>
   </div>
  </div>
 </body>
</html>
