2730 4198
524 259 631 310 534
847 272 1120 311 GREGORII
1156 273 1235 308 vn
1273 271 1582 309 EPISTOLAE
1621 270 1967 309 COLLECTAE.
1998 271 2147 307 1213.

378 396 491 439 1075
525 389 754 459 suscepit
799 389 1202 453 incrementum3
1252 387 1423 440 forma
1459 386 1680 440 visibilis
1727 387 1960 457 turpior,
2010 387 2101 440 sed
2138 386 2310 455 imago
2349 388 2467 453 Dei,

525 502 654 553 quae
695 488 775 537 est
810 485 981 537 forma
1018 483 1274 552 iustitiae,
1313 483 1454 537 facta
1492 487 1572 536 est
1607 483 1664 535 in
1703 481 2047 536 diminutione
2083 482 2373 551 iucundior,
2411 485 2467 538 ni

524 580 848 649 turpitudine
886 578 1166 649 pulchrior.
1225 578 1375 632 Unde
1412 579 1469 631 in
1507 578 1723 632 canticis
1758 578 2080 631 canticorum
2105 578 2359 646 gloriatur
2386 595 2469 633 ec·-

525 676 683 728 clesia
730 675 931 728 dicens:
981 675 1158 745 Niyra
1197 695 1336 741 sum,
1374 676 1525 743 filiae
1563 674 1895 727 Hierusalem
1909 670 1937 726 ¹.
2019 673 2213 737 Quodsi
2249 674 2469 728 interior

526 771 724 841 species
763 770 893 823 nihil
930 787 1089 840 passa
1127 774 1207 824 est
1245 769 1562 837 detrimenti,
1601 769 1666 822 iis
1708 769 2086 823 abscisionibus
2123 786 2229 823 non
2269 774 2349 823 est
2380 770 2470 824 ab·

526 867 717 920 scisum
757 884 787 919 a
825 870 876 919 te
916 866 1235 920 sacerdotale
1275 864 1531 932 officium,
1571 864 1708 933 quod
1746 865 2020 934 proprium
2059 869 2140 918 est
2177 866 2468 920 sanctitatis

525 967 575 1016 et
612 979 716 1015 non
754 966 959 1015 tantum
999 962 1356 1015 consideratur
1393 961 1447 1014 in
1483 961 1783 1029 integritate
1809 960 2163 1013 membrorum
2190 965 2469 1029 quantum·

522 1059 578 1110 in
615 1058 916 1125 integritate
954 1059 1222 1111 virtutum.
1283 1056 1432 1110 Unde
1457 1057 1744 1127 imperator
1772 1055 2143 1109 Constantinus
2170 1055 2470 1127 Hierosoly-

523 1154 710 1206 mitani
761 1154 990 1223 episcopi
1040 1154 1308 1207 cuiusdam
1349 1152 1578 1221 oculum,
1630 1169 1725 1222 pro
1764 1152 1974 1205 nomine
2013 1151 2208 1205 Christi
2247 1156 2469 1221 erutum,

525 1266 680 1318 saepe
707 1249 1051 1302 osculabatur.
1093 1248 1164 1302 Et
1195 1249 1433 1319 exemplo
1461 1252 1669 1318 patrum
1698 1251 1851 1316 atque
1879 1248 2187 1301 documento
2211 1248 2471 1302 maiorum

526 1345 817 1413 didicimus,
858 1361 963 1397 non
997 1345 1193 1397 auferri
1220 1361 1424 1397 sacrum
1453 1343 1679 1397 officium
1705 1342 2024 1413 martyribus
2050 1360 2146 1413 pro
2172 1343 2472 1397 huiusmodi

525 1456 739 1492 caesura
772 1440 1143 1493 membrorum.
1202 1439 1444 1505 Proinde,
1484 1445 1687 1510 martyr
1714 1439 1924 1507 Christi,
1966 1439 2258 1492 confortare
2282 1439 2336 1492 in
2362 1438 2470 1493 Do-

523 1536 682 1587 min0.
742 1534 910 1603 Magis
950 1535 1130 1588 credas
1156 1535 1212 1587 in
1239 1539 1291 1588 te
1317 1551 1456 1589 nunc
1482 1552 1594 1588 esse
1620 1535 2010 1605 presbyteratus
2038 1534 2290 1602 officium3
2333 1536 2471 1604 quod

519 1631 665 1700 prius
708 1631 810 1683 olei
848 1631 1108 1698 unctione,
1148 1647 1286 1684 nunc
1322 1648 1445 1684 vero
1483 1631 1582 1684 tibi
1620 1634 1700 1684 est
1738 1631 2005 1698 sanguinis
2043 1631 2294 1685 tinctione
2330 1648 2469 1685 com-

519 1727 755 1779 missum.
803 1726 877 1780 Et
917 1730 1110 1794 quanto
1152 1727 1324 1779 minus
1363 1726 1523 1779 habes
1564 1726 1702 1794 quod
1738 1727 1906 1795 possit
1940 1727 2148 1794 auferri,
2187 1730 2333 1780 tanto
2371 1728 2470 1783 mi-

521 1839 619 1875 nus
659 1823 847 1875 timeas
886 1823 1190 1893 praedicare
1231 1839 1363 1892 quae
1401 1826 1545 1875 recta
1584 1826 1722 1890 sunt,
1763 1822 2020 1875 seminare
2058 1838 2190 1891 quae
2216 1823 2470 1893 centupli-

521 1923 637 1971 cata
677 1918 976 1971 reddentur.
1040 1918 1243 1972 Scimus
1283 1919 1509 1987 quidem,
1549 1922 1603 1971 te
1643 1918 1706 1971 ab
1732 1917 1958 1971 inimicis
1985 1922 2196 1972 sanctae
2223 1918 2470 1973 ecclesiae

521 2030 728 2082 semper
766 2014 1029 2067 inimicari
1068 2019 1224 2084 atque
1265 2013 1442 2082 affligi.
1505 2013 1608 2067 Sed
1645 2017 1703 2067 tu
1740 2030 1807 2067 ne
1834 2030 1921 2067 eos
1947 2014 2134 2067 timeas
2161 2031 2327 2084 neque
2352 2033 2470 2086 per-

517 2109 791 2176 terrearis3
846 2110 970 2179 quia
1017 2127 1112 2163 nos
1152 2114 1263 2164 tam
1301 2114 1549 2179 tequam
1589 2114 1680 2163 tua
1719 2110 1895 2162 omnia
1934 2110 2028 2163 sub
2067 2114 2247 2164 nostra
2285 2115 2337 2165 et
2374 2111 2469 2166 sub
2549 2121 2551 2123 ’

521 2205 836 2275 apostolicae
887 2205 1024 2259 sedis
1073 2206 1239 2260 tutela
1288 2223 1405 2260 cum
1443 2223 1636 2274 magna
1675 2206 1890 2259 caritate
1929 2210 2191 2273 tenemus;
2242 2211 2294 2261 et
2331 2208 2375 2260 si
2412 2208 2468 2261 in

520 2300 779 2369 aliquibus
833 2302 928 2355 tibi
976 2303 1332 2355 necessarium
1380 2302 1539 2355 fuerit
1589 2301 1928 2371 apostolicam
1969 2301 2145 2355 sedem
2185 2302 2465 2372 appellare,

521 2397 880 2463 concedimus3
932 2401 984 2450 et
1032 2398 1077 2450 si
1128 2398 1195 2451 ad
1240 2414 1336 2451 nos
1387 2401 1439 2451 et
1478 2397 1542 2450 ad
1582 2397 1758 2450 sedem
1795 2401 2030 2450 nostram
2068 2398 2299 2467 veneriS,
2349 2415 2468 2453 cum

521 2492 710 2559 gaudio
753 2496 805 2546 et
842 2509 1031 2561 magno
1070 2493 1265 2547 honore
1302 2491 1386 2546 teb
1426 2493 1689 2563 suscipere
1727 2492 1900 2562 parati
1938 2510 2133 2547 sumuS.

530 2667 557 2723 1
572 2666 627 2723 3.
675 2668 986 2721 Heinricum
1027 2669 1065 2721 I
1102 2672 1401 2740 episcopum
1446 2669 1812 2722 Tridentinum
1849 2671 2075 2722 miratur
2112 2671 2185 2723 ad
2221 2690 2344 2724 suas
2382 2672 2467 2726 lit-

672 2774 808 2816 teras
847 2782 954 2817 non
991 2767 1336 2836 respondisse.
1396 2766 1708 2819 Heinricum
1745 2785 1914 2836 reyem
1950 2768 2082 2819 iuste
2120 2770 2466 2820 emo-ommuni-

671 2869 841 2912 catum
880 2878 1001 2925 esse,
1045 2872 1164 2915 ante
1201 2863 1339 2914 diem
1377 2862 1408 2915 1
1449 2880 1517 2913 m.
1545 2861 1778 2932 Auyusti
1809 2873 2134 2933 perspectum
2169 2865 2257 2915 iri.
2321 2863 2465 2916 Hor-

669 2965 827 3021 tatur,
872 2967 926 3008 ut
961 2957 1150 3010 milites
1189 2958 1294 3010 sibi
1323 2976 1423 3028 per
1459 2958 1779 3011 Mathildam
1816 2959 2016 3011 auxilio
2054 2961 2269 3011 mittaffl.

317 3071 431 3114 1076
671 3063 951 3132 Gregorius
1002 3067 1277 3137 episcopus
1325 3084 1504 3121 servus
1545 3084 1815 3121 servorum
1851 3067 1954 3121 Dei
1999 3068 2151 3121 fratri
2197 3071 2250 3121 et
2293 3067 2467 3137 coepi-

256 3129 495 3178 (Mart'’1¹¹l‘)
523 3177 677 3231 scopo
705 3162 1009 3215 Tridentino
1036 3161 1313 3216 Heinrico‘1
1340 3163 1562 3217 salutem
1594 3167 1646 3217 et
1672 3163 2009 3233 apostolicam
2036 3163 2462 3217 benedictionem.

669 3256 939 3326 Miramur,
978 3258 1325 3312 fraternitatis
1363 3263 1486 3313 tuae
1523 3260 1858 3330 prudentiam
1894 3259 2054 3313 verba
2086 3261 2267 3311 nostra
2289 3258 2465 3326 negle-

521 3352 678 3420 xisse,
705 3356 765 3406 ut
791 3352 1076 3407 secundum
1103 3370 1165 3408 ea
1190 3353 1392 3408 nullum
1419 3355 1708 3410 decreveris
1736 3355 1859 3409 dare
1883 3370 2208 3424 responsum,
2235 3354 2466 3410 maxime

635 3517 667 3542 a.
696 3517 807 3554 quam
834 3507 892 3543 ed.
1021 3506 1058 3544 b.
1091 3507 1130 3544 te
1159 3507 1310 3545 addidi.
1430 3519 1462 3546 0.
1490 3511 1643 3560 Legitur
1677 3507 1715 3556 1)
1743 3511 1781 3546 n’n
1808 3508 1986 3545 Udalricz·
2010 3507 2172 3544 Bobenh.
2201 3507 2285 3544 cod.
2314 3521 2375 3555 ap.
2395 3509 2467 3544 Ec-

522 3571 676 3608 cardum
707 3574 822 3619 Corp.'
843 3573 926 3609 hist.
954 3575 998 3610 II
1022 3573 1110 3619 155,
1145 3571 1182 3620 2)
1212 3588 1274 3622 ap.
1297 3575 1484 3612 Halmium
1514 3576 1609 3614 Coll.
1634 3589 1731 3612 mon.
1758 3576 1785 3612 1
1806 3574 1891 3611 116.
2022 3572 2059 3609 d.
2086 3572 2264 3611 Heinrico
2290 3587 2359 3611 om.
2378 3575 2412 3611 1.

640 3649 679 3691 1.
712 3632 841 3694 cant.
866 3650 905 3707 1,
926 3650 968 3694 4.
