2782 4198
806 298 1081 337 GREGORII
1117 300 1197 336 vn
1234 299 1500 337 REGIsTm
1535 299 1595 336 Π
1621 298 1681 336 15.
1709 299 1771 336 16.
2152 285 2260 338 263

313 417 474 472 veluti
508 421 746 488 raptores
786 421 838 470 et
876 417 1155 485 sacrilegos
1196 417 1556 471 exterminate.
1615 415 1754 470 Data
1791 415 2069 486 Carpinete
2095 416 2131 468 4
2154 415 2261 469 No-

313 531 409 568 nas
445 513 640 582 Martii,
678 514 962 567 indictione
1007 515 1089 567 15.

311 685 391 749 IV
421 690 518 747 16.
554 690 766 744 Clerieis
807 691 1223 745 Romanensibus
1262 691 1716 742 excommunicatis
1755 689 2030 759 siqnificat,
2070 688 2258 759 Huyo-

551 807 667 841 nem
705 790 1003 858 episcopum
1027 788 1276 839 Diensem
1312 787 1449 837 inter
1487 803 1570 837 eos
1607 795 1652 837 et
1684 785 2060 838 Wormundum
2085 785 2258 838 archi-

554 887 850 955 episcopum
886 883 1220 937 Viennensem
1256 882 1481 933 iudicem
1519 883 1851 933 constitutum
1890 899 2009 932 esse.

460 994 741 1063 Gregorius
796 993 1070 1064 episcopus
1119 1007 1299 1044 servus
1347 1007 1619 1051 servorum
1666 989 1768 1043 Dei
1816 987 2261 1044 Romanensibus¹
2288 1062 2327 1098 M
2351 1064 2386 1099 rt
2417 1063 2465 1100 19

2329 1074 2351 1099 a
2389 1090 2397 1099 .

310 1092 527 1145 clericis

458 1186 606 1251 Quod
644 1185 864 1239 salutem
903 1186 956 1237 et
994 1181 1330 1252 apostolicam
1371 1182 1786 1236 benedictionem
1823 1181 1970 1236 vobis
2011 1199 2077 1236 ex
2113 1199 2259 1237 more

309 1301 414 1337 non
460 1283 746 1349 mittimus,
804 1283 1021 1350 propter
1067 1278 1681 1346 excommunicationem,
1741 1294 1897 1346 quam
1945 1295 2041 1348 pro
2091 1278 2257 1349 culpis

309 1379 498 1434 vestris
536 1380 800 1431 incurrere
837 1392 941 1428 non
979 1374 1231 1428 timuistis
1243 1371 1278 1442 ²,
1320 1375 1455 1428 sicut
1489 1391 1639 1428 sacra
1663 1375 1933 1444 praecepit
1958 1375 2256 1444 auctoritaS,

306 1474 788 1545 praetermittimus,
851 1471 1088 1525 Scribere
1136 1474 1313 1524 tamen
1362 1471 1510 1525 vobis
1551 1475 1603 1524 et
1641 1471 1922 1525 admonere
1961 1488 2120 1542 super
2156 1471 2256 1540 his,

307 1587 438 1639 quae
476 1570 542 1623 ad
579 1569 961 1639 correptionem
999 1571 1227 1621 vestram
1267 1567 1548 1636 pertinent,
1588 1567 1706 1636 ipsa
1745 1567 2047 1637 apostolici⁶
2079 1568 2257 1622 mode-

303 1665 521 1719 raminis
559 1665 904 1718 mansuetudo
945 1667 997 1717 et
1034 1667 1282 1716 consueta
1318 1663 1488 1733 pietas
1529 1680 1560 1716 a
1595 1663 1746 1717 nobis
1779 1663 1956 1731 exigit.
2018 1663 2256 1734 Conque-

2309 422 2421 465 1077

2289 481 2398 519 Mart.
2418 483 2443 519 4

2322 1002 2436 1045 1077

304 1762 437 1815 ritur
476 1762 615 1815 enim
655 1761 932 1827 adversum
957 1777 1049 1813 vos
1077 1760 1339 1813 confrater
1364 1762 1543 1812 noster
1562 1757 1914 1813 Wormundus
1941 1760 2255 1814 venerabilis
2297 1773 2301 1775 ·

303 1857 614 1911 Viennensis
654 1857 1099 1927 archiepiscopus:
1142 1856 1281 1925 quod
1319 1856 1367 1908 ei
1395 1855 1662 1924 antiquam
1690 1859 1741 1908 et
1767 1855 1998 1909 debitam
2023 1859 2254 1925 potesta-

304 1957 412 2007 tem
457 1953 558 2006 loci
605 1954 768 2006 vestri
813 1952 1167 2006 contradicere
1214 1951 1701 2022 praesumpseritiS,
1755 1951 1940 2020 quamb
1991 1951 2055 2005 ab
2102 1952 2252 2007 initio

303 2049 506 2119 proprii
542 2049 672 2103 iuris
711 2049 1021 2103 Viennensis
1061 2049 1308 2102 ecclesiae
1354 2049 1588 2102 extitisse
1628 2053 1680 2102 et
1722 2048 1973 2102 hactenus
2012 2047 2107 2101 sub
2147 2048 2254 2102 dis-

303 2145 561 2215 positione
610 2162 821 2198 suorum
872 2150 1256 2198 antecessorum
1305 2145 1466 2198 fuisse
1521 2162 1627 2197 non
1679 2144 1957 2212 ignoretis3
2012 2144 2251 2198 indicans

303 2241 477 2308 etiam,
517 2258 610 2294 vos
648 2241 782 2294 hanc
821 2241 1210 2294 contradicendi
1249 2241 1348 2294 sibi
1388 2241 1713 2294 occasionem
1743 2240 2174 2294 irrationabiliter
2202 2245 2254 2294 et

303 2336 489 2390 callide
525 2337 860 2407 pretendere:
901 2341 960 2390 ut
996 2337 1137 2391 idem
1174 2337 1318 2390 locus
1356 2338 1486 2390 iuris
1528 2337 1696 2390 sancti
1733 2336 1877 2390 Petri
1915 2340 1968 2390 et
2006 2337 2100 2390 sub
2141 2337 2251 2390 eius

302 2432 532 2486 dominio
570 2434 744 2487 nescio
786 2433 972 2502 quibus
1003 2434 1298 2487 auctoribus
1326 2433 1411 2486 vel
1449 2432 1869 2487 concessionibus
1910 2448 2021 2486 esse
2047 2433 2249 2486 debeat.

302 2527 451 2580 Unde
491 2533 542 2582 et
576 2546 671 2582 nos
710 2546 921 2583 causam
957 2530 1114 2583 istam
1154 2529 1320 2583 multo
1361 2531 1563 2583 cautius
1605 2533 1812 2600 oportet
1851 2528 2158 2598 adtendere,
2199 2532 2251 2583 et

304 2623 525 2691 qualiter
561 2625 850 2678 rectissime
877 2626 1185 2679 discutiatur
1222 2627 1523 2697 providere3
1565 2631 1623 2680 ut
1660 2643 1756 2679 nec
1796 2625 2112 2696 apostolicae
2140 2626 2251 2679 sedi

304 2735 399 2772 nec
430 2718 715 2773 Viennensi
762 2721 1009 2775 ecclesiae
1059 2722 1275 2775 alicuius
1322 2723 1632 2793 praeiudicii
1677 2726 1767 2776 aut
1803 2721 2249 2775 incommoditatis

302 2831 586 2882 gravamen
611 2815 882 2868 videamur
909 2817 1118 2870 inferre.
1175 2818 1327 2886 Nam,
1355 2819 1491 2871 sicut
1517 2822 1728 2872 sanctae
1752 2818 2017 2872 Romanae
2046 2821 2098 2871 et
2123 2835 2249 2888 apo-

302 2910 515 2964 stolicae
554 2911 801 2965 ecclesiae
840 2911 957 2964 iura
995 2916 1047 2965 et
1084 2913 1363 2980 dignitates
1404 2931 1524 2967 suas
1555 2915 1854 2969 conservari
1879 2914 2135 2984 cupimUS,
2174 2914 2250 2967 ita

302 3011 354 3060 et
391 3006 639 3060 membris
680 3007 807 3075 eiUS,
848 3007 1090 3061 videlicet
1127 3011 1312 3062 ceteris
1352 3010 1601 3079 ecclesiis,
1643 3028 1709 3065 ex
1737 3011 1891 3064 huius
1917 3009 2250 3079 providentia

302 3106 353 3156 et
391 3104 700 3156 auctoritate
740 3107 979 3172 oportere
1019 3107 1070 3156 et
1107 3104 1473 3171 dignissimum
1512 3123 1625 3159 esse
1662 3106 2050 3176 perpendimus
2110 3104 2247 3168 Qua-

298 3203 515 3269 propter
553 3199 861 3269 apostolica,
885 3216 978 3253 vos
1018 3201 1326 3254 auctoritate
1363 3219 1634 3256 monemus
1675 3206 1829 3271 atque
1866 3200 2249 3271 praecipimus}

298 3298 358 3348 ut
396 3295 462 3348 ad
500 3295 879 3349 discutiendam
920 3311 1129 3348 causam
1166 3296 1325 3349 istam
1363 3297 1613 3350 confratri
1649 3300 1828 3349 nostro
1856 3296 2066 3364 Hugoni
2091 3313 2246 3350 vene-

298 3390 451 3444 rabili
490 3390 674 3445 Diensi
725 3392 994 3462 episcopO,
1043 3392 1125 3444 cui
1171 3396 1223 3445 et
1259 3392 1426 3446 vicem
1462 3397 1696 3446 nostram
1734 3393 1791 3446 in
1829 3392 1945 3446 aliis
1983 3393 2246 3446 commisi-

419 3549 454 3575 a.
481 3538 690 3587 apostolica
717 3555 748 3577 c.
903 3539 940 3576 b.
969 3550 1045 3592 que
1074 3555 1106 3577 c.

420 3617 462 3661 1.
493 3617 549 3662 V.
581 3618 632 3661 L.
655 3618 700 3662 H
730 3631 801 3675 ep.
823 3618 880 3662 59
912 3631 1050 3674 supra
1079 3632 1123 3674 p.
1149 3618 1248 3663 179.
1399 3620 1440 3663 2.
1474 3619 1529 3664 V.
1563 3618 1788 3676 synodum
1821 3618 1863 3662 d.
1889 3618 2078 3662 14-22
2108 3617 2242 3663 Febr.

302 3690 416 3734 1076
446 3689 661 3748 habitam,
692 3691 760 3735 HI
790 3692 885 3736 lOa
915 3704 1052 3749 supra
1080 3705 1124 3748 p.
1147 3692 1249 3736 223.
