2730 4198
534 292 646 346 420
997 305 1271 344 GREGORII
1309 306 1387 341 VII
1424 304 1688 341 REGISTRI
1725 305 1803 340 VII
1837 303 1938 340 2⁵-
1954 305 2014 340 27.

388 427 502 471 1080
538 424 626 493 qui
663 428 848 493 potens
887 426 966 476 est
1004 422 1160 475 etiam
1200 425 1251 473 te
1284 437 1620 490 praeponere,
1661 420 1745 472 hic
1771 425 1823 473 et
1850 421 1905 472 in
1930 421 2104 473 futuro
2131 425 2182 474 te
2210 420 2476 490 amplexa·-

375 487 463 525 Mai.
484 489 505 525 8

382 1092 496 1135 1080

372 1151 458 1189 Mai.
479 1153 501 1188 8

375 3094 489 3136 1080

365 3154 451 3190 Mai.
473 3155 494 3191 8

536 519 675 572 bitur
714 523 765 572 et
801 534 1018 585 regnum
1057 520 1203 569 tuum
1245 516 1589 584 omnipotenti
1625 531 1717 568 suo
1753 515 1962 568 brachio
1991 515 2272 570 dilatabit&
2339 515 2477 569 Data

534 614 728 667 Romae
768 615 798 667 8
838 613 958 666 Idus
998 611 1138 680 Maii,
1178 612 1461 665 indictione
1502 613 1550 664 3.

503 852 509 856 ,
534 783 637 845 VII
666 788 765 844 26.
808 790 1061 842 Mathildi
1095 792 1311 860 ‘reyinae
1338 789 1634 858 Anylorum
1664 789 1994 857 promittenti
2016 807 2232 840 munera
2257 808 2472 859 respon-

718 888 815 952 det,
857 905 909 938 se
947 886 1011 938 ab
1052 905 1112 938 ea
1149 886 1284 938 nihil
1311 903 1526 955 poscere
1545 895 1756 955 praeter
1782 895 1977 936 castam
2001 887 2180 950 vitam,
2222 887 2474 954 eqentium

718 1001 914 1047 curam,
956 982 1275 1051 rehqiomm,
1318 982 1701 1034 humanitatem.

681 1083 960 1151 Gregorius
1010 1084 1283 1154 episcopus
1325 1100 1503 1136 servus
1544 1099 1813 1136 servorum
1853 1082 1952 1135 Dei
1989 1077 2258 1134 Mathildi¹
2296 1082 2474 1149 regine

530 1179 821 1247 Anglorum
861 1179 1082 1233 salutem
1123 1185 1175 1233 et
1215 1179 1555 1249 apostolicam
1595 1178 2020 1232 benedictionem.

678 1275 1019 1343 Ingenuitatis
1067 1279 1270 1328 vestrae
1315 1275 1476 1328 lectis
1508 1274 1725 1342 litteriS,
1776 1290 1930 1342 quam
1968 1272 2110 1326 fideli
2148 1276 2322 1325 mente
2361 1271 2473 1326 Deo

531 1370 789 1438 oboediaS,
832 1375 1027 1439 quanta
1065 1371 1339 1424 dilectione
1377 1369 1615 1423 fidelibus
1657 1370 1764 1422 suis
1797 1369 2063 1436 adhereaS,
2103 1368 2470 1422 intelleximus.

528 1465 634 1518 Nos
676 1482 878 1534 quoque
918 1466 1175 1534 quomodo
1211 1467 1399 1519 mentis
1435 1470 1555 1519 tuae
1582 1466 1835 1518 memoria
1866 1470 2166 1535 praesentes
2194 1465 2472 1532 contineat,

531 1560 608 1613 ex·
636 1561 997 1630 amplitudinis
1036 1566 1157 1615 tuae
1182 1562 1617 1631 promissionibus
1643 1579 1748 1614 non
1774 1563 1946 1614 minus
1973 1562 2318 1631 percipimus;
2360 1561 2473 1630 qui-

528 1656 623 1709 bus
665 1656 1002 1723 designastis:
1045 1661 1118 1725 ut,
1161 1657 1408 1725 quicquid
1435 1658 1497 1710 de
1524 1658 1710 1710 vestris
1738 1657 2004 1724 vellemuS,
2047 1658 2090 1709 si
2116 1662 2298 1710 notum
2324 1657 2471 1710 vobis

526 1751 690 1820 fieret,
731 1753 843 1806 sine
870 1769 1019 1806 mora
1045 1753 1442 1822 susciperemus,
1503 1752 1666 1820 Quod,
1704 1752 1814 1805 filia
1837 1753 2134 1821 karissima,
2171 1770 2274 1821 qua
2299 1770 2473 1807 susce-

527 1848 700 1917 pimus
752 1848 1026 1902 dilectione
1075 1852 1127 1901 et
1173 1864 1304 1916 quae
1349 1865 1567 1902 munera
1607 1865 1638 1900 a
1674 1853 1725 1901 te
1766 1848 2030 1917 obtamUS,
2080 1850 2154 1902 sic
2190 1849 2469 1917 intelligas,

528 1943 675 2007 Quod
716 1945 855 1997 enim
909 1961 1120 2012 aurum,
1172 1961 1303 2013 quae
1342 1962 1603 2013 gemmae,
1656 1961 1786 2012 quae
1825 1945 2007 1997 mundi
2045 1945 2197 1998 huius
2236 1945 2474 2015 preciosa

526 2039 654 2092 mihi
695 2058 726 2093 a
763 2045 815 2093 te
853 2040 1021 2108 magis
1062 2044 1182 2093 sunt
1221 2041 1561 2110 expectanda,
1604 2058 1758 2109 quam
1798 2042 1907 2093 vita
1945 2045 2103 2109 casta,
2143 2058 2319 2094 rerum
2357 2045 2472 2094 tua-

524 2153 641 2189 rum
679 2137 735 2188 in
773 2153 1030 2207 pauperes
1071 2136 1385 2204 distributio,
1426 2136 1526 2189 Dei
1566 2140 1616 2189 et
1654 2138 1883 2206 proximi
1927 2137 2168 2190 dilectio?
2238 2137 2380 2190 Haec
2419 2143 2472 2190 et

525 2231 605 2284 his
645 2232 839 2285 similia
878 2249 909 2284 a
946 2237 998 2285 te
1035 2249 1255 2284 munera
1281 2233 1535 2285 obtamus.
1596 2231 1666 2285 Ut
1690 2233 1896 2299 integra
1922 2236 1974 2285 et
2000 2233 2255 2301 simplicib
2284 2233 2470 2300 diligas

524 2328 852 2381 nobilitatem
877 2332 1024 2380 tuam
1049 2344 1342 2397 precamur,
1385 2328 1573 2380 dilecta
1602 2327 1853 2395 obtineaS,
1894 2328 2071 2380 habita
2096 2345 2467 2397 nonnunquam

527 2423 870 2491 derelinquas,
949 2423 1045 2476 His
1085 2424 1244 2476 armis
1284 2427 1336 2476 et
1375 2423 1632 2476 similibus
1670 2423 1842 2475 virum
1880 2427 2027 2475 tuum
2070 2440 2300 2492 armare,
2351 2440 2469 2477 cum

526 2518 668 2572 Deus
706 2519 803 2572 tibi
842 2520 1250 2589 oportunitatem
1290 2519 1506 2587 dederit,
1547 2536 1612 2572 ne
1651 2519 1887 2572 desistas.
1947 2518 2181 2587 Caetera,
2223 2536 2355 2587 quae
2392 2520 2470 2572 di-

526 2614 782 2682 misimuS,
803 2631 899 2684 per
922 2612 1244 2668 Hubertum2
1264 2614 1457 2667 filium⁰
1481 2619 1531 2667 et
1555 2614 1761 2668 fidelem
1788 2631 2114 2668 communem
2141 2616 2467 2668 mandamus

526 2709 664 2764 Data
699 2709 862 2764 Rome
902 2712 933 2764 8
974 2710 1094 2764 Idus
1133 2710 1275 2778 Maii,
1314 2711 1598 2764 indictione
1638 2713 1686 2763 3.

524 2881 630 2943 VII
657 2886 756 2942 27.
803 2888 1084 2940 Robertum
1123 2889 1379 2941 Withelmz·
1416 2889 1454 2940 I
1493 2891 1628 2958 reyis
1667 2888 1964 2958 Anylorum
1997 2890 2174 2956 filium
2211 2890 2463 2954 hortatur,

708 2995 766 3037 ut
794 2995 1039 3054 parentes
1077 2995 1341 3037 veneretur
1380 2996 1426 3037 et
1461 2985 1817 3055 improborum
1857 2985 2075 3037 consilia
2098 2985 2298 3054 fuyiat.

675 3085 958 3154 Gregorius
998 3086 1272 3156 episcopus
1313 3104 1492 3140 servus
1533 3104 1802 3140 servorum
1840 3087 1940 3140 Dei
1977 3086 2201 3140 Roberto
2239 3085 2347 3139 filio
2386 3104 2468 3141 re-

525 3179 634 3249 gis³
671 3182 965 3250 Anglorum
1004 3182 1223 3236 salutem
1265 3186 1316 3236 et
1356 3183 1695 3253 apostolicam
1735 3183 2162 3236 benedictionem.

673 3277 816 3331 Certi
853 3295 1088 3332 rumores
1127 3283 1335 3332 tuorum
1375 3296 1581 3332 morum
1620 3284 1671 3332 et
1708 3283 1830 3331 tuae
1869 3277 2174 3347 prudentiae
2203 3281 2254 3330 et
2278 3277 2466 3331 libera-

523 3372 704 3442 litatis,
745 3374 834 3443 qui
871 3391 1036 3444 usque
1076 3374 1140 3427 ad
1178 3392 1273 3428 nos
1312 3391 1609 3444 pervenere,
1649 3374 1842 3444 partim
1880 3373 2152 3426 dilectione
2191 3379 2468 3442 parentum

644 3495 676 3520 a.
712 3483 929 3521 dilatabitur
961 3500 981 3521 c
1145 3484 1183 3522 b.
1218 3487 1342 3522 mente
1378 3487 1455 3523 sive
1491 3485 1615 3521 anima
1649 3484 1834 3521 excidisse
1867 3484 2032 3527 videtum
2073 3486 2125 3528 cf.
2159 3477 2402 3520 Giesebrecht'
2422 3484 2470 3521 dc

525 3549 663 3584 emend.
687 3563 725 3596 p.
747 3550 810 3586 41.
967 3561 998 3587 c.
1033 3552 1204 3588 nostrum
1231 3553 1417 3589 excidisse
1442 3552 1597 3588 videtur.

644 3612 684 3655 1.
717 3613 846 3657 uxori
875 3614 1103 3658 Wilhelmi
1132 3615 1155 3658 Ι
1183 3616 1305 3671 regis
1335 3614 1543 3671 Angliae.
1701 3615 1743 3658 2.
1775 3611 2103 3656 subdiaconum
2134 3613 2349 3658 ecclesiae
2379 3614 2466 3658 Ro-

524 3696 697 3727 manae.
846 3686 888 3730 3.
921 3686 1148 3731 Wilhelmi
1178 3688 1213 3732 I.
