2722 4172
771 286 1044 326 GREGORII
1079 289 1159 325 vn
1195 287 1459 326 REGISTRI
1493 288 1515 324 1
1542 287 1603 324 75.
1630 286 1691 323 76.
2128 274 2197 326 95

265 404 368 458 sias
397 407 647 473 quantum
673 408 821 474 potes
851 410 1144 459 restaurare
1171 410 1224 459 et
1253 405 1526 460 defendere
1557 405 1916 459 exhortamur:
1947 408 2198 472 quatenus

265 500 592 571 omnipotens
618 500 760 554 Deus
787 501 1002 555 dextera
1037 503 1245 556 virtutis
1285 519 1408 555 suae
1447 506 1500 555 et
1535 501 1620 554 hic
1645 500 1792 569 regni
1829 499 1907 553 tui
1945 500 2199 568 guberna-

263 596 380 650 cula
415 601 656 667 protegat
694 602 746 652 et
784 598 977 651 exaltet
1005 603 1057 652 et
1082 615 1323 652 coronam
1352 598 1697 668 sempiternae
1724 597 1919 665 gloriae
1943 597 1999 649 in
2023 596 2201 648 futura

261 694 678 748 remuneratione
717 695 886 748 donet.
945 694 1085 749 Data
1106 694 1300 748 Romae
1338 694 1512 748 Idibus
1543 693 1763 764 Aprilis,
1802 692 2084 746 indictione
2114 694 2196 746 12.

261 863 287 924 Ῑ
321 868 420 926 76.
462 872 747 926 Humberto
775 874 1160 944 archiepiscopo
1186 872 1530 943 Isaqdunensi
1550 872 1877 924 Landrieum
1902 873 2199 942 episcopum

462 970 893 1023 Matisconensem
930 990 964 1022 a
1000 988 1105 1022 sese
1144 971 1441 1022 ordinatum
1479 970 1840 1022 commendaffi.

409 1077 688 1149 Gregorius
728 1081 999 1151 episcopus
1030 1097 1209 1133 servus
1236 1096 1504 1134 servorum
1527 1079 1628 1133 Dei
1654 1077 1886 1133 dilectish
1910 1079 1968 1131 in
1993 1077 2198 1132 Christo

260 1175 509 1230 fratribus
547 1176 835 1230 Humberto
871 1176 1209 1244 Lugdunensi
1259 1176 1644 1247 archiepiscopo
1696 1180 1747 1230 et
1793 1177 1903 1229 eius
1949 1174 2199 1244 suffraga-

260 1273 372 1327 neis
411 1273 667 1344 episcopis
707 1273 925 1327 salutem
966 1277 1019 1327 et
1057 1273 1397 1344 apostolicam
1435 1272 1862 1327 benedictionem.

407 1368 732 1424 Confratrem
765 1374 1000 1423 nostrum
1031 1368 1376 1424 Landricumc
1403 1369 1839 1423 Matisconensem
1879 1369 2197 1439 episcopum,

262 1482 415 1536 quem
450 1466 913 1520 intervenientibus
953 1467 1263 1536 quibusdam
1300 1466 1696 1521 rationabilibus
1735 1466 1904 1519 causis
1941 1466 2199 1519 ordinavi-

259 1579 402 1632 muS‚
453 1563 520 1616 ad
555 1579 647 1616 vos
687 1580 806 1617 cum
841 1564 1035 1617 nostris
1073 1563 1262 1618 litteris
1303 1568 1356 1618 et
1394 1563 1676 1634 apostolico
1715 1562 1884 1631 sigillo
1922 1564 2196 1632 mittimuS‚

261 1662 514 1729 quatenus
563 1660 626 1713 de
675 1664 914 1731 suscepto
963 1661 1298 1715 sacerdotalis
1347 1659 1504 1714 officii
1550 1647 1730 1713 ordine
1774 1663 1826 1713 et
1862 1659 2057 1714 honore
2094 1677 2199 1713 non

259 1756 461 1810 incerta
495 1757 643 1810 vobis
683 1758 832 1825 signa
870 1761 922 1810 et
957 1757 1152 1811 indicia
1189 1757 1396 1811 referat.
1456 1756 1553 1810 Cui
1592 1773 1905 1826 quamquam
1933 1773 2024 1810 vos
2057 1757 2199 1810 debi-

180 1839 182 1841 ’
258 1856 368 1906 tam
406 1856 459 1906 et
495 1853 781 1907 fraternam
819 1853 1146 1907 dilectionem
1183 1857 1425 1924 prompte
1465 1853 1710 1907 exhibere
1747 1870 1851 1906 non
1887 1853 2196 1922 dubitemuS‚

261 1949 450 2003 addere
489 1949 588 2003 sibi
625 1954 800 2004 tamen
840 1954 892 2004 et
928 1954 1138 2004 nostrae
1177 1950 1242 2003 ad
1279 1967 1371 2004 vos
1410 1949 1872 2003 commendationis
1913 1950 2060 2019 quasi
2090 1950 2198 2020 pri-

260 2042 507 2121 vilegium
549 2050 788 2117 oportere
825 2047 1231 2117 perspeximus3=
1265 2050 1516 2116 quatenus
1557 2046 1605 2100 ei
1642 2050 1787 2100 tanto
1828 2047 2198 2100 accumulatior

258 2142 396 2196 inter
432 2159 524 2196 vos
564 2143 754 2196 caritas
795 2143 1060 2212 enitescat,
1102 2147 1293 2212 quanto
1333 2149 1385 2197 et
1423 2161 1486 2197 ex
1513 2143 1717 2196 vinculo
1745 2143 1987 2197 nostraed
2011 2143 2197 2197 frater-

257 2239 439 2292 nitatis
479 2242 532 2292 et
578 2244 819 2310 respectu
868 2240 1183 2310 apostolicae
1229 2240 1552 2294 reverentiae
1598 2239 1921 2293 coniunctior
1970 2244 2022 2294 et
2070 2241 2197 2294 emi-

255 2336 464 2390 nentior
501 2353 619 2390 eum
657 2353 816 2390 causa
852 2337 1195 2390 commendat.
1255 2336 1582 2408 Quapropter
1619 2353 1862 2405 rogamus
1902 2353 1994 2390 vos
2031 2341 2082 2390 et
2108 2337 2196 2390 ad-

257 2449 527 2487 monemus
573 2433 631 2486 in
677 2432 928 2502 Domino,
983 2437 1043 2487 ut
1088 2451 1205 2487 eum
1253 2433 1440 2504 plenae
1488 2433 1779 2487 dilectionis
1829 2432 2095 2487 affectibus
2145 2438 2198 2488 et

259 2529 417 2598 digna
466 2531 910 2598 congratulatione
958 2530 1255 2601 suscipiatis
1304 2535 1357 2584 et
1394 2531 1461 2584 ad
1496 2531 1780 2600 regendam
1818 2530 1918 2584 sibi
1955 2530 2196 2584 commis-

259 2643 373 2679 sam
412 2626 683 2680 ecclesiam
721 2627 932 2696 eiusque
969 2627 1087 2681 iura
1122 2627 1395 2681 retinenda
1434 2631 1500 2696 et,
1539 2627 1631 2682 ubi
1669 2645 1798 2698 opus
1836 2627 2009 2697 fuerit,
2047 2644 2195 2681 recu-

257 2722 490 2793 peranda
537 2739 655 2776 cum
702 2723 844 2776 omni
891 2740 1015 2777 cura
1062 2728 1114 2778 et
1159 2725 1355 2794 studi0‚
1405 2741 1536 2793 quae
1581 2724 1827 2795 potestiS‚
1880 2724 2098 2778 consilia
2145 2728 2196 2778 et

255 2819 517 2885 adiutoria
561 2819 853 2872 conferatis
919 2820 1056 2874 Nam
1105 2825 1297 2891 quanto
1345 2821 1426 2874 his
1474 2821 1796 2892 temporibus
1834 2838 1929 2891 pro
1967 2821 2195 2892 peccatis

255 2916 449 2970 nostris
497 2916 714 2970 ecclesia
757 2916 1075 2970 saevioribus
1113 2934 1482 2988 usquequaque
1520 2918 1810 2972 concutitur
1846 2917 2195 2988 perturbatio-

256 3010 435 3082 nibuS‚
483 3017 628 3067 tanto
677 3012 947 3066 sollicitius
995 3029 1091 3066 nos
1139 3014 1206 3067 ad
1250 3014 1602 3068 defensionem
1640 3032 1820 3068 earum
1857 3018 2038 3068 nostra
2074 3031 2193 3068 con-

259 3108 376 3163 silia
413 3113 466 3163 et
503 3127 630 3179 quas
668 3126 946 3180 possumus
984 3109 1122 3163 vires
1159 3110 1387 3164 adunare
1415 3111 1692 3165 debemus:
1734 3115 1986 3180 quatenus
2013 3114 2194 3164 contra

257 3209 406 3260 tanta
450 3206 682 3278 pericula
727 3206 968 3260 fortiores
1015 3206 1072 3259 in
1112 3206 1302 3260 militia
1340 3207 1535 3261 Christi
1584 3212 1636 3261 et
1680 3208 1925 3260 fraternis
1963 3208 2190 3275 negociis

257 3303 450 3357 mutuis
480 3294 940 3358 sustentationibus
968 3302 1247 3357 subsistere
1266 3303 1378 3357 Deo
1406 3304 1684 3357 adiuvante
1702 3303 1984 3357 valeamus.
2025 3303 2190 3358 Data⁶

255 3397 450 3453 Romae
492 3401 556 3452 17
597 3399 857 3453 Kalendas
895 3398 1136 3470 Aprilis‘‚
1177 3400 1457 3454 indictione
1501 3402 1582 3453 12.

373 3521 407 3546 a.
440 3512 593 3560 Legitur
618 3513 728 3547 etiam
758 3510 796 3555 2)
817 3526 878 3559 ap.
897 3512 1107 3555 Severtium,
1137 3512 1379 3562 chronologia
1397 3511 1658 3561 Lugdunensis
1686 3512 2025 3559 archiepiscopatus
2046 3513 2086 3548 ΙΙ
2103 3512 2190 3557 112,

259 3589 305 3611 ex
330 3589 396 3612 ms.
415 3578 594 3614 ecclesiae
621 3580 921 3615 matisconensis.
1076 3577 1114 3614 b.
1149 3577 1297 3614 dilectis
1330 3597 1370 3602 -
1399 3577 1576 3614 fratribus
1605 3578 1747 3614 addidi
1770 3593 1817 3614 ex
1844 3579 1879 3614 2.
2029 3589 2060 3614 c.
2094 3577 2190 3614 Lan-

258 3640 400 3678 dricum
428 3643 568 3679 addidi
591 3657 638 3679 ex
664 3645 698 3679 2.
851 3644 887 3680 d.
914 3644 1061 3680 vestrae
1089 3644 1188 3685 cod„
1215 3645 1366 3680 nostrae
1394 3645 1428 3680 2.
1576 3655 1608 3680 e.
1635 3643 1733 3680 Data
1763 3663 1804 3668 —
1835 3644 1966 3680 indict.
1986 3645 2034 3681 12
2061 3659 2130 3681 om.
2154 3645 2188 3681 2.

257 3706 282 3744 f.
310 3706 427 3744 Maias
453 3709 647 3759 legendum
674 3723 753 3747 esse
780 3710 946 3747 arbitror.

2246 410 2359 452 1074

2227 471 2316 517 Apr.
2335 471 2384 506 13

2259 1090 2375 1133 1074

2229 1152 2318 1198 Apr.
2339 1151 2412 1188 15?
