2782 4198
842 301 1119 340 GREGoRn
1155 301 1236 338 vn
1273 301 1539 339 REGISTRI
1574 300 1639 338 111
1665 299 1726 338 15.
2153 287 2260 340 229

316 416 392 478 ΠΙ
421 420 517 477 15.
554 420 784 489 szredo
813 421 971 473 militi
988 420 1376 473 Mediolanensi
1398 420 1578 472 scribit
1601 421 1665 472 de
1689 437 1780 489 spe
1802 421 1953 489 pacis
1980 437 2096 471 cum
2114 419 2259 472 Nor-

552 519 760 568 mannis
810 518 1206 587 componendae.
1277 516 1414 569 Velle
1463 534 1517 567 se
1553 515 1799 567 Heinrici
1834 514 1926 567 IV
1956 516 2095 584 reqvie
2127 534 2262 585 pace

552 615 654 678 uti,
709 615 758 665 si
804 616 860 665 in
909 615 1064 664 ‘viam‘
1097 614 1324 665 redierit.
1383 612 1533 664 Iubet
1579 630 1693 663 eum
1726 611 1874 679 forti
1917 612 2092 663 animo
2139 628 2258 663 esse.

553 709 830 762 Auxilium
861 710 1153 779 pollicetur.

460 810 741 879 Gregorius
791 812 1063 882 episcopus
1112 826 1291 863 servus
1339 825 1610 861 servorum
1646 807 1747 861 Dei
1786 806 2017 861 Wifredo
2062 807 2260 862 Medio-

311 908 514 962 lanensi
554 908 709 962 militi
749 909 969 962 salutem
1010 910 1061 960 et
1100 904 1438 976 apostolicam
1475 903 1906 957 benedictionem.

460 1003 592 1067 Quia
643 1004 943 1057 sollicitum¹
968 1006 1020 1056 te
1068 1002 1131 1055 de
1179 1001 1373 1054 honore
1413 999 1727 1053 christianae
1765 997 1888 1052 fidei
1924 998 2114 1053 litteris
2154 1000 2259 1052 tuis

313 1099 633 1168 significasti,
675 1116 895 1168 aequum
934 1098 1193 1165 duximuS,
1232 1096 1541 1167 prudentiae
1579 1098 1702 1149 tuae
1739 1095 2041 1149 rescribere.
2114 1094 2258 1149 Scias

312 1197 495 1264 igitur,
545 1195 871 1248 Normannos
910 1195 1069 1248 verba
1118 1191 1506 1263 componendae
1544 1191 1689 1262 pacis
1727 1191 1998 1245 nobiscum
2038 1191 2256 1258 habere3

313 1309 465 1361 quam
505 1291 846 1345 libentissime
879 1291 984 1343 iam
1009 1290 1254 1344 fecissent
1281 1292 1332 1341 et
1356 1288 1508 1341 beato
1535 1287 1707 1356 Petr0,
1751 1305 1906 1357 quem
1933 1287 2258 1342 solummodo

312 1388 578 1441 dominum
617 1391 670 1441 et
706 1387 1075 1456 imperatorem
1115 1389 1236 1456 post
1273 1384 1444 1438 Deum
1483 1384 1676 1438 habere
1715 1384 2039 1453 desiderant,
2087 1385 2258 1438 humi-

309 1483 429 1536 liter
466 1483 855 1550 satisfecissent,
896 1482 941 1535 si
978 1481 1234 1536 voluntati
1260 1498 1440 1535 eorum
1474 1482 1529 1534 in
1557 1481 1867 1549 quibusdam
1894 1498 2255 1535 annueremus

311 1579 412 1633 Sed
439 1579 548 1632 Deo
590 1579 874 1632 auxiliante
912 1579 1009 1631 hoc
1047 1595 1151 1631 non
1191 1595 1308 1631 cum
1336 1578 1665 1645 detrimentO,
1707 1577 1799 1631 sed
1833 1593 1951 1630 cum
1979 1582 2257 1646 augmento

307 1675 571 1728 Romanae
611 1675 857 1728 ecclesiae
895 1675 950 1727 in
989 1674 1229 1744 proximo
1270 1691 1540 1744 speramus
1579 1674 1749 1726 facere
1789 1676 1841 1726 et
1880 1690 1966 1726 eos
2001 1674 2067 1727 ad
2091 1672 2257 1727 fideli-

307 1775 470 1825 tatem
506 1771 645 1825 beati
684 1770 828 1824 Petri
866 1770 1086 1824 firmiter
1124 1774 1176 1824 et
1215 1770 1472 1823 stabiliter
1508 1786 1768 1823 revocare.
2039 1826 2061 1868 ¹

456 1867 587 1920 Cum
625 1884 746 1935 rege
787 1884 990 1936 quoque
1024 1866 1371 1919 Alamanniae
1411 1866 1474 1918 de
1513 1865 1872 1935 componenda
1908 1881 2038 1935 pace
2076 1865 2256 1919 multis

307 1964 413 2017 iam
450 1963 648 2017 vicibus
689 1963 899 2032 quidam
951 1980 1099 2015 aures
1138 1966 1344 2015 nostras
1383 1962 1863 2032 interpellaverunt.
1925 1960 2121 2024 Quibus
2159 1978 2254 2015 nos

307 2060 694 2130 respondimus:
737 2076 854 2112 cum
895 2075 954 2111 eo
994 2075 1088 2111 nos
1128 2075 1311 2128 pacem
1340 2058 1471 2111 velle
1510 2058 1719 2126 habere,
1761 2058 1806 2110 si
1844 2058 1958 2128 ipse
1997 2073 2115 2110 cum
2141 2056 2254 2111 Deo

305 2173 488 2226 pacem
521 2155 778 2209 studuerit
801 2154 1008 2222 habere,
1050 2158 1102 2207 et
1141 2171 1217 2222 ea,
1259 2171 1391 2222 quae
1431 2154 1498 2207 ad
1534 2154 1825 2224 periculum
1855 2156 2066 2207 sanctae
2094 2154 2255 2207 eccle-

306 2252 414 2305 siae
453 2256 504 2305 et
543 2251 608 2304 ad
647 2250 911 2304 cumulum
949 2250 1257 2320 perditionis
1291 2267 1415 2303 suae
1442 2250 1718 2318 commisit,
1759 2250 1908 2303 iuxta
1935 2250 2072 2318 quod
2099 2267 2254 2320 saepe

305 2354 336 2401 a
373 2348 522 2401 nobis
564 2348 878 2400 ammonitus
919 2350 1013 2414 est,
1055 2346 1423 2400 emendaverit.

453 2443 554 2496 Sed
595 2444 717 2512 quia
751 2444 808 2496 in
845 2443 1080 2513 potentia
1118 2442 1324 2496 divinae
1350 2442 1560 2496 virtutis
1585 2442 1754 2510 magis
1781 2458 1938 2511 quam
1963 2441 2018 2495 in
2043 2441 2254 2496 homine

305 2537 461 2592 fidem
489 2555 634 2608 spem
662 2544 713 2592 et
737 2556 915 2592 omnes
943 2539 1198 2607 cogitatus
1228 2542 1435 2592 nostros
1464 2538 1850 2607 collocavimuS,
1890 2537 2156 2591 volumus:
2196 2542 2254 2591 ut

306 2638 364 2687 tu
403 2634 576 2702 etiam,
618 2651 770 2703 quem
810 2635 874 2687 ad
913 2635 1278 2688 confortandos
1319 2634 1514 2688 Christi
1551 2635 1744 2688 milites
1785 2635 2018 2687 animum
2058 2638 2110 2688 et
2146 2634 2253 2688 for-

307 2729 583 2782 titudinem
622 2730 964 2800 resumpsisse
1000 2730 1356 2800 intelligimUS,
1395 2730 1616 2785 firmiter
1646 2732 1701 2784 in
1727 2730 1838 2784 Deo
1881 2729 2125 2784 confidas
2181 2729 2253 2783 Et

307 2829 548 2894 expecta:
591 2826 700 2879 eius
742 2826 992 2878 auxilium
1033 2831 1084 2879 et
1122 2826 1527 2880 consolationem
1565 2828 1662 2881 tibi
1702 2831 1754 2881 et
1791 2826 2056 2895 omnibuS,
2102 2826 2252 2879 iusti—

304 2921 431 2973 tiam
461 2925 512 2974 et
536 2921 705 2988 legem
731 2921 831 2974 Dei
858 2921 1208 2990 diligentibuS,
1238 2921 1539 2990 affuturam3
1571 2928 1622 2976 et
1648 2922 1843 2976 diaboli
1867 2922 2103 2975 membra
2128 2939 2250 2990 non,

304 3017 406 3070 nisi
433 3022 684 3086 quantum
710 3017 853 3070 Deus
878 3017 1193 3087 permiserit,
1222 3017 1550 3072 innocentiae
1577 3024 1787 3073 nostrae
1813 3018 2066 3071 nocitura.
2114 3017 2250 3071 Ecce

304 3113 539 3166 diabolus
577 3113 753 3183 palam
789 3114 845 3166 in
883 3113 1076 3166 mundo
1117 3113 1430 3183 dominatur,
1471 3131 1587 3168 ecce
1613 3115 1789 3168 omnia
1813 3113 2049 3167 membra
2074 3131 2168 3167 sua
2195 3131 2250 3167 se

305 3209 560 3263 exaltasse
597 3210 847 3276 laetatum
881 3209 980 3263 'sed
1021 3209 1108 3278 qui
1147 3209 1304 3262 dixit:
1347 3209 1609 3278 Confidite,
1654 3214 1779 3281 quia
1827 3230 1917 3281 eqo
1956 3213 2062 3262 vici
2096 3230 2247 3262 mun-

304 3307 428 3358 dum
442 3302 472 3371 ¹,
515 3305 603 3359 det
639 3306 786 3359 vobis
827 3305 1173 3358 certissimam
1210 3303 1382 3373 fidem,
1421 3306 1730 3359 festinanter
1769 3322 1823 3358 se
1850 3305 2096 3359 ecclesiae
2124 3323 2249 3359 suae

305 3417 602 3455 succurrere
628 3406 680 3455 et
706 3401 970 3455 diabolum
996 3405 1047 3454 et
1071 3401 1306 3454 membra
1332 3402 1441 3454 eius
1469 3399 1680 3454 omnino
1708 3401 2036 3454 confundere.
2093 3400 2248 3455 Anti-

307 3490 433 3563 quas
473 3498 610 3550 enim
651 3502 702 3551 et
738 3498 906 3551 nostri
942 3498 1195 3568 temporis
1235 3497 1622 3551 considerantes
1658 3497 2087 3567 permutationeS,
2124 3515 2246 3568 pro-

306 3589 544 3645 babiliter
591 3594 912 3648 invenimus:
961 3594 1249 3647 dominium
1300 3593 1493 3647 diaboli
1540 3596 1687 3647 tanto
1736 3594 1909 3647 minus
1958 3593 2244 3663 duravisse,

423 3692 463 3735 1.
492 3692 587 3737 Ioh.
609 3695 679 3751 16,
702 3695 772 3739 33.
2136 3696 2138 3698 ’

2295 814 2409 858 1076
