2722 4172
790 284 1066 323 GREGoRn
1102 285 1183 322 v11
1219 283 1486 322 nnolsrm
1522 283 1566 320 11
1590 282 1653 320 48.
1680 282 1743 319 49.
2140 269 2243 321 163

296 399 549 455 diabolico
587 401 839 454 instinctu
875 401 1093 455 fratrem
1133 418 1284 455 suum
1321 400 1600 454 interfecit.
1660 399 1808 453 Unde
1847 399 2035 467 dignae
2063 400 2244 469 poeni·
2290 406 2405 450 1075

293 498 488 551 tentiae
535 497 768 550 nondum
807 514 861 551 se
901 498 1133 551 subdidit
1169 513 1266 551 nec
1303 497 1533 566 perfecte
1571 496 1853 566 poenituit3
1904 495 1996 548 sed
2036 525 2105 532 —
2145 496 2244 549 im-

294 609 494 647 memor
531 593 667 645 tanti
702 593 949 647 facinoris
991 599 1042 647 et
1079 592 1440 664 promissionis
1481 592 1843 645 defensionum
1870 591 2246 645 ecclesiastica-

293 697 456 756 rum⁰,
506 705 662 758 quam
711 689 767 742 in
807 690 1138 760 suscipiendo
1178 688 1352 741 fictam
1395 688 1772 757 poenitentiam
1809 687 1958 755 fecit,
2006 703 2103 740 nec
2140 704 2246 740 non

295 788 348 838 et
383 801 671 855 pauperum
711 783 907 838 Christi
946 816 1015 821 —
1057 785 1262 838 animae
1302 800 1426 836 suae
1466 783 1686 836 salutem
1727 783 1977 836 oblivioni
2014 783 2244 851 tradenS,

295 879 453 934 aliam
492 881 666 934 studet
703 898 922 935 uxorem
959 881 1163 934 ducere.
1223 880 1448 948 Ideoque
1474 883 1706 933 vestram
1731 879 2117 932 fraternitatem
2143 878 2246 932 sol-

293 976 491 1029 licitam
532 994 645 1030 esse
681 977 941 1044 volumuS,
983 980 1237 1045 quatenus
1278 993 1396 1030 eum
1437 975 1758 1029 conveniatis
1787 979 1839 1029 et
1862 975 2032 1028 modis
2060 975 2246 1044 quibus

293 1073 513 1143 potestis
550 1073 700 1126 illum
737 1073 993 1126 moneatis
1033 1072 1254 1125 dulciter
1293 1077 1346 1125 et
1385 1089 1586 1142 aspere,
1629 1076 1883 1140 quantum
1922 1088 2052 1141 opus
2090 1072 2249 1125 fuerit

296 1173 348 1222 et
390 1169 537 1222 vobis
585 1169 937 1222 necessarium
982 1167 1270 1221 videbitur:
1323 1172 1381 1220 ut
1418 1168 1560 1221 nullo
1600 1168 1754 1221 modo
1793 1168 1850 1220 id
1886 1168 2058 1221 facere
2096 1185 2247 1238 prae-

295 1269 484 1332 sumat,
525 1265 616 1318 sed
653 1281 748 1318 nos
789 1264 943 1317 adeat
982 1264 1048 1316 ad
1086 1264 1401 1317 audiendum
1445 1282 1521 1332 ea,
1565 1281 1697 1333 quae
1737 1264 1838 1318 sibi
1869 1264 1932 1317 de
1960 1263 2127 1318 salute
2154 1281 2249 1317 sua

295 1361 465 1415 dicere
498 1361 760 1414 debemus.
823 1359 879 1414 Si
903 1360 1053 1428 forte,
1095 1360 1233 1429 quod
1258 1377 1364 1413 non
1393 1365 1652 1431 optamus,
1692 1377 1784 1414 vos
1812 1360 1992 1413 audire
2020 1364 2072 1414 et
2097 1361 2247 1414 nobis

296 1457 504 1511 obedire
529 1457 814 1525 rennuerit,
853 1457 994 1509 omni
1021 1457 1174 1509 modo
1203 1461 1402 1510 certum
1428 1457 1579 1509 illum
1603 1456 1822 1525 reddite,
1851 1457 1991 1526 quod
2014 1473 2109 1510 nos
2137 1457 2248 1510 Deo

296 1553 590 1621 adiuvante,
632 1553 879 1622 quicquid
902 1553 1101 1606 iustum
1129 1556 1180 1605 et
1207 1553 1514 1606 canonicum
1539 1554 1711 1606 visum
1735 1554 1909 1621 fuerit,
1947 1553 2119 1607 facere
2144 1571 2249 1606 non

293 1649 642 1718 neglegemus
702 1649 842 1702 Data
879 1649 1042 1702 Rome
1088 1652 1149 1702 17
1181 1648 1443 1702 Kalendas
1483 1648 1772 1717 Februarii,
1811 1649 2095 1703 indictione
2140 1652 2222 1703 13.

295 1821 346 1882 ΙΙ
378 1824 482 1882 49.
517 1827 738 1897 Huqoni
774 1827 953 1878 abbati
976 1826 1308 1880 Cluniacensi
1344 1829 1406 1880 de
1442 1830 1698 1898 anqustiis
1725 1830 1833 1879 suis
1859 1828 2055 1880 scribit.
2110 1827 2247 1894 Que-

516 1926 654 1976 νότων
692 1924 754 1975 de
793 1924 1061 1975 oiientalis
1102 1925 1340 1976 eeclesiae
1379 1924 1662 1993 defectione
1699 1943 1733 1975 a
1772 1924 2025 1976 catholiea
2051 1925 2162 1992 fide
2188 1943 2250 1976 ao

518 2021 581 2072 de
607 2022 984 2090 episcoporum,
1003 2022 1328 2091 principum,
1354 2021 1731 2085 Romanorum,
1755 2020 2246 2090 Lonyobardorum,

517 2116 949 2168 Normannorum
979 2121 1260 2188 pravitate.
1319 2118 1510 2170 Preces
1547 2135 1648 2187 pro
1688 2135 1740 2168 se
1765 2117 1893 2184 fieri
1929 2119 2087 2186 cupit.

445 2225 726 2294 Gregorius
775 2226 1050 2297 episcopus
1099 2245 1280 2280 servus
1331 2244 1599 2280 servorum
1648 2226 1750 2279 Dei
1788 2226 1999 2294 Hugoni
2037 2226 2248 2280 Clunia-

296 2323 439 2377 censi
478 2322 653 2376 abbati
693 2322 914 2375 salutem
955 2328 1007 2376 et
1046 2324 1387 2394 apostolicam
1426 2323 1859 2376 benedictionem.

445 2419 502 2473 Si
539 2422 717 2489 posset
753 2417 884 2487 fieri,
926 2424 1162 2489 optarem
1201 2424 1253 2474 te
1291 2420 1516 2490 pleniter
1555 2420 1704 2487 scire,
1746 2423 1943 2488 quanta
1979 2418 2248 2472 tribulatio

296 2533 379 2569 me
427 2519 673 2583 angustat
719 2519 1046 2585 quantusque
1091 2516 1242 2570 labor
1289 2516 1477 2570 cotidie
1525 2516 1804 2569 innovatus
1849 2516 2038 2583 fatigat
2075 2520 2126 2568 et
2165 2532 2250 2568 ac-

297 2629 532 2666 crescens
574 2612 723 2666 valde
761 2613 1059 2683 perturbat3
1110 2617 1169 2666 ut
1208 2613 1492 2666 secundum
1530 2612 1895 2666 tribulationes
1935 2612 2106 2665 cordis
2145 2612 2250 2665 mei

297 2709 530 2762 fraterna
567 2709 859 2778 compassio
898 2709 1030 2762 mihi
1059 2713 1111 2763 te
1137 2709 1384 2777 flecteret,
1427 2713 1478 2762 et
1504 2709 1559 2761 in
1585 2709 1886 2779 profusione
1911 2708 2250 2762 lacrimarum

299 2822 475 2859 coram
499 2804 725 2858 Domino
765 2820 854 2858 cor
891 2810 1041 2859 tuum
1079 2805 1393 2859 effunderet:
1434 2810 1494 2858 ut
1531 2822 1732 2875 pauper
1761 2804 1921 2872 IesuS,
1960 2821 2056 2874 per
2095 2821 2249 2873 quem

298 2902 475 2955 omnia
510 2901 650 2954 facta
690 2906 812 2954 sunt
850 2905 902 2954 et
941 2901 1030 2969 qui
1069 2902 1244 2954 omnia
1280 2902 1441 2969 regit,
1490 2918 1706 2954 manum
1744 2901 2037 2971 porrigeret
2075 2904 2128 2953 et
2166 2917 2249 2952 so-

296 2998 393 3051 lita
438 2998 634 3068 pietate
682 2997 931 3050 miserum
980 2997 1241 3050 liberaret.
1300 2997 1412 3064 Ego
1463 2998 1604 3050 enim
1654 3014 1810 3067 saepe
1847 2996 1999 3050 illum
2035 2996 2245 3063 rogavi:

297 3098 453 3164 prout
485 3094 600 3164 ipse
627 3092 876 3161 dederitb,
916 3096 975 3145 ut
1002 3098 1092 3145 aut
1117 3110 1200 3146 me
1227 3093 1290 3146 de
1316 3094 1582 3162 praesenti
1606 3094 1717 3146 vita
1742 3093 1951 3146 tolleret
1977 3096 2066 3145 aut
2090 3092 2249 3144 matri

298 3190 563 3243 communi
599 3207 695 3260 per
733 3207 818 3242 me
857 3189 1151 3259 prodesset3
1194 3194 1246 3242 et
1281 3193 1459 3242 tamen
1488 3190 1550 3242 de
1576 3206 1770 3256 magna
1794 3187 2131 3241 tribulatione
2158 3187 2248 3240 ad-

297 3286 397 3338 huc
422 3296 537 3339 me⁰
563 3303 668 3339 non
695 3286 904 3356 eripuit,
944 3302 1112 3353 neque
1139 3285 1249 3337 vita
1277 3301 1395 3337 mea
1423 3285 1721 3354 praedictae
1746 3284 1921 3351 matri,
1962 3283 2138 3336 cuius‘¹
2163 3300 2247 3336 me

299 3383 495 3435 catenis
545 3382 802 3450 alligavit,
850 3386 910 3434 ut
960 3381 1234 3451 sperabam
1283 3380 1495 3450 profuit.
1565 3379 1938 3432 Circumvallat
1986 3380 2125 3432 enim
2163 3396 2248 3432 me

300 3477 446 3531 dolor
482 3478 725 3531 immanis
767 3482 817 3531 et
854 3478 1072 3531 tristitia
1097 3476 1431 3529 universalis:
1474 3475 1596 3544 quia
1627 3475 1895 3528 orientalis
1925 3475 2143 3528 ecclesia
2166 3476 2247 3528 in-

301 3573 493 3626 stinctu
530 3574 723 3628 diaboli
762 3592 792 3628 a
830 3574 1085 3628 catholica
1128 3571 1230 3625 fide
1270 3570 1467 3640 deficit,
1509 3575 1561 3624 et
1597 3587 1693 3641 per
1731 3588 1826 3624 sua
1861 3571 2098 3624 membra
2133 3572 2248 3641 ipse

404 3701 437 3726 a.
457 3706 506 3727 cm
523 3691 732 3739 promissae
750 3691 981 3729 defensionis
1001 3691 1268 3729 ecclesiarum?
1320 3689 1357 3726 b.
1380 3689 1486 3726 dedit
1504 3704 1534 3726 c.
1596 3699 1627 3726 c.
1646 3701 1705 3726 me
1725 3689 1875 3726 addidi.
1935 3689 1977 3730 d.
1997 3704 2048 3726 an
2065 3689 2127 3726 cui
2145 3688 2248 3726 suis?

1796 3752 1892 3796 11*

2272 465 2349 503 Ian.
2368 468 2416 504 16

2296 2240 2411 2283 1075

2277 2300 2354 2337 Ian.
2375 2302 2424 2337 22
