2782 4198
822 290 1098 335 GREGORII
1134 296 1213 333 vn
1249 294 1515 334 REGISTRI
1550 294 1593 332 11
1620 292 1681 331 65.
1707 293 1768 331 66.
2167 280 2270 333 185

325 429 498 481 causa,
539 413 662 481 quia
699 412 996 466 huiusmodi
1032 413 1304 466 infamiam
1340 412 1688 465 indiscussam
1725 410 2013 482 praeterire
2050 425 2148 463 1166
2185 410 2274 464 (16-
2334 415 2450 460 1075

323 508 506 563 bemus
541 524 640 562 nec
678 525 972 578 possumuS,
1012 525 1107 579 per
1140 508 1343 562 litteras
1368 511 1576 560 nostras
1604 507 1704 560 sibi
1729 506 2099 577 praecipiendo
2125 522 2274 559 man-

324 604 587 658 davimus:
637 609 696 658 ut
741 605 929 673 legatis
979 605 1198 672 11061116,
1246 604 1292 657 61
1336 603 1434 657 hac
1473 607 1670 656 aestate
1709 603 1775 656 ad
1812 606 1989 673 partes
2028 601 2146 654 illas
2187 617 2274 655 606

322 700 500 754 venire
539 701 841 770 contigerit,
895 702 959 755 de
1007 699 1221 754 obiectis
1269 715 1324 752 se
1372 702 1719 768 purgaturum
1767 699 2037 765 exhibeat3
2088 697 2274 767 quodsi

325 795 583 866 aliquibus
609 797 1076 851 intervenientibus
1103 795 1272 849 causis
1297 793 1458 862 legati
1481 811 1585 847 non
1611 795 1868 863 venerint,
1897 794 2083 848 abhinc
2107 810 2274 864 usque

325 892 392 945 ad
415 892 754 947 festivitatem
782 894 949 947 sancti
967 892 1211 946 Andreae
1226 887 1240 912 ¹
1257 891 1321 944 de
1347 889 1562 943 obiectis
1587 906 1961 960 responsurum
1990 907 2045 944 se
2064 894 2276 945 nostrae

325 980 620 1043 audientiae
657 993 1030 1059 repraesentet.
1088 987 1419 1058 Quapropter
1465 985 1806 1040 admonemus
1842 986 2149 1058 religionem
2186 1004 2276 1041 ve-

325 1089 517 1139 stram:
557 1090 617 1139 ut
652 1086 865 1139 interim
901 1085 1040 1138 inter
1063 1100 1156 1137 vos
1193 1083 1339 1136 nulla
1377 1082 1653 1151 discordia,
1692 1082 1896 1136 nullum
1934 1083 2126 1137 scisma
2164 1083 2276 1137 dia-

323 1181 493 1235 bolica
528 1182 712 1235 fraude
750 1185 932 1234 natum
969 1180 1268 1233 inveniatur
1295 1179 1496 1249 —ipsi
1536 1179 1675 1232 enim
1703 1179 1863 1248 661116,
1905 1180 2029 1249 quia
2055 1180 2111 1232 in
2150 1180 2276 1234 scis-

325 1294 449 1331 sura
485 1277 740 1332 mentium
777 1277 920 1330 Deus
957 1293 1063 1329 non
1100 1275 1305 1329 habitat
1342 1304 1410 1312 ——
1452 1275 1560 1344 sed,
1601 1275 1842 1344 religioni
1883 1279 2038 1345 atque
2078 1276 2275 1330 ordinis

323 1374 487 1427 vestri
524 1372 873 1428 observationi
913 1372 1092 1426 sedato
1133 1372 1307 1425 animo
1347 1387 1407 1424 ac
1446 1388 1652 1425 summa
1689 1388 1808 1426 cum
1834 1372 2128 1426 reverentia
2153 1389 2277 1442 ope-

324 1485 438 1522 ram
476 1469 675 1536 danteS,
716 1469 983 1539 praedicto
1024 1467 1199 1522 abbati
1237 1467 1505 1522 humiliter
1532 1468 1813 1535 obediatis3
1854 1485 1920 1522 ne
1945 1469 2097 1537 forte,
2139 1468 2278 1537 quod

326 1564 477 1633 absit,
516 1565 573 1618 in
610 1569 783 1618 vestro
810 1565 1054 1618 scismate
1087 1565 1464 1617 monasterium
1489 1569 1724 1618 vestrum
1749 1566 1805 1618 in
1830 1565 1985 1619 rebus
2012 1565 2276 1635 corporeis

325 1665 378 1715 et
413 1677 505 1715 vos
543 1662 600 1714 in
639 1662 816 1714 anima
853 1662 1102 1715 damnum
1141 1661 1351 1730 aliquod
1389 1661 1682 1730 patiamini.
1741 1661 1843 1715 Pro
1885 1665 2026 1715 certo
2050 1678 2276 1730 namque

325 1751 528 1826 sciatiS,
576 1758 823 1826 quoniam
859 1774 956 1811 nos
996 1757 1235 1811 abbatiae
1275 1757 1442 1811 sancti
1480 1757 1707 1811 Dionisii
1746 1757 1965 1811 sollicite
2003 1757 2278 1825 invigilare

323 1869 590 1922 nunquam
616 1854 940 1922 negligemus
953 1862 986 1922 ⁸,
1028 1854 1119 1907 sed
1148 1853 1431 1908 secundum
1459 1849 1781 1924 apostolum²
1813 1854 2030 1907 honeste
2068 1857 2120 1907 et
2158 1870 2277 1907 cum

325 1950 506 2004 ordine
554 1950 725 2004 facere
771 1950 1028 2004 volumus
1096 1949 1242 2004 Sicut
1290 1951 1430 2004 enim
1476 1955 1750 2004 nocentem
1796 1949 2079 2004 iustificare
2125 1950 2276 2004 nobis

327 2046 606 2100 admodum
647 2050 726 2100 est
763 2046 1070 2115 timendum,
1109 2047 1186 2100 ita
1224 2052 1276 2101 et
1312 2047 1643 2101 innocentem
1673 2047 1922 2100 damnare
1948 2046 2101 2101 valde
2138 2046 2278 2117 peri-

325 2142 576 2196 culosum.
636 2142 717 2196 De
756 2132 927 2196 cetero
966 2143 1253 2213 prudenter
1290 2159 1382 2196 vos
1419 2143 1624 2212 habete,
1666 2143 1992 2197 dilectissimi
2016 2142 2127 2211 filii,
2167 2160 2277 2197 me-

323 2254 495 2293 mores
544 2239 712 2292 nostri
761 2239 818 2291 in
866 2239 1188 2293 orationibus
1239 2238 1443 2293 vestriS.
1521 2239 1661 2294 Data
1696 2239 1894 2293 Romae
1943 2241 1975 2293 8
2014 2239 2277 2293 Kalendas

323 2334 542 2406 Aprilis,
581 2335 864 2389 indictione
909 2336 991 2388 13.

324 2504 376 2566 Π
411 2509 511 2567 66.
547 2513 862 2567 Βανοῖιανάο
903 2516 1143 2585 episcopo
1180 2513 1616 2568 Halberstadensi
1650 2514 1832 2567 scribit
1869 2516 1931 2567 de
1970 2514 2168 2567 clericis
2207 2516 2280 2567 ad

551 2612 837 2662 castitatem
874 2611 1217 2681 impellendis.

477 2716 758 2786 Gregorius
799 2720 1075 2790 episcopus
1115 2737 1295 2775 servus
1334 2737 1604 2775 servorum
1630 2720 1730 2774 Dei
1757 2719 2060 2774 Burchardo
2087 2720 2278 2775 Halve-

329 2814 545 2867 stetensi
585 2815 828 2885 episcopo
868 2816 1090 2870 salutem
1129 2821 1181 2871 et
1219 2817 1559 2888 apostolicam
1599 2817 2028 2871 benedictionem.

475 2910 595 2963 Non
631 2911 873 2979 ignorare
910 2915 979 2981 te,
1018 2912 1181 2966 frater
1217 2913 1511 2983 karissime,
1551 2914 1810 2967 credimus
1837 2913 1901 2967 de
1928 2913 2166 2967 ordinum
2197 2930 2279 2967 ec-

328 3005 738 3061 clesiasticorum
777 3008 1018 3062 castitate
1057 3013 1267 3063 sanctae
1305 3010 1444 3063 sedis
1493 3009 1809 3080 apostolicae
1859 3012 2081 3078 statuta,
2133 3013 2278 3063 ante-

329 3119 593 3157 cessorum
638 3109 935 3157 nostrorum
986 3108 1038 3158 et
1083 3109 1262 3158 nostro
1314 3105 1556 3176 deinceps
1615 3106 1786 3159 studio
1832 3122 1928 3176 per
1976 3105 2179 3158 litteras
2228 3108 2281 3159 et

327 3199 525 3268 legatos
564 3200 716 3269 longe
742 3201 951 3271 lateque
980 3200 1324 3270 promulgata.
1382 3200 1519 3255 Nam
1545 3205 1597 3256 et
1623 3218 1757 3255 anno
1784 3200 2130 3271 praecedente
2156 3217 2278 3255 6011-

328 3297 517 3350 fratres
555 3298 723 3350 nostri
763 3302 816 3351 et
853 3287 1101 3368 episcopi,
1141 3297 1197 3350 in
1235 3300 1411 3367 partes
1448 3297 1566 3350 illas
1606 3298 1805 3365 directi,
1845 3301 1899 3350 te
1925 3300 2281 3351 convenerunt

331 3396 383 3446 61
418 3396 596 3446 1106110
635 3394 847 3448 1101111116
884 3394 1038 3447 11111116
1071 3393 1170 3447 tibi
1196 3393 1367 3463 operis
1394 3393 1778 3447 oboedientiam
1805 3393 2088 3447 studiosius
2113 3393 2279 3447 incul-

330 3493 529 3542 carunt.
592 3488 695 3543 Sed
731 3506 899 3558 neque
935 3493 1214 3560 propterea
1247 3489 1340 3542 has
1366 3506 1548 3542 rursus
1575 3489 1639 3542 de
1666 3489 1847 3543 eadem
1871 3506 1928 3542 re
1954 3489 2052 3543 tibi
2074 3489 2278 3543 litteras

330 3584 565 3638 mittereb
593 3585 913 3655 superfluum
936 3586 1297 3655 iudicavimus,
1325 3585 1558 3656 apostolo
1585 3585 1813 3639 dicente:
1839 3587 2073 3652 Fratres,
2104 3588 2281 3639 eadem

450 3694 490 3736 1.
522 3693 636 3738 NOV.
658 3695 730 3738 30.
851 3695 892 3738 2.
927 3695 951 3738 1
975 3693 1075 3739 Cor.
1100 3695 1169 3751 14,
1189 3695 1262 3739 40.
1430 3715 1462 3740 a.
1488 3702 1720 3763 neglegimus
1748 3718 1781 3741 c.
1884 3703 1922 3741 b.
1949 3703 2100 3741 mittere
2129 3703 2279 3741 addidi.

2302 475 2411 513 Mart.
2433 478 2482 514 25

2341 2729 2457 2774 1075

2307 2790 2416 2828 Mart.
2439 2790 2489 2828 29
