2730 4198
433 438 545 483 1080

412 498 519 536 Mart.
539 499 560 536 7

588 304 698 357 400
1090 313 1363 351 GREGORn
1399 312 1478 348 vn
1515 309 1776 348 REGISTRI
1813 309 1892 345 v11
1925 308 2015 344 148.

589 453 684 487 nas
723 435 932 487 evadere
969 442 1016 483 et
1051 447 1200 481 verae
1238 428 1567 479 beatitudinis
1603 426 1831 494 qloriam
1870 427 2086 493 cupiunt
2123 426 2348 488 intrare,
2390 434 2447 477 ut
2483 442 2517 477 a

574 530 739 598 falsis
776 528 877 579 sibi
912 534 1123 577 caveant
1156 523 1500 593 poenitentiis.
1561 519 1711 573 Sicut
1749 521 1883 571 enim
1893 519 2103 587 falsum
2129 519 2387 588 baptisma
2411 535 2518 571 non

591 625 729 675 lavat
774 620 1026 690 oriqinale
1060 628 1350 688 peccatum,
1404 618 1480 668 ita
1516 625 1635 684 post
1673 615 1986 684 baptismum
2008 614 2164 682 falsa
2196 614 2517 683 poenitentia

588 736 691 769 non
730 717 860 767 delet
895 714 1042 783 nefas
1083 714 1420 765 commissum.
1482 710 1706 778 Ideoque
1743 709 1894 760 valde
1931 711 2275 760 necessarium
2313 718 2401 774 est,
2441 718 2514 773 ut,

590 815 682 883 qui
718 830 769 863 se
808 811 1023 878 aliquod
1055 826 1216 877 qrave
1241 809 1433 858 crimen
1460 806 1770 857 commisisse
1797 806 2071 874 cognoscit,
2114 806 2344 856 animam
2369 821 2518 856 suam

585 906 920 978 prudentibus
960 914 1006 955 et
1041 903 1296 971 reliqiosis
1335 902 1462 952 viris
1501 901 1799 964 committat,
1841 910 1899 952 ut
1927 918 2028 969 per
2052 918 2227 951 veram
2244 902 2516 970 poeniten-

590 1004 715 1054 tiam
752 1010 939 1052 certam
973 1007 1299 1067 peccatorum
1337 1013 1549 1047 suorum
1588 1005 1931 1064 consequatur
1968 997 2187 1047 veniam.
2263 995 2409 1047 Haec
2447 1005 2519 1048 est

589 1098 722 1149 enim
759 1113 880 1146 vera
911 1093 1224 1163 penitentias
1265 1102 1323 1144 ut
1353 1101 1476 1160 post
1500 1093 1827 1143 commissum
1866 1091 2088 1143 alicuius
2123 1093 2386 1160 yravioris
2413 1092 2516 1143 cri—

586 1194 740 1243 minis
767 1222 835 1227 —
862 1198 1033 1258 utpote
1069 1188 1302 1238 meditati
1338 1187 1608 1238 homicidii
1644 1197 1691 1239 et
1727 1197 1907 1256 sponte
1946 1188 2207 1239 commissi
2214 1206 2231 1248 ,·
2269 1205 2359 1238 seu
2393 1203 2516 1256 per-

586 1288 716 1338 iurii
747 1303 845 1355 pro
877 1284 1156 1353 cupiditate
1193 1282 1404 1334 lionoris
1444 1293 1535 1335 aut
1563 1285 1822 1352 pecuniae
1844 1283 2018 1352 facti3
2057 1283 2138 1334 vel
2173 1283 2399 1334 aliorum
2436 1281 2516 1333 liis

585 1381 832 1433 similium
874 1411 941 1417 —
980 1380 1054 1430 ita
1092 1396 1144 1429 se
1182 1380 1536 1447 unusquisque
1574 1379 1645 1430 ad
1673 1378 1962 1431 Dominum
2002 1388 2278 1443 convertat,
2319 1387 2393 1443 ut,
2433 1394 2516 1429 re-

586 1477 717 1528 lictis
757 1474 988 1527 omnibus
1026 1474 1388 1542 iniquitatibus
1427 1467 1552 1538 suis,
1595 1475 1778 1526 deinde
1815 1476 1872 1526 in
1895 1475 2164 1543 fructibus
2204 1475 2366 1526 bonae
2396 1490 2516 1543 ope-

582 1573 800 1623 rationis
844 1579 1160 1640 permaneat.
1241 1568 1333 1622 Sic
1382 1571 1516 1621 enim
1554 1569 1817 1622 Dominus
1856 1589 1957 1640 per
1998 1571 2307 1641 proplietam
2345 1570 2515 1622 docet:

584 1706 611 1730 „
632 1666 697 1720 Si
742 1684 1012 1717 conversus
1045 1664 1222 1733 fuerit
1268 1666 1460 1734 impius
1509 1666 1572 1717 ab
1623 1666 1857 1717 omnibus
1904 1667 2268 1735 iniquitatibus
2315 1669 2424 1719 suis
2471 1677 2519 1720 et

581 1763 876 1814 custodierit
911 1763 1154 1813 universa
1191 1762 1440 1813 mandata
1479 1779 1608 1825 mea,
1650 1763 1758 1813 vita
1783 1763 1931 1826 vivet,
1976 1773 2022 1814 et
2047 1781 2151 1814 non
2176 1757 2514 1815 morietur“¹.

582 1858 647 1910 In
686 1857 869 1926 quibus
907 1857 1072 1909 verbis
1111 1856 1382 1925 manifeste
1420 1858 1577 1909 datur
1613 1858 1862 1926 intelliqi:
1905 1860 2169 1927 quoniam,
2213 1861 2308 1928 qui
2344 1859 2518 1911 aliena

581 1954 715 2005 bona
753 1954 977 2023 diripuit
1014 1964 1060 2005 et
1098 1972 1173 2017 ea,
1217 1971 1331 2003 cum
1366 1954 1547 2022 possit,
1590 1954 1801 2005 reddere
1839 1954 1919 2006 vel
1957 1956 2226 2007 emendare
2263 1955 2517 2016 noluerim·

578 2049 658 2101 vel
683 2051 776 2118 qui
799 2067 948 2100 arma
975 2059 1155 2101 contra
1180 2050 1432 2101 iustitiam
1451 2051 1744 2118 portaverit
1751 2069 1769 2111 ,·
1809 2061 1901 2103 aut
1930 2050 2107 2102 odium
2131 2053 2188 2102 in
2214 2052 2367 2103 corde
2391 2053 2515 2104 reti-

577 2156 663 2198 net
671 2164 687 2206 ;
718 2145 799 2196 vel
817 2147 911 2214 qui
928 2145 1226 2197 huiusmodi
1244 2145 1685 2214 neqociationibus
1719 2156 1809 2197 aut
1829 2146 2014 2214 officiis
2035 2147 2318 2216 implicitus
2322 2147 2512 2216 fuerit,
2568 2132 2570 2134 Ι

579 2259 711 2310 quae
747 2243 857 2292 sine
879 2240 1083 2309 fraude
1121 2243 1231 2292 sine
1253 2241 1497 2309 falsitate
1535 2243 1646 2292 sine
1683 2243 1888 2293 invidia
1926 2244 2036 2293 sine
2075 2244 2368 2312 deceptione
2383 2242 2514 2311 fra-

579 2347 716 2389 trum
755 2355 984 2388 ewercere
1020 2355 1125 2389 non
1159 2338 1327 2406 possit
1336 2356 1354 2398 ,·
1399 2354 1490 2388 nec
1531 2337 1602 2387 ad
1640 2336 1815 2388 Deum
1853 2355 2126 2389 conversus
2164 2357 2256 2390 nec
2294 2340 2357 2390 de
2385 2357 2513 2409 per-

574 2434 790 2502 petratis
831 2433 1167 2500 facinoribus
1223 2450 1399 2484 veram
1453 2434 1822 2502 poenitentiam
1861 2433 2048 2498 facere
2093 2435 2375 2486 credendus
2426 2444 2513 2487 est.

590 2527 734 2581 Unde
771 2530 905 2580 inter
944 2530 1120 2580 omnia
1157 2546 1246 2580 vos
1285 2528 1554 2580 hortamur
1583 2538 1736 2597 atque
1761 2547 2053 2580 monemus:
2092 2540 2148 2582 ut
2173 2531 2228 2581 in
2255 2531 2514 2599 accipien-

579 2624 659 2676 dis
690 2626 1025 2694 poenitentiis
1063 2642 1168 2675 non
1205 2625 1277 2676 ad
1300 2624 1418 2676 illos
1445 2626 1683 2688 curratis,
1725 2626 1782 2676 in
1810 2625 1994 2693 quibus
2020 2643 2112 2677 nec
2136 2625 2383 2695 reliqiosa
2407 2627 2516 2679 vita

577 2721 668 2772 nec
708 2730 781 2772 est
817 2720 1120 2771 consulendi
1155 2722 1399 2784 scientia,
1444 2721 1537 2789 qui
1572 2722 1775 2772 animas
1816 2721 2080 2772 hominum
2117 2723 2284 2791 mayis
2323 2723 2395 2774 ad
2429 2724 2514 2774 in-

579 2818 784 2868 teritum
835 2833 991 2885 quam
1035 2817 1107 2867 ad
1143 2815 1359 2868 salutem
1396 2817 1613 2880 ducunt,
1666 2826 1784 2868 teste
1820 2816 2041 2869 Veritate
2081 2835 2214 2886 quae
2251 2819 2350 2870 ait:
2401 2855 2430 2881 ‚,
2450 2815 2518 2870 Si

1887 2908 2010 2975 t“²,·
2049 2914 2139 2964 sed
2164 2914 2237 2964 ad
2260 2901 2359 2978 eos,
2401 2914 2511 2982 qui,

580 2930 756 2964 caecus
792 2930 997 2963 caecum
1024 2913 1194 2976 ducat,
1225 2911 1373 2963 ambo
1399 2913 1456 2963 in
1469 2912 1686 2981 foveam
1714 2914 1883 2964 cadun

579 3008 828 3077 reliqione
867 3018 914 3060 et
950 3009 1332 3077 scripturarum
1370 3008 1609 3060 doctrina
1634 3010 1891 3073 instructi,
1934 3011 2074 3060 viam
2099 3009 2328 3060 veritatis
2355 3018 2403 3060 et
2426 3026 2513 3060 sa-

582 3103 700 3155 lutis
738 3104 880 3156 vobis
921 3105 1180 3156 ostendere
1216 3103 1438 3156 valeant.

967 3212 1122 3267 Item
1172 3212 1243 3266 de
1292 3212 1608 3267 electione
1653 3213 2054 3284 pontificum.

730 3308 993 3375 Quotiens,
1035 3309 1275 3379 defuncto
1298 3321 1510 3379 pastore
1536 3311 1758 3363 alicuius
1785 3311 2038 3374 ecclesiae,
2080 3310 2216 3361 alius
2255 3318 2328 3361 est
2352 3310 2401 3361 ei
2424 3326 2512 3361 ca-

579 3406 760 3456 nonice
797 3406 1176 3475 subroqandus,
1216 3408 1470 3459 instantia
1504 3408 1785 3459 visitatoris
1813 3407 2058 3475 episcopi,
2100 3407 2194 3474 qui
2218 3406 2267 3456 ei
2289 3405 2353 3457 ab
2381 3422 2512 3475 apo-

582 3499 762 3551 stoliea
799 3501 879 3552 vel
914 3501 1314 3571 metropolitana
1352 3504 1468 3554 sede
1506 3504 1728 3554 directus
1755 3511 1842 3565 est,
1885 3500 2048 3552 clerus
2076 3510 2122 3552 et
2137 3500 2388 3570 populus,
2430 3518 2512 3552 re-

581 3603 720 3646 mota
758 3597 900 3663 omni
933 3597 1193 3649 saeculari
1228 3597 1505 3650 ambitione
1542 3599 1724 3650 timore
1761 3606 1914 3666 atque
1947 3597 2150 3665 qratia,
2200 3596 2515 3666 apostolicae

702 3709 740 3751 1.
773 3706 840 3752 Cf.
863 3708 1026 3753 Ezech.
1050 3710 1119 3767 18,
1142 3711 1212 3754 21.
1362 3712 1402 3755 2.
1434 3710 1591 3755 Matth.
1616 3711 1684 3767 15,
1708 3710 1777 3754 14.
