2730 4198
794 285 1142 325 BONITHONIS
1182 289 1258 324 AD
1297 288 1525 327 AMICUM
1561 290 1669 327 LIB.
1699 290 1758 328 VI
2139 279 2243 331 641

297 398 466 452 fatum
505 400 927 455 archidiaconum
954 403 1097 457 Deus
1137 404 1379 458 ostendit.
1438 405 1596 459 Forte
1633 406 1688 458 in
1729 405 1911 459 eadem
1946 407 2127 461 sinodo
2155 409 2246 462 ad·
2271 414 2525 460 1055-1057

298 498 411 548 erat
435 494 808 550 Hebroniensis
837 498 1257 570 archiepiscopus
1273 496 1301 569 ¹,
1329 500 1411 553 vir
1437 500 1587 553 valde
1615 500 2085 570 eloquentissimus.
2146 504 2246 558 Hic

296 605 415 643 cum
455 591 519 644 ab
560 592 818 661 aliquibus
858 594 920 647 de
961 596 1261 664 symoniaca
1298 596 1469 649 heresi
1508 600 1645 649 esset
1678 601 1968 665 accusatuS,
2009 600 2246 666 sequenti

295 690 444 739 nocte
494 703 674 742 omnes
725 694 1051 744 accusatores
1101 691 1323 760 pecunia
1367 691 1492 744 fecit
1541 692 1760 758 amicos3
1811 709 2067 761 maneque
2105 693 2243 747 facto

293 781 580 836 insultabat
616 784 791 853 iudici,
834 786 1034 839 dicens:
1089 787 1191 840 Ubi
1226 797 1360 852 sunt,
1405 790 1499 856 qui
1532 807 1613 839 me
1651 789 1999 840 accusabant?
2075 789 2242 842 Nemo

292 897 372 930 me
411 882 814 935 condemnabit&
881 881 1029 945 Quod
1069 881 1283 934 audiens
1325 881 1720 935 archidiaconus
1771 882 2004 952 prefatus
2055 884 2129 936 ait
2178 886 2241 938 ad

293 974 624 1045 episcopum:
654 976 849 1043 Credis,
881 998 908 1030 ο
938 981 1189 1048 episcope,
1222 977 1484 1048 Spiritum
1510 990 1746 1031 sanetum
1766 982 1922 1031 unias
1944 999 2060 1031 eum
2078 981 2243 1034 Patre

293 1080 341 1123 et
375 1071 519 1124 Filio
561 1091 664 1125 esse
710 1075 1026 1127 substantiae
1073 1084 1120 1126 et
1156 1074 1396 1126 deitatis?
1472 1073 1582 1137 Quo
1623 1074 1993 1144 respondente:
2045 1075 2241 1140 Cred03

291 1167 400 1220 Die
437 1167 630 1236 inquit:
673 1168 902 1234 „Gloria
927 1171 1088 1222 Patri
1123 1180 1169 1244 et
1193 1169 1337 1222 Filio
1378 1181 1426 1223 et
1451 1170 1685 1241 Spiritui
1721 1181 1898 1224 saneto
1916 1171 1962 1223 “.
2024 1170 2240 1241 Cunque

290 1261 428 1316 hunc
465 1264 779 1318 versiculum
818 1264 1127 1318 fiducialiter
1166 1265 1415 1335 cepisset,
1470 1265 1660 1321 Gloria
1697 1268 1858 1320 Patri
1895 1278 1941 1320 et
1977 1268 2121 1321 Filio
2162 1268 2240 1321 di-

290 1358 456 1427 cebat,
497 1364 577 1413 set
617 1359 871 1430 Spiritum
911 1366 1148 1415 sanctum
1186 1362 1460 1415 nominare
1499 1379 1603 1415 non
1641 1362 1865 1416 valebat.
1928 1362 2090 1426 Quem
2120 1381 2237 1417 cum

289 1470 413 1524 sepe
452 1456 676 1526 cepisset
715 1460 767 1509 et
803 1457 934 1510 nihil
971 1457 1295 1527 profecisset,
1335 1458 1554 1528 pedibus
1591 1459 1701 1512 eius
1730 1458 2021 1528 obvolutuS,
2063 1477 2237 1530 symo-

288 1550 498 1604 niacum
536 1569 591 1605 se
631 1569 744 1606 esse
784 1553 1048 1622 professus
1090 1557 1182 1607 est.
1263 1552 1389 1622 Qui,
1440 1571 1563 1606 mox
1602 1558 1660 1607 ut
1700 1554 1763 1608 ab
1805 1555 2109 1626 episcopatu
2149 1557 2237 1610 de-

287 1647 488 1716 positus
529 1651 623 1716 est,
669 1647 856 1703 Gloria
893 1651 1054 1703 Patri
1091 1661 1138 1703 et
1173 1650 1316 1703 Filio
1357 1660 1404 1702 et
1443 1649 1679 1720 Spiritui
1715 1663 1891 1705 saneto
1932 1652 2074 1705 clara
2114 1669 2237 1706 voce

287 1743 553 1797 confessus
595 1748 688 1798 est.
843 1744 990 1808 Quod
1028 1746 1225 1799 factum
1264 1762 1511 1812 magnum
1550 1749 1805 1800 terrorem
1844 1747 2024 1800 intulit
2062 1765 2236 1818 symo-

285 1839 450 1892 niacis
498 1840 554 1892 in
600 1844 831 1908 tantum,
881 1845 942 1894 ut
986 1841 1040 1894 in
1093 1842 1273 1894 eodem
1321 1841 1404 1895 die
1443 1842 1622 1895 decem
1661 1848 1713 1897 et
1752 1847 1867 1897 octo
1908 1844 2140 1914 episcopi
2179 1862 2235 1897 se

287 1935 509 2004 professi
547 1936 653 1988 sint
678 1937 1004 2005 symoniacos
1033 1954 1168 2003 esse3
1212 1937 1522 2006 sedibusque
1550 1939 1931 2009 episcopalibus
1957 1941 2233 1993 renuncia-

287 2047 422 2084 vere.
537 2030 811 2085 Celebrate.
847 2033 1023 2102 itaque
1062 2037 1172 2086 tam
1211 2037 1392 2086 sancta
1430 2034 1629 2102 sinodO,
1671 2035 2037 2089 ecclesiasticis
2076 2035 2232 2090 rebus

283 2126 383 2180 rite
410 2128 728 2197 compositiS,
767 2128 962 2182 Romae
991 2129 1057 2182 ad
1084 2147 1345 2183 summum
1374 2129 1673 2200 pontificem
1702 2132 1952 2185 citissime
1977 2136 2230 2185 remeant.

430 2222 670 2276 Prefatus
718 2241 840 2277 vero
890 2225 1072 2278 beatus
1114 2224 1408 2295 Stephanus
1449 2242 1589 2296 papa
1628 2227 1870 2297 spiritum
1913 2228 2102 2281 dicitur
2140 2228 2232 2280 ha-

282 2317 454 2372 buisse
481 2319 803 2389 prophetiae.
853 2320 989 2373 Nam
1015 2322 1196 2390 paucis
1223 2321 1404 2375 diebus
1431 2323 1712 2374 transactis
1741 2327 2019 2391 antequam
2046 2324 2230 2393 obiret,
2266 2334 2380 2378 1058

281 2430 470 2467 vocans
511 2415 782 2486 episcopos
822 2419 874 2469 et
912 2416 1201 2469 cardinales
1231 2421 1283 2470 et
1307 2416 1510 2486 levitaS,
1550 2417 1631 2470 his
1661 2419 1830 2472 verbis
1860 2437 1946 2473 eos
1975 2419 2230 2473 allocutus
2260 2395 2369 2432 ΜΨ·

282 2513 385 2562 est:
429 2510 551 2564 Seio
564 2513 786 2581 fratrae,
822 2516 948 2583 quia
966 2524 1093 2584 post
1115 2524 1330 2566 mortem
1355 2534 1523 2567 meam
1549 2527 1824 2586 eoesurqent
1848 2519 1955 2569 viri
1979 2536 2040 2569 ex
2065 2518 2227 2583 vobis,

282 2616 511 2658 amantes
558 2619 711 2661 semet
756 2612 926 2679 ipsos,
981 2612 1076 2679 qui
1118 2629 1224 2662 non
1267 2629 1364 2680 per
1412 2613 1615 2664 decreta
1661 2623 1959 2665 sanctorum
1990 2625 2226 2684 patrum,

280 2712 354 2754 set
382 2721 484 2772 per
522 2703 684 2756 laicas
703 2723 959 2774 personas
985 2706 1120 2758 liano
1146 2708 1314 2758 sedem
1339 2709 1612 2777 arripient.
1674 2707 1783 2770 Quo
1813 2708 2007 2777 audite,
2050 2726 2228 2762 omnes

279 2798 477 2866 pariter
515 2815 787 2867 negavere,
829 2803 880 2852 et
918 2805 1243 2854 sacramento
1284 2801 1404 2854 dato
1442 2801 1497 2854 in
1525 2819 1685 2855 manu
1713 2820 1880 2873 papae
1907 2821 2020 2857 sese
2046 2809 2227 2858 mutuo

277 2892 530 2960 ligavere:
581 2911 849 2963 nunquam
898 2912 953 2949 se
1006 2895 1182 2964 aliter,
1233 2914 1390 2965 quam
1430 2897 1639 2950 decreta
1677 2903 1976 2952 sanctorum
2014 2904 2227 2969 patrum

278 2989 510 3058 exigunt,
553 2990 619 3043 ad
644 2989 996 3060 pontificalem
1026 2992 1305 3045 ascendere
1333 2993 1526 3061 sedem,
1567 2993 1651 3046 vel
1678 2995 2076 3049 ascendentibus
2103 3011 2226 3048 con-

276 3086 486 3140 sentire.
638 3085 765 3140 Post
812 3103 1005 3157 paucos
1044 3104 1166 3140 vero
1215 3087 1324 3141 dies
1364 3088 1419 3141 in
1457 3089 1694 3158 partibus
1735 3090 1954 3145 Tusciae
1991 3092 2223 3161 venienS,

273 3181 525 3251 languore
564 3187 850 3252 correptuS,
892 3183 1136 3253 spiritum
1176 3183 1317 3237 coelo
1357 3184 1600 3238 reddidit.
2254 3206 2363 3245 Mart.
2386 3208 2435 3245 29

420 3277 548 3332 Post
585 3279 731 3332 cuius
771 3279 969 3333 obitum
1008 3279 1204 3333 Romae
1243 3280 1533 3350 capitanei,
1586 3285 1637 3334 et
1673 3281 1903 3336 maxime
1941 3282 2223 3351 Gregorius

393 3421 425 3448 a.
461 3411 724 3448 condemnavit
750 3426 782 3448 c.

391 3482 432 3525 1.
466 3481 551 3534 Qui
581 3482 760 3526 videtur
790 3482 925 3538 Hugo
957 3482 1321 3538 archiepiscopus
1342 3480 1682 3531 Ebredunensis
1712 3483 1867 3528 fuisse.
1899 3486 1956 3530 V.
1982 3485 2094 3528 Gall.
2119 3484 2220 3529 Chr.

270 3552 337 3596 III
368 3554 496 3598 1069.
543 3556 629 3599 Pro
664 3554 1040 3612 „Hebroniensis“
1066 3560 1136 3599 est
1160 3554 1555 3612 „Eburdunensis“
1581 3557 1637 3601 al.
1658 3556 2032 3614 „Ebrudicensis“
2057 3571 2128 3613 ap.
2153 3558 2220 3601 Ia-

270 3624 434 3670 cobum
456 3627 512 3671 de
534 3628 776 3684 Voragine,
813 3628 1157 3685 „Ebroniensis“
1183 3642 1254 3685 ap.
1270 3629 1567 3674 Ricobaldum
1588 3630 1787 3688 Ferrar.3
1820 3644 2010 3687 quorum
2032 3635 2221 3687 uterque

269 3696 356 3742 hoc
386 3700 651 3743 Bonithonis
683 3714 817 3757 opere
848 3715 959 3746 usus
991 3707 1076 3746 est.
1116 3703 1173 3748 V.
1206 3716 1343 3759 supra
1372 3717 1416 3759 p.
1440 3704 1529 3747 584
1559 3718 1602 3747 n.
1628 3705 1651 3747 1
1685 3707 1732 3746 et
1761 3718 1804 3760 p.
1828 3705 1915 3748 585
1946 3719 1990 3749 n.
2013 3706 2055 3748 3.

343 3778 473 3820 σαμε,
501 3782 735 3818 Bibnotheea
761 3785 806 3818 11.
1806 3786 1864 3828 41
