2730 4198
520 299 631 353 594
1170 313 1426 351 BONTTHO
1466 314 1541 350 AD
1579 312 1806 351 AMICUM

519 430 661 483 tione
698 428 900 500 perdes·
1013 428 1084 481 Et
1121 428 1177 481 in
1201 428 1393 481 Roma³
1430 427 1635 481 nullum
1671 427 1923 498 placitum
1963 431 2054 482 aut
2080 428 2458 485 ordinationem

518 524 707 578 faciam
746 524 810 578 de
849 523 1103 591 omnibUS‚
1145 539 1276 591 quae
1315 522 1381 575 ad
1418 526 1470 576 te
1508 526 1599 576 aut
1637 522 1703 575 ad
1726 521 1988 576 Romanos
2027 524 2307 594 pertinent,
2347 525 2460 580 sine

519 623 608 673 tuo
658 619 889 673 consilio.
1038 618 1110 671 Et
1158 617 1404 687 quicquid
1449 618 1514 671 de
1550 621 1692 671 terra
1731 618 1900 670 sancti
1937 617 2083 672 Petri
2123 619 2189 673 ad
2224 624 2459 675 nostram

518 718 830 784 potestatem
867 715 1093 782 venerit,
1142 714 1238 767 tibi
1276 713 1506 767 reddam.
1658 711 1958 782 Cuicunque
1998 714 2201 768 autemb
2239 732 2459 783 regnum

518 809 755 863 Italicum
794 809 1129 878 commisere,
1169 809 1343 862 iurare
1381 809 1571 862 faciam
1608 807 1785 862 illum:
1824 811 1885 861 ut
1924 809 2130 863 adiutor
2169 811 2247 863 tui
2286 811 2356 864 sit
2392 811 2459 865 ad

519 904 895 959 defendendam
934 909 1128 958 terram
1168 905 1334 958 sancti
1371 904 1514 958 Petri
1553 904 1836 958 secundum
1876 920 2027 957 suum
2065 921 2233 974 posse.

955 1045 1050 1097 De
1102 1043 1420 1115 Greyorii
1465 1044 1549 1098 VI
1587 1045 2030 1097 abdicatione.

667 1145 798 1213 Quis
825 1158 913 1212 est,
954 1150 1048 1217 qui
1069 1149 1282 1213 nesciat,
1320 1159 1420 1201 tres
1446 1148 1604 1200 simul
1619 1166 1798 1218 papas
1809 1147 1986 1216 fuisee
2010 1148 2348 1202 Benedictum
2372 1147 2462 1202 IX

518 1240 584 1306 (8.
620 1241 1090 1312 Theophilactum),
1135 1242 1442 1296 Silvestrum
1468 1244 1579 1309 III,
1626 1242 1939 1313 Greyorium
1969 1242 2052 1297 VI
2078 1242 2143 1309 (8.
2172 1243 2458 1297 Iohannem

515 1357 555 1389 8.
598 1336 966 1403 Gratianum),
1017 1356 1132 1390 cum
1179 1357 1355 1391 eorum
1401 1342 1579 1392 tertius
1618 1360 1651 1391 a
1681 1341 1860 1409 primo
1909 1341 2213 1408 diynitatem
2259 1342 2460 1393 emi88et

510 1435 736 1502 pecunia
746 1452 764 1495 ,·
812 1443 1072 1502 totumque
1122 1434 1216 1485 hoc
1254 1435 1477 1487 schisma·
1515 1436 1578 1488 ab
1619 1436 1869 1489 Heinrico
1910 1437 2014 1489 III
2041 1455 2160 1506 reye
2201 1435 2376 1490 Sutrii
2412 1447 2459 1489 et

517 1528 716 1580 Romae
760 1546 931 1580 mense
968 1528 1247 1581 Decembri
1294 1533 1425 1582 anni
1461 1531 1606 1584 1046
1654 1532 1913 1585 sublatum
1951 1551 2069 1585 8888.
2146 1532 2233 1584 De
2271 1532 2457 1602 quibus

515 1625 723 1692 quidem
772 1623 923 1676 rebus
971 1642 1077 1676 non
1123 1642 1323 1676 omnem
1359 1626 1674 1679 Bonithonis
1711 1627 2011 1680 relationem
2048 1628 2143 1680 hoc
2182 1628 2291 1680 loco
2332 1646 2454 1680 exa-

513 1722 805 1771 minaturus
844 1738 976 1784 sum,
1017 1721 1110 1771 sed
1148 1738 1207 1771 ea
1233 1731 1432 1773 tantum
1448 1724 1794 1792 perpendam,
1838 1741 1970 1791 quae
1996 1724 2058 1775 de
2085 1725 2291 1776 decessu
2322 1721 2453 1781 Gre-

509 1817 655 1884 9orii
687 1814 771 1868 VI
800 1816 1037 1868 tradidit.

661 1910 819 1963 Hunc
858 1913 994 1964 enim
1030 1930 1136 1964 non
1174 1912 1437 1964 voluntate
1475 1912 1664 1964 abiisse
1692 1914 2006 1983 pontificatu
2043 1915 2134 1966 sed
2156 1932 2340 1985 reapse
2365 1915 2453 1966 de-

511 2009 696 2059 iectum
736 2025 857 2072 8888,
901 2009 1255 2061 demonstrant
1291 2010 1582 2060 testimonia
1606 2009 1768 2061 multa
1796 2028 1956 2079 eaque
1966 2010 2247 2077 fidissima.
2311 2009 2453 2077 Quo-

511 2120 629 2154 rum
667 2103 788 2155 aliis
829 2122 1000 2156 omnes
1040 2115 1141 2156 tres
1171 2122 1351 2174 papas
1374 2114 1745 2157 eoeauctoratos
1786 2124 1891 2158 8888
1928 2107 2195 2171 docemur,
2245 2106 2354 2158 alia
2392 2107 2456 2159 de
2542 2120 2545 2122 ’

512 2199 793 2251 Benedicto
832 2199 924 2251 IX
969 2201 1177 2269 quidem
1227 2210 1274 2252 et
1320 2199 1570 2253 Silvestro
1611 2200 1715 2252 III
1752 2204 1887 2254 inter
1935 2221 1988 2254 88
2037 2202 2311 2272 differunt,
2364 2203 2456 2255 sed

510 2314 672 2346 unum
707 2297 945 2364 idemque
983 2296 1170 2348 liabent
1206 2297 1268 2347 de
1311 2293 1564 2364 Greyorio
1602 2296 1691 2348 VI.

662 2390 908 2443 Omnium
954 2393 1112 2442 trium
1164 2401 1333 2443 autem
1377 2394 1710 2444 remotionem
1758 2393 2032 2444 ostendunt
2068 2392 2282 2444 annales
2323 2390 2448 2444 Cor-

511 2486 731 2538 beiensee
759 2486 904 2539 1046
920 2481 950 2551 ¹,
991 2486 1456 2539 Hildesheimenses
1483 2486 1628 2540 1046
1641 2482 1676 2552 ²,
1717 2487 2034 2540 Laubienses
2070 2498 2117 2540 et
2140 2488 2450 2540 Leodien8e8

511 2576 702 2648 10463,
744 2581 959 2660 annales
984 2581 1255 2634 Lamberti
1279 2578 1472 2647 1047‘2
1518 2583 1751 2635 Romani
1759 2578 1793 2648 ⁵,
1833 2584 2111 2636 chronicon
2139 2582 2197 2636 S.
2220 2584 2455 2654 Beniqni

630 2738 663 2764 a.
697 2726 855 2765 Romam
883 2730 924 2766 C.
1078 2727 1115 2765 b.
1151 2728 1276 2765 autem
1302 2742 1372 2765 om.
1394 2730 1436 2766 C.

626 2806 668 2849 1.
706 2805 752 2850 in
782 2804 915 2850 huius
945 2805 1252 2851 Bibliothecae
1283 2806 1336 2850 T.
1358 2806 1381 2850 I
1410 2807 1491 2850 39:
1536 2805 1784 2864 „Synodus
1828 2832 1882 2838 —
1924 2807 2127 2852 secunda
2165 2806 2362 2864 Sutriae,
2402 2808 2450 2852 in

509 2891 598 2935 qua
627 2879 674 2923 in
703 2879 960 2936 praesentia
989 2880 1110 2935 regis
1149 2879 1399 2924 secundum
1435 2880 1644 2924 instituta
1682 2893 1904 2925 canonum
1945 2881 2139 2937 depositi
2169 2885 2275 2926 sunt
2302 2893 2448 2937 papae

508 2952 597 2996 duo
631 2950 874 3007 (silvester
903 2952 970 2996 III
1000 2957 1047 2997 et
1078 2953 1323 3010 Gregorius
1345 2954 1411 2998 VI
1420 2955 1458 3012 >3
1500 2954 1642 2997 tercia
1671 2954 1842 2998 Romae
1874 2979 1928 2985 -
1959 2955 2006 2998 in
2036 2967 2126 3010 qua
2157 2954 2370 2998 canonice
2402 2958 2449 2998 et

508 3024 725 3082 synodice
757 3025 990 3082 depositus
1021 3030 1092 3071 est
1121 3041 1241 3084 papa
1269 3027 1545 3071 Benedictus
1561 3026 1598 3070 “.
1764 3029 1804 3072 2.
1836 3028 1956 3072 Mon.
1980 3026 2130 3071 Germ.
2154 3026 2317 3071 SS.111
2337 3026 2445 3070 104:

510 3099 782 3155 „Heinricus
811 3111 893 3143 rex
916 3124 971 3130 —
995 3113 1138 3156 papas
1167 3103 1261 3144 tres
1291 3113 1382 3145 non
1414 3101 1549 3157 digne
1580 3100 1848 3145 constitutos
1879 3100 2157 3158 synodaliter
2186 3098 2445 3155 deposuit“.

507 3173 548 3215 3.
579 3173 698 3216 Mon.
722 3171 873 3217 Germ.
895 3171 975 3218 SS.
997 3174 1040 3218 V
1063 3174 1140 3217 19:
1176 3174 1449 3230 „Heinricus
1479 3199 1533 3205 —-
1561 3172 1615 3218 fit
1642 3175 1900 3231 imperator,
1931 3177 1978 3217 et
2005 3177 2098 3217 tres
2127 3185 2272 3229 papae
2303 3171 2361 3216 ab
2391 3184 2446 3217 eo

507 3244 843 3301 deponuntur“.
1011 3246 1053 3290 4.
1085 3246 1204 3290 Mon.
1229 3246 1378 3292 Germ.
1402 3246 1481 3291 SS.
1503 3248 1546 3293 V
1570 3247 1676 3291 154:
1711 3246 1890 3304 „tribus
1921 3246 2151 3303 depositis,
2183 3246 2259 3302 qui
2290 3245 2445 3290 sedem

506 3319 799 3374 apostolicam
830 3323 986 3363 contra
1016 3320 1346 3364 ecclesiasticas
1375 3321 1556 3376 regulas
1586 3321 1848 3364 invaserant
1861 3319 1898 3364 “.
2076 3319 2116 3362 5.
2148 3319 2266 3363 Mon.
2293 3318 2444 3363 Germ.

507 3389 585 3435 SS.
607 3391 650 3437 V
669 3391 781 3435 469:
817 3392 904 3449 „In
935 3397 1093 3437 sancta
1121 3393 1260 3448 igitur
1283 3393 1466 3438 Sutrina
1496 3394 1688 3438 ecclesia
1718 3391 1920 3436 mirabile
1951 3390 2159 3435 sinodum
2189 3392 2338 3435 inesse
2370 3392 2444 3435 de-

506 3464 647 3508 crevit
677 3464 964 3521 (Heinricus).
1024 3467 1085 3510 Et
1113 3466 1360 3511 Iohannem
1392 3465 1687 3511 Savinensem
1719 3466 2001 3522 episcopum,
2034 3465 2106 3508 cui
2135 3465 2446 3521 imposuerunt

505 3548 670 3580 nomen
699 3535 926 3597 Silvestri3
969 3543 1015 3583 et
1043 3539 1290 3583 Iohannem
1320 3539 1782 3598 archipresbyterum,
1824 3538 1896 3581 cui
1934 3538 2245 3593 imposuerunt
2280 3550 2446 3582 nomen

507 3608 776 3669 Gregorius3
807 3615 854 3656 et
883 3612 1180 3657 Benedictum
1203 3638 1257 3644 —
1278 3611 1537 3669 pontificem
1568 3612 1783 3656 canonice
1813 3614 1859 3654 et
1880 3610 1997 3654 iuste
2018 3611 2272 3668 iudicando,
2304 3611 2445 3655 sacris

506 3686 552 3726 et
581 3683 804 3739 religiosis
833 3684 918 3729 hec
936 3698 1018 3742 per
1039 3699 1234 3731 canones
1256 3686 1550 3743 ostendendo,
1581 3689 1797 3743 perpetue
1821 3683 2153 3729 anathematem
2174 3683 2393 3741 obligavit
2405 3682 2443 3729 “.
