2730 4198
482 274 590 328 598
1129 286 1386 325 Bom‘rno
1424 287 1502 323 AD
1540 285 1769 324 AMICUM

481 408 661 476 icitur,
693 406 765 458 ad
788 406 1044 475 synodum
1072 403 1347 458 Sutrinam
1371 413 1626 467 vocatum,
1660 419 1716 454 eo
1743 419 1795 452 se
1821 400 2110 468 contulisse,
2141 413 2425 473 propterea

484 502 624 571 quod
660 511 915 571 sperasset
923 500 1070 569 fore,
1110 510 1184 564 ut,
1225 498 1443 568 reliquis
1469 497 1669 550 duobus
1686 496 2024 567 pontificibus
2047 499 2273 563 remotis,
2313 501 2426 570 ipse

483 597 886 664 confirmaretur.
929 595 1037 649 Sed
1066 595 1402 647 deliberatum
1427 613 1489 646 ac
1515 594 1846 645 constitutum
1854 592 2032 661 fuisse
2055 592 2306 646 Heinrico
2333 593 2436 648 III

483 695 610 763 reqi,
651 711 759 744 una
796 691 953 743 simul
986 690 1178 760 pellere
1195 690 1508 760 pontificatu
1536 706 1707 742 omnes
1734 698 1853 741 tres.
1911 688 2099 758 Itaque
2123 691 2180 741 in
2206 690 2425 759 synod0‚

484 807 599 841 cum
644 790 752 840 iam
796 788 1006 838 initium
1057 788 1275 839 actionis
1310 785 1523 854 factum
1562 795 1714 849 esset,
1767 785 2017 854 diqnitati
2050 786 2427 838 renuntiavisse

488 881 818 953 Greqorium.
877 882 955 935 At
991 882 1114 934 haec
1152 884 1203 934 si
1239 883 1448 934 omnino
1488 899 1612 933 vera
1650 890 1829 945 essent,
1872 881 2027 932 etiam
2062 880 2185 932 inde
2211 879 2428 949 liqueret

475 979 714 1049 profecto
730 1017 746 1043 ,
796 996 900 1030 non
951 995 1108 1047 quam
1155 995 1262 1029 non
1306 979 1500 1030 invitus
1551 977 1642 1028 sed
1689 994 1848 1045 quam
1897 985 2079 1028 contra
2115 975 2427 1028 voluntatem

482 1075 571 1127 ille
609 1075 827 1127 cesserit.

629 1169 927 1238 Perfectum
974 1179 1143 1221 autem
1191 1168 1474 1221 mentiendi
1518 1166 1766 1235 artificem
1812 1168 1870 1218 in
1908 1166 2005 1218 hac
2042 1184 2098 1219 re
2137 1184 2339 1236 quoque
2375 1185 2429 1220 se

475 1265 693 1335 praebet
729 1264 975 1315 Bonitho.
1035 1264 1109 1315 Et
1146 1274 1254 1316 tam
1291 1266 1497 1334 copiose
1536 1264 1744 1332 quidem
1769 1273 2016 1332 tantaque
2040 1265 2208 1333 specie
2221 1262 2427 1333 ‘proba-

484 1361 698 1428 bilitatis
736 1359 970 1428 sinqulas
1007 1377 1089 1410 res
1119 1369 1422 1428 persecutus
1462 1369 1550 1424 est,
1591 1369 1650 1411 ut
1670 1358 1794 1427 fere
1834 1376 2006 1410 omnes
2047 1361 2342 1428 quicunque
2366 1360 2430 1412 cle

482 1456 681 1524 synodo
711 1453 933 1507 Sutrina
972 1464 1183 1522 eqerunt
1216 1455 1401 1519 adhuc,
1444 1472 1532 1506 seu
1556 1454 1743 1507 vellent
1766 1473 1855 1507 seu
1878 1454 2088 1520 nollent,
2124 1456 2430 1508 narratione

484 1553 591 1602 eius
629 1552 716 1602 usi
751 1551 869 1601 sint.
934 1548 1098 1615 Quem
1136 1551 1271 1602 enim
1300 1550 1601 1620 pontificem
1637 1551 1884 1603 immenso
1920 1552 2088 1621 pretio
2124 1551 2429 1620 diqnitatem

484 1648 663 1698 emisse
700 1654 900 1698 constat
934 1646 1070 1697 inter
1110 1663 1299 1711 omnes,
1344 1648 1536 1715 quique
1574 1647 1727 1698 etiam
1755 1657 1883 1716 post
1919 1646 2226 1716 abroqatam
2251 1657 2426 1700 aucto-

482 1744 687 1794 ritatem
735 1751 936 1794 tantum
984 1741 1156 1793 valere
1201 1742 1473 1794 videbatur
1510 1741 1761 1793 Heinrico
1801 1741 1920 1807 III,
1971 1752 2030 1794 ut
2072 1744 2120 1794 is
2168 1744 2431 1812 captivum

482 1838 633 1890 illum
657 1839 715 1890 in
746 1835 1085 1891 Germaniam
1111 1838 1300 1890 deduci
1321 1837 1532 1902 iuberet,
1563 1838 1779 1889 eundem
1809 1835 2121 1907 Greqorium
2145 1837 2229 1891 VI
2249 1839 2439 1905 „idio-2

484 1944 590 1987 tam
639 1944 687 1986 et
732 1935 898 1985 mirae
944 1934 1295 2004 simplicitatis
1341 1935 1514 1986 virum
1529 1929 1556 1957 “
1595 1933 1830 2003 perhibet
1865 1933 2111 1986 Bonitho.
2194 1933 2402 2005 Quippe
2409 1954 2429 1998 ,·

483 2032 558 2082 sic
606 2031 742 2081 enim
786 2031 899 2082 veri
944 2029 1168 2081 similius
1217 2031 1445 2095 violetur,
1503 2029 1700 2082 malam
1742 2029 2074 2100 pontificatus
2125 2032 2432 2100 emptionem

482 2136 646 2178 mente
685 2125 821 2177 bona
842 2125 1054 2194 factam
1086 2144 1205 2178 esse.
1266 2124 1499 2179 Ceterum
1524 2136 1642 2178 acta
1667 2126 1859 2195 synodi
1885 2124 2134 2179 Sutrinae
2159 2126 2433 2196 diliqenter

476 2223 804 2291 perscripsit.
864 2220 1236 2275 Auscultamus
1276 2223 1712 2293 disceptationem.
1770 2222 1907 2274 Ecce
1939 2224 2060 2292 ipsa
2083 2222 2257 2288 verba,
2300 2240 2432 2292 quae

486 2319 720 2387 episcopi
739 2316 1014 2385 fecerunt,
1068 2327 1112 2369 et
1151 2336 1211 2369 ea
1250 2335 1382 2386 quae
1403 2317 1543 2386 fecit
1583 2314 1897 2386 Greqorius3
1935 2335 2100 2386 neque
2137 2317 2280 2370 abest
2300 2317 2428 2386 for-

485 2413 646 2478 mula,
690 2429 851 2482 quam
878 2412 1127 2482 pontifex
1163 2415 1222 2464 in
1260 2413 1557 2464 abdicanda
1594 2414 1847 2482 diqnitate
1885 2412 2137 2465 adhibuit.

647 2506 856 2560 Utinam
892 2526 958 2560 ne
995 2518 1103 2560 tota
1139 2526 1221 2560 res
1246 2508 1378 2575 ficta
1417 2518 1558 2561 esset.

633 2602 719 2655 De
745 2603 1056 2655 Marcellino
1097 2606 1249 2669 enim,
1293 2606 1388 2674 qui
1422 2604 1486 2656 ab
1526 2623 1576 2656 a.
1603 2603 1714 2657 296
1750 2605 1822 2656 acl
1847 2624 1896 2655 a.
1918 2602 2029 2656 304
2055 2603 2293 2656 ecclesiae
2319 2603 2431 2658 Ro-

486 2717 673 2752 manae
712 2698 979 2769 praefuit,
1031 2709 1232 2752 eoestant
1276 2700 1573 2753 adulterina
1619 2710 1738 2752 acta
1773 2700 1966 2769 synodi
2003 2697 2324 2766 Suessanae,
2373 2702 2432 2753 in

490 2813 594 2865 qua
631 2796 678 2846 is
714 2793 970 2864 pontifex,
1017 2796 1133 2847 ideo
1174 2796 1315 2864 quod
1352 2795 1657 2862 turfficasset
1694 2795 1814 2860 diis,
1863 2795 2184 2848 abdicavisse
2205 2795 2388 2865 fertur
2402 2792 2430 2848 ¹.

489 2890 562 2943 Et
607 2890 741 2942 hanc
791 2892 999 2960 quidem
1036 2891 1293 2960 synodum
1329 2891 1585 2956 BonithO,
1639 2893 1971 2944 temeritatem
2007 2910 2156 2953 suam
2192 2894 2305 2962 ipse
2341 2893 2430 2944 cle-

488 3004 624 3047 ritate
655 3003 795 3048 totius
828 3004 1005 3048 concilii
1035 3004 1153 3048 iuste
1184 3003 1443 3061 depelleret.
1475 3030 1531 3036 —
1561 3004 1827 3050 Praedictus
1857 3005 2009 3061 itaque
2031 3004 2233 3061 pontifex
2260 3029 2317 3037 —
2348 3004 2431 3050 Su-

488 3076 638 3133 trium,
670 3076 750 3121 ubi
780 3077 982 3135 synodus
1015 3082 1294 3134 congregata
1324 3082 1432 3135 erat,
1465 3079 1653 3123 allectus
1684 3091 1778 3136 spe,
1811 3078 1933 3135 quod
1965 3079 2063 3123 aliis
2087 3077 2264 3123 duobus
2294 3079 2430 3136 depo-

490 3149 602 3205 sitis,
634 3148 720 3194 sibi
750 3150 834 3194 soli
862 3148 1152 3206 pontificatus
1183 3150 1534 3208 confirmaretur,
1564 3155 1796 3207 gratanter
1824 3152 2035 3208 perrexit.
2082 3150 2173 3196 Sed
2191 3155 2431 3208 postquam

490 3234 544 3266 eo
572 3226 759 3266 ventum
791 3227 862 3267 est
892 3229 938 3267 et
966 3236 1039 3268 res
1070 3224 1233 3280 agitari
1271 3237 1325 3268 ae
1365 3224 1529 3269 discuti
1559 3237 1588 3268 a
1617 3224 1794 3282 synodo
1833 3228 1995 3282 coepta
2031 3228 2124 3281 est,
2165 3237 2431 3283 agnoscens,

490 3307 539 3339 se
580 3308 670 3339 non
706 3308 841 3352 posse
881 3296 999 3340 iuste
1038 3296 1254 3342 honorem
1292 3298 1408 3342 tanti
1453 3297 1694 3342 sacerdotii
1739 3297 2072 3354 administrare,
2119 3310 2144 3342 e
2186 3297 2434 3355 pontificali

491 3368 602 3412 sella
640 3369 852 3412 exsiliens
891 3382 946 3413 ae
983 3374 1128 3414 semet
1164 3371 1312 3427 ipsum
1350 3369 1625 3427 pontificalia
1662 3371 1927 3416 indumenta
1964 3383 2157 3427 exuens,
2203 3372 2433 3428 postulata

491 3441 639 3497 venia,
671 3442 835 3486 summi
865 3442 1105 3487 sacerdotii
1136 3442 1404 3499 dignitatem
1434 3443 1693 3501 deposuit“.
1721 3470 1784 3478 —-
1806 3443 2031 3488 Desiderii
2059 3444 2323 3489 relationem
2354 3445 2431 3490 ad-

489 3512 635 3557 hibuit
664 3514 759 3558 Leo
789 3515 836 3560 in
868 3514 1090 3560 Chronica
1120 3515 1356 3560 Gasinensi
1384 3517 1436 3560 L.
1458 3517 1504 3561 H
1534 3530 1572 3562 c.
1597 3519 1665 3574 77,
1696 3518 1815 3562 Mon.
1839 3516 1988 3561 Germ.
2011 3515 2092 3562 SS.
2113 3516 2202 3562 VH
2233 3518 2333 3562 682.

611 3586 651 3629 1.
683 3587 917 3643 Leguntur
947 3592 1050 3632 aeta
1080 3602 1152 3645 ap.
1174 3589 1320 3633 Mansi
1339 3589 1363 3633 Ι
1383 3590 1563 3634 1249—
1577 3590 1706 3634 1257.
1745 3588 1812 3634 Cf.
1833 3589 1925 3635 Vit.
1944 3593 2071 3646 pont.
2092 3591 2221 3635 Rom.
2243 3604 2315 3649 ap.
2336 3592 2432 3636 Mu-

491 3658 630 3702 ratori
658 3659 760 3702 Rer.
783 3660 837 3704 It.
861 3659 938 3704 SS.
962 3661 1028 3705 III
1050 3662 1149 3718 102,
1181 3665 1227 3705 et
1256 3661 1364 3706 ibid.
1397 3666 1549 3707 annot.
1571 3662 1614 3707 5.
