2722 4172
792 313 1065 353 GREGORn
1102 315 1186 352 vn·
1217 314 1481 353 REGIsTm
1516 314 1538 350 1
1565 311 1625 348 17.
1654 310 1714 347 18.
2155 295 2222 347 31

286 426 602 503 requiram¹3
643 435 695 485 et
733 431 881 486 alibi:
933 433 1038 486 Vae
1074 434 1172 498 illi,
1216 435 1310 503 qui
1336 432 1580 502 prohibet
1616 430 1680 482 ab
1722 447 1777 481 eo
1818 430 1912 498 qui
1939 434 2138 498 peccat,
2182 437 2228 480 et

286 529 660 599 incorriyibilis
699 525 1038 600 perseveraffl.
1097 527 1202 582 Vos
1251 532 1423 580 autem
1473 531 1525 579 et
1571 526 1634 578 de
1682 524 1764 577 his
1804 528 1856 577 et
1894 522 1956 576 de
1997 522 2112 575 aliis
2152 522 2227 575 sic

221 650 226 654 ¹
289 625 442 694 agite,
481 629 582 701 ut⁸y
605 629 657 679 et
692 625 994 696 temporalis
1032 624 1180 678 vobis
1219 623 1385 691 gloria
1424 639 1455 675 a
1479 621 1706 674 Domino
1745 623 1994 688 augeatur
2033 623 2084 672 et
2108 635 2228 688 per-

286 725 474 792 petuae
520 721 856 775 beatitudinis
901 720 1309 774 habundantiam
1353 735 1448 789 per
1485 718 1837 771 interventum
1877 714 2228 786 apostolorum

286 819 585 888 perenniter
631 818 898 889 possidere
945 817 1174 888 possitis
1234 815 1374 868 Data
1411 809 1691 867 Laurenti³
1732 814 1763 866 8
1803 812 1924 865 Idus
1961 811 2102 879 Iulii,
2148 811 2228 863 in-

289 914 514 969 dictione
557 917 639 968 11.

289 1042 314 1104 Ι
351 1048 448 1106 18.
491 1049 765 1103 Michaelis
803 1048 1132 1118 imperatoris
1161 1046 1350 1116 plenas
1383 1063 1506 1115 crya
1531 1063 1583 1096 se
1609 1044 1779 1096 studio
1808 1043 2002 1095 litteras
2032 1042 2226 1094 laudat.

491 1146 830 1198 Dominicum
846 1143 1209 1215 patriarcham
1238 1142 1495 1206 Venetam,
1527 1142 1750 1211 Zeyatnm
1780 1158 1945 1205 suum,
1976 1157 2228 1191 commen-

492 1244 596 1294 dat.
658 1239 998 1294 Concordiam
1038 1240 1308 1292 Romanae
1354 1249 1398 1291 et
1437 1236 2036 1307 Constantinopolitanae
2076 1235 2228 1288 eccle-

491 1340 690 1390 siarum
726 1338 868 1406 refici
904 1338 1061 1407 cupit.

439 1447 718 1516 Gregorius
768 1447 1040 1518 episcopus
1090 1463 1269 1500 servus
1310 1462 1587 1499 servorum.
1614 1443 1715 1497 Dei
1752 1439 2058 1496 Michaheli⁴
2097 1441 2233 1495 Con-

292 1545 754 1616 stantinopolitano
780 1544 1086 1614 imperatori
1112 1543 1333 1596 salutem
1361 1547 1412 1595 et
1438 1541 1776 1612 apostolicam
1801 1539 2230 1593 benedictionem.

438 1641 660 1706 Quidam
698 1658 729 1694 a
765 1641 952 1695 vestris
990 1640 1227 1711 partibus
1264 1639 1505 1692 monachi
1529 1638 1813 1705 venienteS,
1854 1653 2074 1705 quorum
2099 1651 2233 1688 unus

292 1738 517 1792 Thomas
558 1738 688 1791 alter
712 1737 957 1791 Nicolaus
995 1737 1292 1805 vocabatur,
1335 1735 1671 1789 excellentiae
1698 1739 1899 1788 vestrae
1928 1733 1993 1786 ad
2017 1749 2111 1786 nos
2148 1732 2235 1786 lit-

291 1840 431 1890 teras
471 1835 716 1903 detulere,
755 1833 938 1904 plenas
978 1838 1180 1887 vestrae
1220 1832 1510 1886 dilectionis
1551 1831 1820 1884 dulcedine
1862 1835 1912 1884 et
1951 1847 2036 1898 ea,
2079 1846 2235 1898 quam

294 1937 502 1986 sanctae
528 1931 793 1985 Romanae
833 1930 1078 1984 ecclesiae
1111 1929 1381 1998 exhibetiS,
1421 1946 1526 1982 non
1552 1945 1718 1999 parva
1745 1927 2031 1980 devotione.
2093 1925 2234 1990 Quae

292 2029 542 2083 nimirum
577 2028 713 2081 inter
751 2031 921 2081 cetera
958 2026 1245 2080 nobilitatis
1284 2030 1488 2080 vestrae
1516 2024 1692 2093 verba,
1734 2023 1929 2077 eisdem
1966 2021 2234 2076 monachis

294 2125 357 2180 de
394 2125 492 2194 his,
535 2142 665 2193 quae
703 2124 806 2194 ipsi
844 2124 964 2177 viva
1000 2140 1125 2177 voce
1163 2123 1218 2176 in
1259 2139 1382 2176 aure
1421 2121 1571 2175 nobis
1612 2138 1677 2174 ex
1713 2125 1864 2191 parte
1890 2124 2064 2173 vestra
2100 2118 2234 2172 rela-

291 2222 397 2276 turi
435 2226 623 2290 essent,
661 2237 815 2292 posse
842 2237 937 2273 nos
964 2220 1187 2288 credere,
1217 2219 1542 2273 asserebant.
1603 2217 1799 2270 Verum
1837 2217 1957 2285 quia
1981 2232 2234 2287 personae

291 2329 397 2372 11011
423 2318 732 2372 videbantur
757 2317 905 2385 taleS,
947 2315 1132 2385 quibus
1161 2333 1338 2370 secure
1362 2315 1519 2376 fidem
1543 2331 1815 2384 possemus
1845 2313 2235 2367 accommodare

292 2415 376 2469 vel
411 2431 506 2486 per
541 2413 659 2468 eosb
687 2414 750 2468 de
776 2413 935 2468 tantis
961 2413 1115 2467 rebus
1141 2412 1491 2481 magnitudini
1515 2417 1719 2466 vestrae
1744 2411 2074 2482 respondere,
2115 2426 2236 2463 con-

293 2512 509 2566 fratrem
563 2515 802 2565 nostrum
848 2509 1183 2563 Dominicum
1238 2509 1591 2579 patriarcham
1638 2508 1912 2576 Venetiae,
1970 2507 2236 2560 Romanae

296 2607 540 2661 ecclesiae
579 2612 631 2661 et
666 2607 885 2679 imperio
923 2611 1096 2661 vestro
1135 2605 1512 2674 fidelissimum,
1555 2606 1622 2659 ad
1658 2623 1750 2659 vos
1787 2605 2080 2659 studuimus
2116 2603 2237 2657 mit-

295 2708 421 2773 tere,
462 2708 715 2773 quatenus
752 2704 865 2774 ipse
904 2703 1177 2772 diligenter
1218 2720 1248 2756 a
1284 2702 1431 2756 vobis
1469 2702 1744 2771 intelligat,
1785 2703 1830 2755 si
1867 2702 1923 2755 in
1962 2718 2038 2769 ea,
2081 2717 2239 2771 quam

294 2800 483 2855 litteris
538 2800 725 2854 vestris
782 2805 834 2854 et
877 2800 998 2854 viva
1045 2799 1326 2853 eorundem
1380 2798 1753 2852 monachorum
1809 2798 2054 2852 secretius
2111 2813 2237 2851 voce

297 2896 651 2966 significastiS,
703 2896 868 2950 adhuc
914 2896 1180 2950 voluntate
1225 2896 1570 2966 perseveratis
1621 2900 1673 2949 et
1720 2895 1996 2963 legationis
2034 2898 2238 2948 vestrae

295 2994 455 3049 verba
493 2993 560 3047 ad
597 2992 836 3047 effectum
871 2992 1154 3063 perducere
1191 2992 1378 3046 velitis.
1437 2992 1545 3046 Nos
1574 2996 1748 3046 autem
1773 3009 1879 3044 11011
1909 2991 2076 3044 solum
2102 2991 2238 3044 inter

295 3079 602 3159 Romanam,
642 3090 726 3143 cui
762 3089 885 3143 licet
919 3089 1120 3156 indigni
1159 3089 1493 3157 deservimUS,
1535 3088 1806 3142 ecclesiam
1842 3092 1893 3141 et
1925 3086 2089 3140 filiam
2127 3087 2236 3140 eius

297 3186 927 3257 Constantinopolitanam
966 3185 1234 3254 antiquam
1267 3184 1378 3238 Deo
1420 3185 1690 3238 ordinante
1729 3183 2057 3238 concordiam
2094 3183 2238 3253 cupi-

297 3301 414 3338 mus
439 3285 704 3352 innovare,
746 3283 883 3351 sed0,
924 3282 968 3335 si
993 3280 1108 3335 fieri
1132 3285 1320 3352 potest,
1363 3281 1501 3350 quod
1529 3298 1594 3335 ex
1618 3280 1767 3334 nobis
1795 3284 1889 3349 est,
1929 3296 2047 3333 cum
2074 3278 2239 3333 omni-

297 3380 394 3434 bus
419 3380 714 3434 hominibus
738 3396 923 3451 pacem
955 3375 1190 3431 habere⁵.
1254 3377 1406 3431 Scitis
1444 3378 1597 3446 enim,
1641 3377 1776 3446 quia,
1818 3380 2069 3445 quantum
2095 3379 2239 3430 ante-

299 3494 563 3532 cessorum
610 3481 907 3530 nostrorum
956 3479 1007 3529 et
1054 3478 1348 3528 vestrorum
1398 3478 1607 3527 sanctae
1666 3472 1978 3544 apostolicae
2026 3472 2137 3526 sedi
2189 3476 2241 3526 et

415 3592 438 3618 a
482 3582 526 3618 ut
553 3595 624 3618 om.
642 3595 676 3617 c.
829 3579 865 3617 b.
902 3581 958 3617 sic
986 3579 1070 3616 cod.
1094 3592 1164 3626 pro
1193 3588 1299 3625 quos.
1455 3588 1486 3613 c.
1524 3577 1636 3615 etiam
1663 3577 1848 3614 excidisse
1873 3577 2029 3614 videtur.

419 3654 460 3698 1.
492 3650 560 3698 Cf.
591 3651 755 3696 Ezech.
777 3652 849 3708 33,
870 3652 912 3695 8.
1090 3651 1132 3694 2.
1172 3649 1299 3693 Haec
1327 3648 1447 3692 unde
1478 3649 1581 3706 sint,
1611 3649 1779 3693 nescio.
1958 3649 2000 3693 3.
2039 3661 2067 3692 a
2094 3648 2239 3692 Roma

302 3725 361 3770 ad
389 3725 634 3771 meridiem.
753 3725 796 3770 4.
827 3725 927 3783 VH,
957 3723 1036 3770 filii
1059 3723 1342 3771 Constantini
1361 3723 1531 3768 Ducae.
1652 3723 1693 3768 5.
1725 3723 1782 3770 V.
1807 3736 1943 3780 supra
1971 3736 2015 3780 p.
2039 3723 2094 3767 21
2126 3736 2170 3766 n.
2194 3723 2234 3766 1.

2259 430 2372 474 1073

2259 490 2327 527 Iul.
2347 492 2369 528 8

2267 1452 2379 1496 1073

2266 1513 2333 1549 Iul.
2353 1514 2376 1550 9
