2722 4172
816 279 1088 318 GREGORn
1127 281 1203 317 v11
1223 255 1504 319 'REGISTRI
1538 280 1560 316 1
1586 278 1647 315 40.
1676 278 1738 314 41.
2171 263 2240 315 59

309 396 546 451 eamdem
570 400 791 450 testatae
817 402 939 451 sunt
964 397 1292 451 dilectionem
1316 397 1542 467 principi
1569 394 1918 466 apostolorum
1943 394 2242 448 beatissimo
2275 398 2389 442 1074

307 492 460 547 Petro
487 492 773 547 bonitatem
800 498 946 547 tuam
971 498 1268 564 promptam
1294 509 1406 546 esse
1435 492 1694 559 exhibere,
1723 508 1878 560 quam
1903 489 2019 543 Iesu
2039 486 2243 544 Christo
2271 459 2348 496 Μ’
2369 459 2391 495 3

308 589 515 642 domino
562 594 741 644 nostro
788 607 879 643 vas
930 590 1193 644 electionis
1242 593 1450 642 sanctus
1497 587 1688 641 Paulus
1749 586 2075 657 coapostolus
2133 587 2243 639 eius

306 702 470 754 usque
510 685 576 739 ad
613 691 833 740 mortem
871 685 1253 740 ferventissimo
1281 701 1455 737 amore
1483 684 1682 737 studuit
1708 700 2028 750 conservare,
2069 683 2246 751 gaudii

306 781 497 852 repleti
534 783 912 854 immensitate,
963 781 1307 851 omnipotenti
1344 780 1455 834 Deo
1498 797 1626 848 quas
1665 797 1940 850 possumus
1978 779 2243 833 reddimus

306 883 494 947 grates,
557 878 660 933 Sed
696 879 900 933 noverit
926 877 1205 949 prudentia
1229 880 1421 945 vestra,
1460 877 1691 930 honestis
1716 876 1936 946 inceptis
1961 876 2244 944 religiosis-

307 992 407 1045 que
444 975 858 1029 inchoationibus
898 991 1026 1044 opus
1067 990 1179 1027 esse
1215 973 1502 1027 honestiori
1535 973 1927 1043 perseverantia
1953 978 2106 1042 atque
2131 972 2243 1027 Deo

307 1071 594 1142 opitulante
631 1071 1026 1140 religiosissima
1063 1070 1524 1122 consummatione.
1603 1069 1956 1140 Quapropter,
1997 1070 2043 1123 si
2081 1069 2244 1123 conti-

306 1168 441 1235 gerit
487 1168 767 1236 gloriosam
812 1169 1033 1219 matrem
1070 1162 1328 1219 vestram¹
1364 1165 1463 1219 hoc
1510 1170 1745 1236 tempore
1792 1165 2010 1220 Romam
2057 1167 2242 1235 redire,

304 1267 416 1317 toto
454 1263 608 1317 corde
647 1263 982 1315 admonemus
1029 1263 1190 1315 immo
1236 1279 1480 1329 rogamus
1531 1262 1824 1316 claritatem
1870 1266 2126 1330 vestram,
2179 1262 2245 1315 ad

303 1359 655 1412 visitationem
694 1359 1046 1430 apostolorum
1090 1375 1208 1411 cum
1256 1358 1438 1411 eadem
1475 1359 1678 1427 venire,
1727 1359 1830 1412 nisi
1875 1359 2010 1412 forte
2049 1358 2244 1428 aliquid

302 1456 479 1525 instet,
507 1455 646 1525 quod
669 1473 761 1509 vos
786 1473 893 1509 non
917 1455 1386 1526 praetermittenda
1409 1456 1719 1509 necessitate
1745 1455 1990 1509 detineat.
2084 1454 2243 1509 Prae-

302 1556 447 1606 terea
469 1552 677 1621 litteriS,
699 1569 827 1621 quas
854 1553 889 1605 4
909 1552 1169 1606 Kalendas
1190 1551 1456 1605 Ianuarias
1476 1553 1686 1606 nomine
1706 1556 1878 1606 vestro
1900 1553 2239 1623 suscepimUS,
2298 1555 2411 1599 1073

304 1650 442 1719 quod
478 1649 628 1703 nobis
653 1650 823 1703 visum
851 1653 930 1703 est
955 1666 1254 1719 congruum,
1294 1650 1396 1703 iam
1428 1667 1524 1720 per
1548 1653 1846 1703 nostrorum
1872 1650 2075 1720 apicum
2101 1649 2242 1718 lega-
2271 1616 2361 1654 Μ’
2383 1617 2431 1653 ²⁹

302 1746 497 1800 tionem
523 1746 853 1817 respondisse
880 1745 1202 1799 confidimus,
1337 1745 1718 1816 Omnipotentis
1744 1746 1844 1800 Dei
1869 1746 2241 1815 misericordia,

304 1843 392 1913 qui
428 1842 605 1897 fideles
634 1860 753 1896 suos
779 1843 970 1910 iugiter
995 1842 1265 1896 circundat
1291 1846 1343 1896 et
1365 1843 1609 1914 protegit,
1651 1843 1860 1896 assidua
1882 1860 1975 1896 vos
2008 1842 2243 1911 benigni-

301 1943 408 1994 tate
448 1938 690 2008 dignetur
735 1939 993 1993 custodire
1043 1943 1196 2009 atque
1240 1943 1363 2010 post
1398 1939 1560 1993 huius
1588 1941 1727 1994 vitae
1766 1956 1974 1993 cursum
2014 1940 2242 1993 animam

301 2039 445 2090 tuam
485 2036 692 2091 ethereo
727 2053 887 2105 regno
915 2053 1239 2107 componere.
1299 2035 1438 2090 Data
1461 2036 1656 2091 Romae
1696 2039 1727 2091 3
1755 2035 1931 2090 Nonas
1957 2036 2240 2106 IanuariaS,
2270 2045 2390 2144 1132Ἱὲ

300 2132 581 2187 indictione
625 2134 707 2187 12.
2337 2134 2345 2143 '

300 2303 460 2365 141.
507 2310 781 2364 Orzocoris
827 2312 1017 2363 iudicis
1066 2309 1361 2364 Caralitaui
1406 2312 1630 2364 Romam
1685 2312 1925 2364 veniendi
1971 2311 2244 2364 consilium

505 2408 701 2462 laudat.
761 2409 957 2473 Monet,
999 2419 1058 2461 ut
1094 2409 1157 2460 de
1195 2427 1370 2474 causa,
1410 2427 1512 2479 per
1551 2406 1943 2461 Constantinum
1982 2409 2241 2479 archiepi-

502 2522 716 2574 scopum
768 2504 1078 2557 Turrensem
1125 2506 1175 2557 ei
1219 2507 1496 2570 mandata,
1559 2524 1674 2557 cum
1731 2507 1908 2558 ceteris
1959 2504 2243 2559 Sardiniae

502 2601 760 2653 iudicibus
807 2601 1135 2671 colloquatur
1180 2602 1380 2672 sibique
1427 2602 1655 2655 celeriter
1699 2602 1964 2671 siym'ficet.
2046 2601 2116 2655 Se
2159 2604 2241 2654 ius

513 2695 571 2749 S.
602 2697 754 2749 Petri
791 2709 1146 2751 exsecuturum
1183 2717 1302 2751 esse.

451 2803 731 2873 Gregorius
779 2808 1050 2878 episcopus
1108 2826 1287 2862 servus
1337 2825 1605 2862 servorum
1651 2807 1752 2862 Dei
1802 2807 2027 2862 Orzocor
2082 2809 2242 2862 iudici
2289 2817 2404 2860 1074

301 2900 597 2955 Caralitano
646 2901 915 2957 Sardiniae
969 2905 1268 2974 provinciae
1324 2906 1545 2959 salutem
1600 2910 1652 2960 et
1703 2905 2042 2976 apostolicam
2085 2878 2414 2960 bene-Ian'16

301 2998 595 3057 dictionem.

445 3094 673 3149 Litteras
711 3099 828 3148 tuas
869 3096 1178 3166 accepimus,
1217 3097 1274 3150 in
1313 3098 1516 3167 quibuS,
1556 3103 1608 3152 te
1648 3100 1714 3152 ad
1750 3116 1845 3152 nos
1881 3098 2014 3152 velle
2044 3099 2238 3167 venire,

299 3191 674 3246 continebatur.
734 3191 896 3246 Nobis
926 3193 1103 3261 itaque
1129 3193 1315 3263 placet,
1356 3198 1416 3248 ut
1451 3196 1655 3263 venias3
1698 3200 1749 3249 et
1783 3212 1902 3248 cum
1927 3195 2069 3248 omni
2095 3211 2240 3248 secu-

297 3289 479 3357 ritate,
526 3292 806 3359 postquam
855 3289 920 3342 ad
955 3288 1080 3342 litus
1119 3294 1356 3344 nostrum
1394 3292 1623 3360 veneriS,
1675 3291 1842 3344 eundo
1888 3295 1940 3344 et
1974 3292 2238 3345 redeundo

297 3402 392 3455 per
427 3384 557 3439 fines
596 3389 766 3439 terrae
803 3388 1012 3439 nostrae
1050 3390 1102 3439 te
1140 3387 1366 3455 migrare
1402 3404 1584 3458 posse,
1623 3387 1918 3441 nullatenus
1956 3387 2053 3441 tibi
2091 3388 2239 3442 dubi-

297 3482 516 3535 tandum
563 3499 675 3535 esse
723 3482 870 3536 scias.
1021 3482 1267 3536 Preterea
1314 3483 1650 3537 admonemus
1696 3484 2028 3554 prudentiam
2075 3488 2237 3553 tuam,

298 3581 358 3630 ut
395 3577 457 3631 de
484 3594 656 3646 causa,
697 3595 852 3647 quam
877 3596 973 3650 per
1009 3579 1452 3650 archiepiscopum
1482 3578 1882 3634 Constantinum
1907 3581 2236 3650 Turrensem,

417 3686 457 3729 1.
489 3686 754 3730 Beatricem.
