2730 4198
354 399 468 442 1046

324 458 415 496 Dec.
436 460 483 497 20

516 265 622 318 628
1019 277 1364 317 BONITHONTS
1404 278 1479 314 AD
1520 276 1746 314 AMmUM
1782 276 1891 312 LIB.
1918 276 1955 311 v

516 410 639 448 suae
676 398 955 464 promeret,
993 398 1052 447 ut
1090 397 1202 447 erat
1238 392 1419 459 idiota,
1462 407 1670 443 omnem
1696 406 1820 444 suae
1847 389 2113 443 electionis
2140 390 2422 459 puritatem
2441 387 2453 411 ¹

515 489 734 558 aperuit.
793 489 958 558 Dixit,
1000 505 1054 542 se
1079 488 1180 541 Dei
1217 485 1575 540 misericordia
1614 485 1936 538 sacerdotem
1972 484 2132 538 fuisse
2157 483 2281 537 boni
2305 486 2452 538 testi-

512 585 675 637 monii
714 589 765 639 et
798 584 985 652 famae,
1027 586 1078 636 et
1103 587 1245 636 casto
1273 598 1488 651 corpore
1516 581 1547 633 0
1570 580 1803 650 puericia
1827 596 2032 650 semper
2057 579 2274 646 vixisse3
2317 580 2453 648 quod

510 696 616 732 non
653 683 858 732 tantum
895 678 1172 746 laudabile,
1213 681 1292 731 set
1330 676 1490 731 etiam
1529 675 1677 744 quasi
1716 675 2005 742 angelicum
2042 678 2168 728 tunc
2201 675 2452 745 temporis

512 774 785 828 videbatur
844 773 983 843 apud
1028 773 1305 826 Romanos.
1384 771 1552 825 Huius
1599 770 1677 823 rei
1727 786 1885 823 001180
1930 769 2121 823 multas
2171 770 2452 839 acquisisse

510 869 758 939 pecunias
809 868 1026 922 dicebat.
1105 868 1242 932 Quas
1283 866 1548 933 servabat,
1601 869 1660 918 ut
1699 869 1842 918 sarta
1878 868 2016 918 tecta
2055 864 2332 919 aecclesiae
2369 882 2451 919 re-

511 969 796 1018 stauraret¹¹
845 964 928 1017 vel
976 963 1174 1032 aliquid
1221 963 1343 1016 novi
1390 961 1701 1031 magniqueb
1748 961 1944 1013 faceret
1991 959 2048 1012 in
2093 959 2220 1013 urbe
2267 959 2447 1013 Roma.

510 1058 742 1127 Cumque
769 1059 1018 1128 001118801ο
1045 1058 1375 1129 tyrannidem
1401 1058 1742 1127 patriciorum
1769 1071 1945 1109 secum
1969 1054 2225 1109 tractared
2248 1059 2300 1108 et
2326 1072 2450 1123 qua-

507 1152 627 1206 liter
677 1154 788 1207 sine
834 1154 942 1206 ulla
990 1154 1115 1207 cleri
1154 1158 1205 1207 01
1242 1153 1423 1223 populi
1462 1153 1711 1206 electione
1749 1149 2019 1220 pontifices
2059 1150 2448 1218 constituerent,

507 1248 667 1301 nichil
712 1248 897 1301 melius
946 1249 1194 1318 putabat,
1249 1265 1404 1316 quam
1452 1247 1780 1315 electionem,
1831 1246 1968 1299 clero
2019 1250 2071 1299 et
2117 1245 2311 1316 populo
2356 1262 2451 1315 per

506 1343 838 1412 tyrannidem
875 1343 1069 1396 iniuste
1108 1342 1384 1410 sublatam,
1423 1342 1505 1395 his
1546 1343 1778 1412 pecuniis
1817 1345 2127 1395 restaurare.

653 1437 801 1499 Quod
839 1454 961 1490 vero
1001 1441 1060 1490 ut
1101 1425 1376 1490 audierunt
1412 1418 1513 1490 viri
1539 1437 1785 1505 religiosi,
1827 1440 2077 1506 ceperunt
2101 1452 2306 1490 summa
2331 1451 2449 1488 cum

504 1533 798 1586 reverentia
836 1531 1147 1585 calliditates
1184 1532 1385 1601 antiqui
1412 1532 1574 1586 hostis
1602 1533 1650 1586 ei
1683 1533 1975 1599 insinuare3
2015 1536 2082 1600 et,
2123 1531 2284 1586 nichil
2311 1530 2448 1600 quod

505 1627 688 1681 venale
729 1631 968 1681 sanctum
1008 1644 1136 1696 esse,
1179 1628 1433 1681 dicebant.

653 1722 749 1776 His
790 1727 841 1776 et
876 1723 991 1776 aliis
1020 1723 1478 1776 ammonitionibus
1505 1722 1724 1790 illectuS,
1769 1721 2023 1792 Spiritum
2049 1725 2286 1775 sanctum
2313 1721 2450 1790 cepit

503 1818 610 1870 iam
649 1822 823 1872 mente
863 1819 1151 1889 concipere,
1193 1823 1245 1872 et
1282 1818 1451 1872 zelum
1479 1818 1595 1886 Dei,
1638 1834 1792 1886 quem
1828 1834 1934 1870 non
1974 1817 2258 1870 secundum
2283 1816 2449 1869 scien-

506 1915 636 1967 tiam
673 1911 974 1982 habuerat2,
1014 1914 1128 1984 ipse
1167 1930 1506 1982 cognoscenS,
1555 1913 1637 1966 his
1675 1913 1847 1967 verbis
1888 1914 2157 1983 episcopos
2197 1911 2447 1965 allocutus

505 2013 609 2063 est:
666 2010 865 2063 Testem
901 2011 1076 2063 Deum
1121 2014 1303 2064 invoco
1342 2013 1399 2063 in
1442 2012 1674 2062 animam
1715 2029 1911 2075 meam,
1961 2012 2067 2063 viri
2087 2010 2320 2079 fratres:
2368 2026 2448 2060 me

505 2126 566 2159 ece
614 2107 708 2159 hoc
739 2107 893 2175 facto
942 2109 1295 2159 remissionem
1323 2097 1659 2177 peccatorum
1699 2117 1746 2158 et
1781 2106 1892 2158 Dei
1927 2108 2129 2158 credidi
2160 2105 2451 2175 promereri

501 2205 746 2272 qratiam.
809 2202 901 2256 Set
939 2205 1065 2272 quia
1104 2205 1312 2272 antiqui
1347 2203 1506 2255 hostis
1545 2221 1685 2254 nunc
1724 2220 1971 2271 coqnosco
2007 2203 2275 2266 versutias,
2319 2200 2448 2269 quid

502 2299 662 2350 michi
707 2301 775 2350 sit
806 2298 1150 2366 faciendum,
1203 2301 1260 2350 in
1298 2299 1524 2349 medium
1563 2297 1825 2368 consulite.
1979 2295 2075 2348 Cui
2114 2295 2192 2347 illi
2229 2309 2444 2363 respon-

505 2393 684 2446 dentes
725 2393 995 2445 dixerunt:
1044 2393 1126 2446 Tu
1163 2396 1220 2445 in
1259 2395 1378 2445 sinu
1417 2404 1503 2445 tuo
1545 2393 1727 2461 0011190
1766 2410 1977 2443 causam
2014 2402 2187 2452 tuam,·
2226 2400 2282 2442 tu
2314 2407 2442 2459 pro-

497 2491 618 2558 prio
661 2507 748 2541 ore
784 2500 830 2541 te
867 2491 1061 2541 iudica.
1121 2489 1314 2541 Melius
1356 2498 1427 2540 est
1453 2489 1589 2539 enim
1614 2488 1724 2552 1101,
1767 2505 1882 2539 cum
1908 2487 2052 2539 00010
2078 2486 2255 2550 Petro,
2298 2486 2444 2536 cuius

502 2603 676 2636 amore
714 2585 839 2636 0000
861 2584 1071 2653 fecisti,
1114 2570 1406 2654 pauperem
1444 2584 1527 2635 hic
1565 2585 1759 2647 vivere,
1802 2592 1859 2634 ut
1896 2583 2036 2633 dives
2075 2583 2146 2633 sis
2185 2583 2242 2632 in
2280 2590 2442 2632 aeter-

501 2699 650 2745 num,
694 2698 852 2749 quam
891 2699 1006 2732 cum
1046 2679 1274 2749 Symone
1311 2697 1491 2748 maye,
1535 2680 1629 2747 qui
1664 2688 1710 2730 10
1748 2679 1960 2747 decepit,
2001 2679 2059 2728 in
2089 2677 2324 2746 presenti
2357 2677 2440 2727 di-

499 2778 640 2827 vitiis
678 2778 922 2828 nitescere
961 2786 1008 2827 01
1043 2777 1100 2827 in
1139 2785 1402 2827 aeternum
1436 2776 1625 2844 perire.
1749 2771 1945 2835 Quibus
1987 2771 2195 2839 auditis,
2237 2773 2443 2824 senten-

499 2870 628 2923 tiam
666 2870 722 2923 in
762 2887 817 2923 se
855 2869 1091 2940 protulit,
1130 2869 1228 2923 hoc
1266 2869 1419 2922 modo
1448 2868 1650 2921 dicens:
1690 2869 1807 2938 Eyo
1840 2866 2124 2938 Greyorius
2152 2869 2440 2937 episcopus,

501 2986 675 3018 servus
701 2985 966 3019 servorum
986 2967 1109 3031 Dei,
1137 2977 1353 3036 propter
1378 2967 1737 3035 turpissimam
1760 2965 2088 3017 venalitatem
2112 2963 2444 3032 symoniacae

502 3063 755 3126 hereseos,
806 3080 939 3131 quae
978 3064 1187 3131 antiqui
1223 3062 1380 3114 hostis
1418 3063 1645 3113 versutia
1682 3079 1824 3112 meae
1862 3061 2098 3113 electioni
2131 3059 2366 3127 irrepsit,
2409 3060 2443 3106 α’

507 3158 746 3210 Romano
779 3160 1078 3228 episcopatu
1103 3158 1277 3209 iudico
1302 3175 1383 3208 me
1407 3156 1808 3208 submovendum
1821 3151 1854 3207 ³.
1913 3154 1984 3207 Et
2011 3152 2221 3206 adiecit:
2261 3152 2444 3204 Placet

500 3254 642 3305 vobis
682 3253 809 3306 hoe?
864 3251 935 3305 Et
971 3252 1376 3322 responderunt:
1421 3250 1576 3317 Quod
1612 3252 1709 3304 1101
1739 3251 1928 3321 placet,
1971 3260 2017 3303 et
2039 3267 2133 3301 nos
2145 3248 2437 3315 firmamus.

620 3438 652 3464 a.
683 3428 871 3465 restauret
896 3443 927 3464 c.
1082 3427 1120 3464 b.
1157 3426 1356 3474 magnique
1383 3428 1521 3474 scripsi
1540 3440 1610 3474 pro
1646 3435 1821 3472 magnum
1848 3422 1938 3471 quid
1968 3422 2052 3459 cod.
2208 3433 2238 3459 c.
2277 3421 2442 3470 cepisset

501 3494 637 3541 scripsi
656 3507 727 3542 pro
755 3493 952 3540 sepissime
980 3507 1010 3530 c.
1167 3492 1203 3528 d.
1230 3492 1384 3528 tractari
1411 3506 1442 3528 c.

620 3572 660 3614 1.
701 3571 1073 3627 suppurationem
1112 3570 1219 3625 (non
1259 3569 1556 3623 munditiam).
1687 3569 1728 3612 2.
1769 3567 1897 3610 Rom.
1922 3566 2000 3622 10,
2023 3565 2064 3609 2.
2185 3565 2227 3610 3.
2269 3564 2326 3609 de
2356 3563 2442 3608 hac

503 3641 708 3697 Gregorii
727 3643 793 3688 VI
823 3643 1107 3687 abdicatione
1137 3656 1180 3687 v.
1213 3655 1329 3698 quae
1360 3642 1553 3686 disserui
1582 3653 1719 3696 supra
1747 3653 1792 3695 p.
1814 3637 1915 3682 594.
