2730 4198
766 276 1115 314 Bom'rnoms
1155 278 1229 314 AD
1270 277 1496 315 AMICUM
1533 278 1642 314 Lm.
1672 278 1730 313 VI
2117 264 2224 316 653

276 391 461 446 ducem
500 390 829 446 Gotefridum
865 394 921 446 in
961 393 1214 447 auxilium
1253 394 1419 447 sancti
1446 393 1589 448 Petri
1629 396 1824 447 evocat.
1885 393 2042 447 Forte
2083 395 2223 448 enim

273 487 355 541 his
393 487 574 542 diebus
613 489 847 559 prefatus
887 489 993 542 dux
1030 493 1246 543 venerat
1278 489 1501 557 Italiam,
1542 489 1736 543 ducens
1764 504 1940 542 secum
1967 489 2223 543 excellen-

272 583 535 637 tissimam
582 585 913 638 cometissam
950 585 1287 653 Mathildam,
1336 585 1506 638 incliti
1553 585 1699 638 ducis
1736 584 1994 637 Bonifacii
2041 583 2220 638 filiam.

273 678 340 748 Is,
380 696 700 748 congregans
739 682 1038 735 universam
1077 681 1335 735 exercitus
1363 681 1444 733 sui
1471 681 1877 748 multitudinem,
1917 695 2036 733 cum
2062 697 2224 733 uxore

274 779 327 830 et
364 776 691 830 nobilissima
716 777 971 831 Mathilda
994 777 1213 830 Romam
1251 777 1481 844 venienS,
1522 776 1851 828 Normannos
1880 792 1911 828 a
1937 774 2226 845 Campania

276 871 471 940 absque
509 872 644 927 bello
685 873 903 944 expulit,
945 878 996 927 et
1035 890 1148 926 eam
1173 871 1440 925 Romanae
1477 871 1708 925 reddidit
1733 871 1925 924 dicioni
1941 867 1970 923 ¹.
2028 870 2100 923 Et
2125 870 2224 924 hoc

273 967 504 1037 primum
551 969 830 1023 servicium
880 967 1319 1022 excellentissima
1356 966 1613 1020 Bonifacii
1635 1022 1638 1025 ,
1659 966 1768 1020 filia
1813 966 1966 1020 beato
2014 972 2223 1037 aposto-

272 1063 444 1117 lorum
491 1065 719 1135 principi
767 1064 978 1131 obtulit3
1030 1081 1129 1132 que
1176 1080 1282 1116 non
1320 1062 1484 1115 multo
1523 1066 1644 1132 post
1682 1080 1777 1133 per
1813 1064 1981 1118 multa
2020 1069 2073 1118 et
2110 1064 2222 1118 Deo

274 1160 522 1214 amabilia
560 1162 782 1215 servicia
818 1160 958 1214 beati
994 1159 1139 1213 Petri
1176 1159 1368 1212 meruit
1406 1159 1509 1212 dici
1547 1158 1670 1212 filia.

422 1255 551 1310 Cum
598 1257 693 1311 hec
740 1257 816 1310 ita
863 1274 918 1310 se
955 1256 1237 1324 haberent,
1289 1273 1319 1309 a
1356 1255 1468 1309 Deo
1508 1259 1775 1326 protectus
1814 1255 2220 1327 HerlimbalduS,

271 1351 451 1406 volens
489 1351 931 1406 Mediolanensem
971 1351 1243 1406 ecclesiam
1285 1369 1316 1404 a
1354 1352 1656 1422 symoniaca
1692 1351 1914 1406 liberare
1953 1354 2220 1422 servitute,

272 1448 489 1503 consilio
538 1465 708 1519 papae
760 1452 812 1502 et
851 1447 962 1502 Deo
1014 1447 1253 1501 amabilis
1294 1447 1638 1502 Hildebrandi
1676 1448 1731 1501 in
1771 1448 1855 1502 die
1894 1453 2073 1503 sancto
2112 1450 2222 1520 epi-

273 1540 540 1614 phaniae²,
582 1545 948 1598 adiuvantibus
986 1544 1244 1612 religiosis
1284 1544 1485 1598 clericis
1523 1561 1630 1598 non
1670 1544 1839 1598 solum
1865 1544 2221 1599 Mediolanen-

273 1640 416 1695 sibus
464 1644 544 1695 set
592 1645 644 1695 et
693 1640 1131 1695 Cremonensibus
1179 1644 1231 1695 et
1277 1640 1620 1709 PlacentiniS,
1681 1642 1965 1694 secundum
2013 1641 2223 1696 decreta

273 1741 572 1791 sanctorum
620 1741 831 1808 patrum
881 1754 976 1808 per
1025 1737 1333 1791 electionem
1372 1737 1498 1790 cleri
1535 1737 1726 1791 habere
1766 1737 2074 1791 deliberavit
2111 1739 2222 1808 epi-

272 1849 488 1904 scopum
527 1829 818 1902 Ottonem³,
860 1833 1095 1887 eiusdem
1134 1833 1381 1887 ecclesiae
1421 1833 1685 1902 clericum,
1725 1833 1982 1887 nobilem⁸
2011 1834 2222 1903 quidem

272 1947 460 1999 genere
508 1935 588 1985 set
632 1929 942 1983 nobiliorem
989 1930 1248 1998 moribUS,
1300 1947 1331 1983 a
1376 1929 1620 1998 religioso
1661 1929 1798 1983 clero
1839 1929 2060 1983 electum
2100 1934 2152 1984 et
2191 1947 2222 1984 a

272 2027 526 2083 catholico
564 2026 758 2097 populo
797 2026 1083 2079 laudatum.
1144 2025 1292 2089 Quod
1330 2030 1634 2080 veternosus
1673 2042 1888 2096 serpens
1926 2043 2033 2079 non
2073 2027 2220 2096 equis

273 2124 479 2194 aspexit
517 2123 696 2177 oculiS.
756 2122 890 2176 Nam
931 2122 1183 2191 quosdam
1223 2139 1347 2176 suae
1387 2123 1515 2176 artis
1541 2123 1681 2176 viros
1708 2122 1909 2175 invenit
1936 2126 1987 2176 et
2011 2139 2106 2193 per
2132 2140 2220 2176 eos

271 2220 586 2274 sedicionem
633 2235 848 2273 movens
897 2219 953 2271 in
990 2218 1210 2289 popuIO,
1259 2219 1435 2289 ipsum
1475 2236 1507 2272 a
1543 2219 1654 2272 Deo
1694 2221 1987 2288 protectum
2025 2218 2220 2272 Erlim-

270 2316 514 2385 bardum,
569 2332 686 2370 cum
726 2315 888 2369 electo
927 2315 1035 2368 iam
1073 2315 1128 2367 in
1168 2314 1370 2385 palacio
1408 2315 1750 2383 residentem,
1800 2314 1959 2368 armis
1999 2315 2221 2368 circum-

271 2413 425 2481 dant,
464 2411 726 2483 palacium
763 2411 1044 2479 invadunt,
1086 2414 1272 2464 cuncta
1311 2411 1591 2481 diripiunt,
1631 2411 1807 2481 ipsum
1846 2411 2068 2465 electum
2106 2411 2221 2482 pla-

271 2512 452 2577 gatum
497 2525 662 2577 usque
713 2508 778 2561 ad
823 2507 986 2560 altare
1027 2512 1236 2561 sanctae
1276 2506 1473 2561 Mariae
1513 2511 1737 2561 tractum
1777 2508 1951 2560 iurare
1991 2507 2221 2578 compel-

270 2604 411 2658 lunt:
451 2621 718 2673 nunquam
759 2621 813 2658 se
854 2603 1078 2674 amplius
1118 2604 1181 2657 de
1221 2603 1403 2657 eodem
1443 2604 1749 2674 episcopatu
1776 2604 2217 2657 intromissurum.

270 2700 474 2754 Dehinc
513 2717 630 2754 eum
669 2699 876 2752 cuidam
914 2699 1100 2753 clerico
1142 2699 1375 2753 eiusdem
1403 2700 1650 2754 ecclesiae
1676 2717 1841 2769 usque
1867 2717 2022 2753 mane
2049 2703 2220 2753 custo-

272 2796 519 2851 diendum
545 2795 824 2849 tradidere.
865 2793 1019 2848 Mane
1045 2812 1167 2849 vero
1194 2795 1350 2863 fact0,
1379 2812 1410 2848 a
1434 2795 1546 2849 Deo
1572 2800 1837 2866 protectus
1862 2795 2218 2849 Erlimbaldus

272 2893 339 2947 ad
376 2893 648 2963 ecclesiam
685 2891 1070 2962 imperterritus
1108 2891 1266 2944 venit.
1327 2889 1492 2954 Quem
1528 2896 1588 2945 ut
1614 2892 1857 2945 viderunt
1883 2891 2218 2946 ecclesiarum

270 2989 566 3044 venditores
607 2992 659 3042 et
695 2988 1070 3041 fornicatorum
1109 2986 1436 3040 sacerdotum
1474 2987 1774 3057 propinqui,
1814 2988 2040 3041 clamare
2067 3004 2218 3058 cepe-

269 3089 409 3139 runt.
460 3084 710 3154 Belloque
749 3083 1043 3151 commisso,
1083 3100 1178 3153 per
1204 3082 1305 3137 Dei
1339 3083 1748 3137 misericordiam
1777 3083 1878 3137 Dei
1915 3083 2064 3138 miles
2103 3083 2218 3154 pal-

269 3199 412 3235 mam
469 3181 719 3235 citissime
777 3179 1015 3233 obtinuit.
1093 3178 1229 3232 Nam
1289 3196 1469 3233 omnes
1519 3179 1621 3233 Dei
1667 3180 1907 3234 inimicos
1955 3179 2140 3250 procul
2187 3196 2218 3232 a

270 3278 480 3333 civitate
529 3276 755 3345 fugavit,
807 3275 1150 3345 omnibusque
1195 3292 1291 3345 per
1329 3275 1430 3330 Dei
1476 3276 1718 3330 inimicos
1763 3276 1919 3331 rebus
1968 3275 2217 3330 ecclesiae

390 3400 422 3426 a.
455 3388 575 3426 nobili
601 3389 686 3425 cod.

388 3453 428 3496 1.
461 3453 517 3498 V.
540 3452 707 3496 Leonis
729 3450 892 3496 Chron.
916 3449 1066 3495 Oasin.
1089 3449 1155 3493 III
1176 3450 1246 3506 23,
1278 3450 1397 3494 Mon.
1421 3450 1572 3495 Germ.
1596 3448 1676 3494 SS.
1699 3450 1786 3495 VH
1807 3449 1906 3506 714,
1939 3453 1985 3494 et
2014 3449 2216 3494 Annales

269 3524 542 3570 Altahenses
573 3525 644 3569 ed.
668 3523 963 3569 Giesebrecht
994 3523 1052 3567 ad
1084 3524 1197 3567 1067
1228 3537 1273 3579 p.
1299 3524 1397 3568 108.
1423 3525 1521 3568 109.
1568 3523 1637 3568 Of.
1671 3524 1807 3568 etiam
1837 3521 2038 3567 Annales
2057 3521 2216 3578 Augu—

269 3602 424 3643 stanos
456 3598 515 3642 ad
547 3599 675 3655 1067,
706 3598 824 3642 Mon.
847 3596 998 3642 Germ.
1022 3595 1101 3641 SS.
1122 3596 1189 3640 III
1221 3597 1320 3640 128.
1441 3599 1483 3642 2.
1517 3596 1586 3642 Of.
1608 3595 1785 3641 Arnulfi
1809 3595 1951 3641 Gesta
1981 3595 2210 3652 archiepp.

269 3671 449 3716 Mediol.
479 3672 546 3715 III
576 3673 646 3728 25,
677 3672 705 3715 l.
728 3672 756 3716 l.
788 3685 832 3728 p.
855 3672 926 3716 25.
1077 3671 1119 3714 3.
1151 3669 1382 3714 Attonem.

2257 495 2369 539 1067

2256 1258 2370 1302 1072

2251 1458 2328 1496 Ian.
2349 1460 2373 1497 6

2250 2809 2327 2847 Ian.
2347 2810 2370 2847 7
