2730 4198
773 290 1120 333 Bomnoms
1158 295 1236 332 AD
1274 294 1504 333 AMICUM
1539 295 1648 332 Lm.
1676 293 1757 332 vn
2123 281 2230 334 657

285 410 510 465 ticulum
536 411 847 480 devenisset,
886 411 1026 481 cepit
1052 415 1258 465 estuare
1284 415 1336 465 et
1359 415 1560 465 mestus
1587 427 1716 464 esse.
1776 409 1976 463 Tamen
2001 411 2231 465 collectis
2287 416 2402 460 1073

284 505 406 560 fidei
445 512 498 561 et
536 508 649 577 spei
686 507 901 576 viribuS,
943 508 1069 576 quid
1096 507 1428 578 potissimum
1453 508 1665 576 faceret,
1704 523 1811 560 non
1838 505 1980 559 aliud
2003 506 2229 560 invenit:
2259 476 2351 525 Apr.
2373 477 2422 513 23

286 617 443 671 quam
482 606 541 655 ut
576 603 689 671 regi
727 620 876 656 suam
906 603 1199 656 notificaret
1227 602 1549 670 electionem,
1591 607 1763 672 etlper
1789 619 1926 670 eum,
1967 602 2013 654 si
2039 606 2232 672 posset,

286 697 387 751 sibi
424 698 614 768 papale
651 698 956 768 impositum
995 715 1124 752 onus
1164 698 1434 750 devitaret.
1493 697 1650 750 Nam.
1669 697 1845 750 missis
1873 697 1940 750 ad
1966 714 2086 750 eum
2112 713 2235 750 con-

285 793 432 847 tinuo
470 793 637 847 literis
678 799 730 848 et
766 799 990 848 mortem
1027 810 1198 863 papae
1235 791 1524 846 notificavit
1562 796 1615 845 et
1653 809 1804 845 suam
1842 792 1891 845 ei
1929 791 2236 845 electionem

287 889 647 958 denunciavit,
697 890 1194 958 interminatusque:
1253 887 1300 940 si
1349 887 1460 940 eius
1508 887 1752 940 electioni
1800 903 2071 940 assensum
2118 904 2236 958 pre-

285 985 509 1054 buisset,
567 1003 832 1055 nunquam
895 986 1005 1038 eius
1061 983 1357 1053 nequiciam
1407 983 1675 1052 pacienter
1719 987 2067 1053 portaturum.
2147 981 2239 1037 Set

285 1080 438 1149 longe
479 1081 630 1135 aliter
669 1082 858 1149 evenit,
901 1097 1059 1150 quam
1097 1078 1345 1149 speravit.

434 1176 572 1230 Nam
628 1193 723 1231 rex
772 1177 892 1230 ilico
940 1176 1087 1229 misit
1133 1173 1443 1243 Gregorium
1480 1173 1865 1228 Vercellensem
1914 1173 2234 1245 episcopum,

286 1272 454 1327 Italici
490 1273 640 1341 regni
677 1271 1073 1340 cancellarium,
1115 1271 1205 1339 qui
1245 1271 1355 1324 eius
1395 1270 1703 1324 electionem
1739 1269 1993 1339 firmaret,
2034 1274 2087 1324 et
2125 1271 2236 1325 eius

285 1369 562 1423 interesset
608 1367 1000 1422 consecrationi.
1080 1366 1229 1430 Quod
1277 1372 1329 1420 et
1364 1367 1562 1420 factum
1603 1371 1696 1420 est.
1774 1365 1911 1419 Nam
1948 1366 2006 1420 in
2041 1367 2236 1420 ieiunio
2267 1380 2356 1418 Mai.
2377 1382 2427 1419 22

286 1468 613 1535 pentecostes
653 1463 895 1518 sacerdos
935 1463 1223 1531 ordinatur,
1264 1467 1317 1516 et
1353 1463 1408 1516 in
1446 1461 1621 1516 natale
1650 1459 2034 1533 apostolorum¹
2069 1463 2135 1516 ad
2162 1462 2237 1516 al·
2264 1476 2346 1514 Iun.
2370 1478 2420 1515 30

286 1564 399 1615 tare
447 1559 731 1614 eorundem
780 1576 811 1612 a
855 1559 1208 1613 cardinalibus
1248 1558 1533 1612 secundum
1574 1559 1848 1627 antiquum
1885 1575 2087 1612 morem
2127 1560 2236 1630 epi-

287 1672 474 1727 scopus
514 1660 863 1710 consecratur.
923 1655 1084 1710 Cuius
1123 1655 1498 1709 consecrationi
1532 1654 1771 1708 interfuit
1795 1655 2107 1725 imperatrix
2132 1672 2238 1709 una

287 1768 405 1806 cum
445 1751 885 1806 excellentissima
907 1751 1145 1805 Beatrice
1185 1752 1331 1819 duce,
1370 1756 1495 1805 tunc
1519 1750 1704 1818 vidua;
1745 1768 1869 1804 nam
1896 1756 2017 1806 ante
2042 1768 2237 1823 paucos

287 1844 427 1903 dies²
465 1847 772 1916 magnificus
812 1847 919 1901 dux
958 1847 1258 1902 Gotefridus
1300 1847 1515 1901 obierat.

434 1943 760 1998 Venerabilis
802 1961 922 1997 vero
962 1944 1217 2014 pontifex,
1257 1961 1382 1996 mox
1420 1947 1479 1997 ut
1518 1959 1697 1997 curam
1737 1947 1947 1997 sanctae
1974 1942 2240 1997 Romanae

289 2040 537 2095 ecclesiae
576 2040 822 2110 suscepit,
862 2040 939 2093 nil
976 2039 1164 2093 melius
1203 2056 1317 2093 esse
1357 2039 1681 2107 deliberavit,
1723 2057 1882 2108 quam
1919 2040 1975 2093 in
2013 2040 2239 2110 primor-

289 2137 374 2190 dio
413 2153 590 2204 regem
630 2153 955 2189 ammonere:
995 2139 1054 2188 ut
1081 2136 1412 2206 episcopatus
1439 2153 1544 2189 non
1569 2135 1836 2204 venderet,
1876 2153 2091 2205 seseque
2118 2135 2240 2189 sub-

286 2232 482 2286 iectum
521 2249 635 2286 esse
674 2236 852 2286 sancte
890 2231 1123 2286 Romane
1163 2232 1411 2286 ecclesiae
1449 2236 1858 2300 recognosceret.
1939 2231 2076 2285 Nam
2115 2249 2239 2286 con-

286 2324 461 2383 tinuo³
510 2328 663 2381 huius
722 2332 900 2382 sancte
955 2328 1232 2396 legationis
1281 2328 1576 2382 ministram
1623 2329 1749 2383 fecit
1796 2345 1910 2382 esse
1957 2328 2239 2396 gloriosam
2272 2336 2388 2380 1074

287 2424 691 2495 imperatricem,
733 2424 965 2479 eiusdem
1003 2425 1141 2493 regis
1180 2428 1422 2493 matrem,
1462 2424 1743 2478 habentem
1784 2441 1960 2478 secum
1997 2425 2054 2478 in
2080 2425 2239 2478 comi·
2274 2396 2384 2434 Mart‘

288 2525 402 2574 tatu
438 2520 760 2574 venerabiles
801 2521 1072 2591 episcopos
1111 2519 1394 2574 Girardum
1421 2520 1718 2575 Ostiensem
1758 2524 1810 2574 et
1835 2519 2090 2574 Ubertum
2115 2520 2242 2575 Pre-

288 2615 554 2669 nestinum
593 2620 644 2669 et
671 2615 985 2670 Rainaldum
1017 2617 1326 2671 Cumanum.
1386 2616 1514 2686 Que,
1553 2617 1718 2688 Alpes
1756 2617 2035 2686 transiens,
2075 2616 2242 2670 filium

289 2711 345 2764 in
382 2711 621 2782 partibus
659 2711 932 2766 Baioariae
971 2713 1188 2767 invenit.
1249 2713 1385 2776 Quid
1422 2713 1608 2783 plura?
1665 2712 1880 2781 Legatis
1921 2713 2171 2767 Romanis
2212 2730 2243 2767 a
2271 2740 2302 2767 c.
2323 2728 2425 2768 Maio

289 2824 412 2876 rege
459 2806 739 2861 honorifice
787 2810 1070 2879 susceptis,
1121 2826 1237 2862 cum
1277 2826 1371 2879 per
1409 2809 1601 2862 multos
1643 2810 1754 2863 dies
1794 2826 2090 2863 sermonem
2129 2826 2242 2863 cor-

289 2903 535 2958 rectionis
576 2903 640 2957 ab
680 2903 754 2957 eis
794 2904 983 2958 cotidie
1024 2906 1243 2973 audiret,
1285 2905 1352 2958 ad
1389 2905 1632 2958 ultimum
1673 2904 1902 2974 quinque
1941 2922 2062 2960 suos
2089 2906 2242 2959 fami-

290 2999 473 3068 liareS,
523 3016 652 3068 quos
702 3004 822 3053 ante
868 3000 1052 3055 beatus
1104 3001 1648 3055 excommunicaverat
1693 3000 2022 3071 Alexander,
2071 3019 2103 3056 a
2148 3018 2242 3056 suo

290 3095 560 3167 prohibuit
596 3095 869 3165 colloqui0.

410 3198 450 3241 1.
483 3197 512 3241 i.
536 3209 575 3241 e.
609 3197 682 3241 die
714 3199 770 3241 29
796 3197 926 3241 Iunii.
976 3196 1243 3254 Gregorium
1273 3210 1382 3243 vero
1417 3198 1480 3255 „2
1500 3198 1604 3242 Kal.
1625 3197 1728 3242 Iulii
1752 3198 1825 3243 die
1845 3197 2105 3243 dominico“
2140 3211 2244 3243 con-

291 3274 516 3315 secratum
567 3283 690 3327 esse,
743 3269 877 3314 docet
927 3269 1149 3315 Chronica
1198 3270 1243 3315 S.
1275 3271 1533 3328 Benedicti,
1582 3271 1702 3315 Mon.
1735 3271 1886 3316 Germ.
1919 3271 1999 3317 SS.
2036 3272 2104 3316 111
2143 3273 2244 3316 203.

291 3345 333 3388 2.
372 3343 510 3388 immo
544 3356 699 3388 annos.
748 3341 1044 3388 Godefridum
1077 3344 1196 3388 enim
1225 3344 1488 3402 Barbatum,
1521 3345 1683 3389 ducem
1715 3345 2051 3403 Lotharingiae,
2083 3345 2155 3389 die
2187 3346 2246 3389 24

290 3415 402 3460 Dec.
426 3418 541 3461 1069
579 3416 769 3473 obiisse,
813 3416 979 3460 docent
1017 3416 1250 3462 Bertholdi
1290 3419 1474 3462 annales
1518 3419 1633 3463 1069
1675 3422 1721 3462 et
1749 3419 1965 3463 Bernoldi
2003 3418 2246 3463 chronicon

293 3490 429 3546 1069,
470 3490 589 3534 Mon.
615 3489 766 3535 Germ.
791 3488 870 3534 SS.
893 3490 935 3535 V
958 3490 1058 3547 274,
1079 3491 1182 3535 429.
1229 3490 1297 3536 Of.
1330 3491 1654 3536 Kalendarium
1695 3492 1922 3548 necrolog.
1944 3493 2147 3548 Mogunt.
2171 3505 2243 3548 ap.

290 3562 514 3607 Boehmer
541 3564 672 3608 Font.
706 3564 772 3607 ΠΙ
803 3564 902 3608 143.
1083 3565 1125 3609 3.
1168 3565 1350 3609 demum
1381 3578 1422 3609 a.
1447 3566 1563 3610 1074
1601 3569 1706 3622 post
1737 3565 1964 3624 synodum
1995 3579 2054 3609 m.
2081 3565 2245 3609 Martio

292 3634 578 3681 celebratam.
626 3638 681 3683 V.
709 3636 942 3681 Lamberti
973 3638 1120 3682 annal.
1155 3638 1271 3682 1074
1303 3641 1350 3682 et
1377 3639 1568 3683 Mariani
1598 3637 1744 3684 Scotti
1775 3637 1928 3683 chron.
1963 3639 2093 3696 1074,
2124 3639 2244 3683 Mon.

293 3707 443 3753 Germ.
466 3708 545 3753 SS.
567 3711 610 3755 V
630 3711 717 3754 215
738 3714 785 3754 et
805 3711 905 3755 561.

366 3787 496 3832 Jnni,
523 3791 760 3827 Bibliotheca
785 3793 830 3827 11.
1829 3793 1890 3837 42
