2730 4198
553 266 661 321 526
894 281 1169 320 GREGORII
1205 281 1284 316 vn
1321 279 1629 317 EPISTOLAE
1668 277 2011 316 OOLLEGTAE.
2042 278 2078 315 5.
2103 278 2139 315 6.

409 400 525 446 1074
555 397 747 452 saeculi
786 401 838 451 et
875 396 1232 464 obiurgatione
1269 394 1451 465 populi
1487 394 1814 464 resipiscant.
1931 393 2148 448 Studeat
2183 394 2344 462 igitur
2380 394 2487 448 fra-

412 461 522 499 mm'
551 494 770 547 ternitas
817 497 908 547 tua
954 493 1055 546 sic⁰
1103 508 1158 544 se
1205 491 1262 543 in
1308 490 1389 543 his
1438 490 1588 543 nobis
1640 491 2045 559 cooperatricem
2094 489 2364 558 exhibere,
2412 490 2488 543 sic

551 588 773 641 crimina
817 588 920 640 ista
966 587 1030 640 de
1078 586 1308 640 ecclesiis
1347 585 1450 639 tuis
1489 585 1739 639 radicitus
1779 585 2024 654 evellere,
2074 590 2327 655 quatenus
2365 584 2489 639 boni

549 683 775 753 pastoris
814 683 1059 737 meritum
1098 682 1238 752 apud
1274 682 1446 735 Deum
1482 681 1656 735 valeas
1697 680 1928 734 obtinere
1967 685 2019 735 et
2055 681 2290 734 Romana
2328 680 2489 734 eccle-

550 779 629 832 sia
677 778 741 832 de
789 782 840 833 te
887 779 1022 832 sicut
1059 778 1122 832 de
1161 777 1428 832 carissimo
1467 776 1629 830 fratre
1667 780 1720 830 et
1758 776 1988 830 studioso
2028 781 2361 847 cooperatore
2400 776 2488 830 de-

551 873 672 928 beat
708 874 949 942 gaudere.

556 1049 611 1106 6.
656 1049 882 1103 Abbates
922 1061 968 1103 et
997 1051 1265 1121 praelatos
1297 1047 1505 1104 Galliae
1529 1050 1784 1114 hortatur,
1825 1058 1883 1100 ut
1908 1048 2238 1100 ecclesiarum
2263 1047 2309 1100 b.
2331 1047 2489 1100 Petro

661 1148 1129 1216 stependiariarum
1155 1165 1332 1198 census
1353 1148 1610 1216 pensitent
1636 1145 1857 1215 Huyom'
1883 1146 2121 1214 episcopo
2149 1143 2356 1208 Diensi,
2397 1159 2489 1195 suo

660 1244 858 1294 vicario
872 1240 908 1292 ¹³.

354 1361 470 1405 1074
699 1348 979 1417 Gregorius
1020 1351 1295 1420 episcopus
1324 1367 1503 1404 servus
1531 1366 1798 1403 servorum
1825 1349 1924 1402 Dei
1951 1348 2190 1402 omnibus
2219 1346 2490 1401 abbatibus

302 1421 455 1459 aum.
474 1422 522 1458 ²3
552 1447 603 1497 et
639 1444 889 1514 praelatis
927 1449 1038 1498 tam
1075 1445 1449 1498 monachorum
1489 1462 1645 1514 quam
1683 1449 1735 1499 et
1773 1446 2139 1498 canonicorum
2173 1461 2267 1514 per
2293 1442 2490 1497 Gallias

551 1539 846 1593 constitutis
886 1540 1107 1593 salutem
1147 1544 1199 1593 et
1239 1541 1578 1610 apostolicam
1614 1540 2042 1594 benedictionem.

696 1633 1100 1688 Fraternitatem
1139 1639 1393 1703 vestram,
1443 1636 1769 1689 dilectissimi
1813 1636 2026 1704 fratres,
2075 1635 2238 1689 latere
2277 1634 2490 1688 minime

549 1729 832 1783 credimus:
875 1731 1126 1798 quasdam
1157 1731 1525 1785 aecclesiarum
1562 1735 1856 1784 vestrarum
1894 1731 2045 1784 beato
2070 1730 2225 1784 Petro
2266 1734 2319 1784 et
2342 1729 2491 1783 nobis

551 1842 750 1879 annuos
777 1842 961 1880 census
989 1827 1284 1897 persolvere
1312 1845 1376 1881 ex
1400 1826 1824 1898 praecedentium
1849 1830 2058 1895 patrum
2078 1824 2492 1879 institutionibus

549 1921 751 1975 debere.
833 1921 936 1976 Sed
983 1924 1107 1992 quia
1154 1924 1365 1993 quidam
1408 1927 1641 1976 vestrum
1690 1921 1886 1992 partim
1931 1922 2250 1990 negligentia
2297 1922 2492 1992 partim

549 2034 671 2071 vero
709 2018 881 2071 tenaci
917 2019 1251 2073 induratione
1290 2019 1418 2072 haec
1455 2019 1705 2072 hactenus
1744 2018 1917 2071 minus
1956 2018 2108 2087 plene
2147 2034 2305 2087 quam
2339 2034 2493 2088 opor-

547 2116 683 2167 teret
709 2118 941 2183 egerunt‚
969 2114 1081 2184 hos,
1108 2119 1168 2169 ut
1194 2115 1461 2169 emendari
1487 2119 1539 2168 et
1565 2114 1760 2182 de(bita
1786 2114 2008 2181 sol)vere
2028 2114 2287 2182 studeant,
2315 2129 2492 2167 omnes

550 2213 742 2278 autem,
781 2214 841 2263 ut
878 2210 1162 2280 apostolico
1202 2214 1506 2280 praecepto:
1551 2210 1649 2264 Cui
1684 2212 1904 2281 vectiyal
1939 2211 2174 2281 veetiqal,
2217 2213 2303 2263 cui
2326 2211 2491 2264 tribu-

549 2316 656 2359 tum
695 2302 972 2360 tributum¹
1011 2307 1412 2376 optemperetiS,
1463 2322 1866 2359 commonemus,
1945 2305 2312 2374 Unusquisque
2352 2305 2492 2358 enim

549 2418 656 2454 non
695 2401 832 2469 quod
871 2418 1024 2454 suum
1053 2405 1132 2455 est
1159 2401 1249 2455 sed
1278 2401 1416 2470 quod
1443 2401 1657 2454 alterius
1685 2397 1921 2470 querat23
1964 2401 2226 2470 quoniam,
2267 2401 2313 2454 si
2339 2400 2492 2469 digne

549 2496 899 2565 redarguitur,
941 2497 1031 2566 qui
1067 2504 1224 2566 prout
1263 2500 1468 2566 oportet
1505 2497 1723 2566 propria
1750 2514 1856 2550 non
1881 2496 2117 2565 largitur⁷
2159 2513 2261 2565 qua
2287 2500 2493 2550 senten-

549 2591 626 2644 tia
664 2592 851 2659 dignus
891 2596 985 2660 est,
1027 2592 1116 2661 qui
1152 2608 1249 2645 nec
1289 2591 1458 2645 aliena
1494 2609 1680 2662 rapere
1718 2609 1815 2646 nec
1841 2592 2016 2645 debita
2040 2592 2227 2645 metuit
2250 2590 2493 2660 retinere,

551 2687 754 2741 dicente
780 2687 1033 2741 Domino:
1078 2688 1223 2755 Quae
1260 2689 1414 2740 vultis
1453 2699 1512 2741 ut
1534 2689 1753 2757 faciant
1788 2690 1950 2754 vobiS,
1992 2689 2116 2741 haec
2134 2689 2307 2758 facite
2333 2700 2381 2742 et
2402 2707 2493 2742 vos

549 2785 658 2836 illis
671 2779 708 2850 3,
760 2787 835 2836 et:
880 2784 1034 2851 Quod
1071 2786 1167 2837 tibi
1201 2803 1307 2837 ozon
1345 2786 1451 2849 vis,
1502 2785 1600 2836 aliz·
1636 2804 1740 2837 non
1763 2785 1978 2854 feceris.
2128 2783 2279 2837 Nunc
2314 2784 2490 2851 igitur,

552 2879 675 2947 quia
722 2879 969 2932 dilectum
1007 2878 1174 2932 filium
1210 2883 1449 2932 nostrum
1487 2878 1762 2947 Hugonem
1799 2879 2049 2933 Diensem
2087 2880 2389 2950 episcopum
2427 2878 2492 2932 ob

552 2956 974 3029 aecclesiasticae
1001 2975 1243 3029 utilitatis
1284 2975 1490 3028 diversa
1527 2976 1742 3044 negocia
1779 2976 1835 3028 in
1861 2974 2074 3044 GalliaS‚
2115 2975 2252 3028 vices
2287 2978 2492 3028 nostras

551 3075 949 3140 exequuturum,
990 3071 1247 3124 mittimus
1288 3075 1340 3125 et
1378 3072 1499 3140 quia
1535 3071 1734 3125 nemini
1770 3072 1944 3141 potius
1983 3071 2191 3124 credere
2229 3070 2491 3138 debemuS‚

552 3182 706 3235 quem
743 3167 800 3220 in
839 3167 1078 3221 omnibus
1119 3184 1149 3221 a
1187 3167 1337 3220 nobis
1378 3167 1478 3220 sibi
1515 3167 1761 3221 iniunctis
1799 3166 2022 3220 fideliter
2048 3167 2212 3234 egisse
2239 3166 2493 3235 comperi-

550 3278 693 3331 muS‚
734 3279 866 3331 quae
902 3263 1052 3317 nobis
1092 3279 1156 3317 ex
1196 3263 1426 3316 ecclesiis
1465 3264 1651 3317 vestris
1692 3264 1986 3334 specialiter
2024 3262 2245 3329 debetiS,
2283 3277 2376 3315 vos
2414 3261 2492 3314 illi

553 3357 619 3411 ad
655 3375 752 3412 nos
789 3358 1101 3429 perferenda
1137 3359 1434 3429 persolvere
1474 3375 1534 3413 ac
1573 3360 1635 3412 de
1672 3360 1888 3413 retentis
1915 3358 2213 3412 satisfacere
2237 3357 2490 3411 iubemus,

669 3472 703 3498 a·
741 3461 795 3498 Sic
822 3476 890 3498 om.
909 3463 945 3499 1.
1100 3462 1137 3498 b.
1172 3464 1293 3499 Traxi
1323 3463 1420 3498 hanc
1453 3464 1650 3510 epistolam
1686 3477 1733 3498 ex
1758 3464 1963 3499 Pertziana
1990 3461 2148 3497 editione
2176 3460 2299 3497 chron.
2324 3461 2493 3511 Hugom's

552 3527 778 3571 Flaviniac„
807 3531 913 3565 Mon.
928 3530 1047 3565 Germ.
1060 3529 1128 3566 SS.
1147 3528 1244 3565 VIII
1269 3528 1356 3564 412.

671 3598 712 3641 1.
742 3598 872 3642 Rom.
896 3599 966 3655 13,
990 3599 1031 3643 7.
1180 3600 1221 3643 2.
1255 3600 1281 3643 1
1305 3598 1405 3643 Cor.
1429 3599 1498 3655 10,
1522 3597 1592 3642 24.
1741 3597 1783 3640 3.
1814 3595 1970 3641 Matth.
1996 3597 2035 3653 7,
2060 3597 2130 3640 12.
