2730 4198
457 305 566 358 582
1108 316 1364 355 Bom'rno
1403 317 1480 352 AD
1518 314 1746 352 AMICUM

459 436 629 500 „Non
668 446 741 488 est
778 435 989 488 dicere“
1027 436 1201 502 inquit
1240 442 1481 502 „quanta
1511 433 1808 501 praestiqia
1846 440 1971 499 ayat
1994 431 2315 497 Bonizellus,
2357 443 2404 485 et

457 534 513 583 in
538 531 852 583 Placentina
890 531 1016 582 urbe
1054 540 1208 598 atque
1244 530 1303 580 in
1343 529 1569 580 eiusdem
1596 526 1835 596 plebibus
1863 528 2102 578 insistens
2130 526 2402 580 diabolicis

454 626 959 697 praedicationibus,
1018 624 1363 694 reprobandis
1421 640 1625 692 quoque
1682 621 2012 674 ecclesiarum
2060 624 2403 676 consecratio-

456 723 609 775 nibus
626 723 671 773 “.
1076 792 1078 794 ‚

609 817 717 883 Qui
755 817 963 886 quidem
998 825 1167 867 motus
1203 814 1490 884 periculosi
1524 815 1582 865 in
1621 814 1880 865 acerrima
1919 814 2109 865 civium
2134 813 2403 867 Placenti-

456 932 644 966 norum
682 913 949 964 discordia
973 911 1268 964 Bonithoni
1302 921 1409 963 tam
1433 927 1566 962 novo
1594 909 1784 961 honori
1809 926 1967 978 quam
1994 911 2148 962 exitio
2160 909 2401 978 fuerunt.

312 1011 425 1054 1089
457 1009 826 1061 Ecclesiastica
875 1010 1010 1059 enim
1047 1007 1350 1059 Placentiae
1391 1023 1526 1074 pars
1577 1023 1690 1057 eum
1737 1022 1875 1056 anno
1915 1004 2061 1057 1089
2108 1007 2406 1076 episcopum

458 1105 644 1173 deleqit
660 1099 686 1155 ¹.
769 1103 1104 1157 Schismatici
1149 1112 1318 1154 autem
1363 1101 1509 1153 urbis
1557 1101 1782 1153 eiusdem
1823 1110 2022 1170 parant
2059 1102 2299 1171 episcopo
2347 1103 2407 1154 id

457 1202 655 1269 ipsum,
708 1200 848 1267 quod
886 1200 1151 1267 quondam
1190 1218 1223 1249 a
1259 1215 1378 1266 re9e
1417 1206 1597 1266 captus
1637 1197 1979 1261 devitaverat,
2033 1214 2248 1266 eumque
2285 1216 2403 1250 cru—

458 1296 715 1347 delissime
752 1333 781 1357 „
800 1293 995 1363 effossis
1037 1293 1215 1358 oculis,
1258 1295 1508 1345 truncatis
1550 1293 1784 1345 omnibus
1802 1311 1940 1362 pene
1963 1293 2221 1359 membris,
2261 1312 2403 1346 mar-

458 1393 594 1460 tyrio
636 1400 888 1441 coronant
903 1388 949 1440 “.

605 1485 752 1536 Haec
801 1486 864 1536 de
912 1485 1127 1537 interitu
1163 1483 1480 1536 Bonithonis
1520 1484 1693 1536 attulit
1729 1484 2029 1537 Bernoldus
2067 1486 2125 1537 in
2164 1485 2405 1538 chronico

458 1582 530 1633 ad
567 1599 764 1632 annum
802 1579 963 1632 1089.
1036 1578 1146 1632 Sed
1182 1597 1298 1631 cum
1337 1581 1636 1649 episcopum
1671 1580 2074 1633 intellexerimus
2110 1591 2230 1650 post
2269 1583 2404 1634 eius-

458 1679 572 1729 dem
611 1679 743 1728 anni
778 1677 915 1727 diem
952 1675 990 1727 8
1015 1674 1165 1727 Iunii
1200 1677 1306 1727 tria
1344 1677 1691 1745 composuisse
1731 1670 1921 1745 opera²
1960 1687 2008 1728 et
2042 1695 2181 1729 mors
2215 1680 2322 1730 eius
2347 1680 2407 1730 in

457 1773 685 1842 sepulcri
722 1773 950 1824 car-mine
988 1772 1060 1823 ad
1098 1772 1235 1835 diem
1273 1771 1346 1823 14
1371 1771 1505 1823 Iulii
1540 1771 1818 1840 referatur,
1862 1773 2077 1824 eundem
2113 1775 2222 1824 iam
2260 1772 2421 1827 1089

457 1870 560 1921 Iul.
591 1870 663 1922 14
703 1869 889 1921 obiisse
924 1867 1070 1919 nullo
1109 1868 1262 1920 modo
1281 1867 1559 1937 probabile
1585 1862 1702 1920 est³.
1762 1867 1875 1919 Nec
1901 1869 2190 1933 decernam,
2230 1879 2407 1921 utrum

458 1983 595 2016 anno
625 1964 771 2017 1090
810 1984 880 2016 an
911 1983 1049 2016 anno
1078 1963 1220 2016 1091
1242 1957 1508 2033 perierit4.
1575 1962 1781 2016 Titulus
1807 1981 2078 2033 supremus
2103 1982 2241 2030 vero,
2284 1962 2405 2017 Gre-

456 2079 641 2113 monae
678 2062 736 2112 in
775 2060 986 2113 ecclesia
1029 2059 1087 2113 S.
1115 2059 1397 2129 Laurentii
1431 2069 1683 2131 repertus,
1726 2062 1822 2129 qui
1843 2060 2192 2113 Bonithonem
2215 2061 2408 2114 ibidem

456 2157 713 2227 sepultum
752 2175 857 2208 esse
894 2166 1125 2221 testatur,
1167 2156 1250 2208 bic
1289 2167 1388 2208 est:

721 2250 910 2304 Nobile
949 2250 1246 2320 depositum
1283 2250 1398 2318 tibi,
1438 2250 1582 2304 clara
1619 2248 1902 2318 Placentia,
1942 2251 2105 2318 gessit

723 2346 960 2399 Antistes
998 2346 1224 2412 Bonizo;
1266 2345 1463 2398 Christi
1500 2362 1596 2415 pro
1635 2346 1846 2398 nomine
1883 2348 2101 2415 martyr.

726 2440 963 2512 Septima
1000 2441 1082 2495 bis
1120 2441 1240 2494 Iulii
1276 2440 1415 2494 hunc
1453 2440 1546 2493 lux
1584 2440 1793 2509 collegit
1828 2440 1886 2493 in
1921 2437 2101 2494 urna⁵.

581 2595 619 2637 1.
651 2593 867 2637 Bernoldi
888 2592 1130 2637 chronicon
1151 2593 1266 2636 1089
1288 2592 1424 2647 (Mon.
1448 2591 1599 2636 Germ.
1622 2590 1703 2636 SS.
1723 2592 1768 2637 V
1787 2592 1915 2647 449):
1951 2592 2157 2649 „Bonizo
2180 2593 2284 2649 piae
2314 2605 2405 2638 me-

460 2667 628 2711 moriae
660 2665 905 2710 Sutriensis
944 2666 1184 2722 episcopus
1216 2690 1271 2697 —-
1304 2679 1332 2709 a
1359 2665 1633 2709 Placentinis
1673 2664 1904 2710 catholicis
1939 2678 2021 2721 pro
2052 2666 2265 2723 episcopo
2295 2667 2406 2711 reci-

459 2740 602 2796 pitur3
636 2743 706 2783 set
736 2753 763 2783 a
784 2739 1051 2784 scismaticis
1077 2738 1281 2782 eiusdem
1304 2739 1405 2795 loci,
1438 2738 1616 2783 effossis
1637 2739 1792 2795 oculis,
1822 2739 2043 2783 truncatis
2064 2738 2271 2784 omnibus
2289 2752 2407 2797 pene

461 2813 658 2857 menbris
699 2813 923 2869 martirio,
957 2811 1248 2856 coronatur“.
1429 2813 1470 2856 2.
1510 2811 1673 2856 librum
1703 2812 1751 2855 in
1783 2812 2025 2867 Hugonem
2055 2812 2404 2871 schismaticum,

459 2886 658 2930 libellum
691 2886 748 2930 de
779 2886 1097 2942 sacramentis,
1129 2886 1388 2929 Decretum.
1570 2886 1611 2929 3.
1652 2889 1704 2929 ut
1742 2885 1832 2929 iam
1863 2885 2092 2930 Ballerinii
2119 2887 2331 2931 viderunt
2358 2888 2406 2931 in

459 2960 625 3003 Leonis
655 2960 714 3004 M.
741 2973 843 3016 opp.
868 2960 935 3004 III
963 2973 1008 3015 p.
1030 2969 1205 3004 cccvn.
1383 2959 1426 3003 4.
1461 2958 1737 3016 „Winricum
1765 2955 2075 3003 Placentinum
2107 2958 2402 3016 episcopum“

459 3033 549 3076 iam
571 3033 643 3077 die
666 3034 722 3077 10
741 3033 911 3090 Aprilis
933 3034 1050 3077 1092
1075 3031 1230 3088 fuisse,
1262 3031 1436 3076 invenit
1455 3031 1615 3088 Campi
1635 3032 1768 3086 (Hist.
1790 3032 1838 3076 di
1856 3032 1977 3076 Piae.
1998 3032 2021 3076 I
2042 3032 2144 3083 364)
2175 3032 2223 3076 in
2250 3032 2406 3078 tabula

460 3106 679 3150 ecclesiae
710 3106 756 3150 S.
778 3105 979 3151 Antonii.
1143 3105 1186 3150 5.
1218 3104 1452 3149 Fabricius
1483 3104 1540 3149 de
1570 3105 1800 3161 Marfiano,
1833 3105 2072 3162 episcopus
2101 3105 2403 3163 Placentinus,

462 3180 639 3223 circiter
679 3192 798 3224 anno
830 3180 945 3224 1476
984 3179 1031 3222 in
1061 3178 1284 3223 Chronica
1322 3179 1636 3235 episcoporum
1673 3179 2036 3223 Placentinorum
2075 3180 2164 3235 (ap.
2189 3178 2405 3224 Muratori

461 3253 564 3296 Rer.
585 3253 640 3296 It.
664 3251 743 3297 SS.
766 3253 879 3298 XVI
908 3253 1008 3296 630.
1032 3253 1136 3306 631)
1166 3264 1259 3296 non
1288 3252 1385 3296 sine
1408 3251 1747 3309 perturbatione
1776 3264 1926 3296 rerum
1948 3251 2003 3295 de
2021 3250 2274 3295 Bonithone
2302 3265 2403 3297 nar-

461 3326 580 3370 ravit
609 3325 745 3370 haec:
779 3326 991 3384 „Boniz0‚
1021 3325 1163 3369 Italus
1193 3325 1390 3382 natione,
1423 3326 1603 3382 eligitur
1630 3326 1678 3370 in
1706 3323 1971 3382 pontificatu
1995 3324 2254 3369 Placentino
2285 3338 2403 3371 anno

461 3398 644 3442 Domini
675 3399 804 3443 1114.
850 3399 937 3442 Hic
966 3399 1036 3443 vir
1066 3402 1250 3443 sanctus
1282 3401 1329 3442 et
1356 3397 1504 3443 bonus
1525 3397 1634 3456 fuit3
1663 3396 1955 3455 praedicabat
1973 3397 2093 3441 enim
2120 3401 2277 3442 contra
2297 3398 2402 3444 hae-

461 3472 640 3515 reticos.
708 3472 814 3515 Fuit
850 3475 1002 3515 autem
1042 3485 1070 3515 a
1104 3472 1271 3527 populo
1308 3471 1570 3516 Placentino
1619 3472 1897 3516 exoculatus.
1966 3469 2309 3515 Adversabatur
2345 3473 2401 3529 ei,

463 3544 584 3598 quod
615 3545 867 3600 accepisset
887 3545 1274 3589 consecrationem
1296 3558 1425 3589 suam
1446 3544 1503 3589 ab
1525 3544 1860 3600 archiepiscopo
1879 3543 2229 3588 Ravennatensi.
2276 3543 2404 3590 Sedit

464 3615 609 3658 solum
648 3616 879 3661 mensibus
917 3629 1011 3661 sex.
1061 3617 1239 3661 Deinde
1274 3618 1536 3674 vituperose
1574 3617 1832 3673 expellitur,
1873 3614 2140 3660 Cremonam
2179 3629 2229 3662 se
2256 3621 2402 3662 trans-

462 3685 625 3744 ferens,
658 3688 737 3732 ubi
767 3689 840 3733 die
864 3689 920 3733 14
938 3690 1040 3733 Iulii
1060 3689 1181 3735 diem
1202 3691 1365 3736 clausit
1383 3694 1635 3735 extremum
1657 3688 1956 3746 sepeliturque
1980 3689 2027 3733 in
2047 3689 2237 3735 ecclesia
2256 3691 2403 3736 sancti

2712 1250 2730 1482 -mem25ffla
2714 1186 2730 1238 ...ffl-
2719 1112 2730 1179 ⁴-ffl
2725 1090 2730 1096 .-
2724 1074 2730 1083 -,
2716 1043 2730 1066 *⁸-
