2730 4198
497 298 603 350 636
999 310 1346 349 BONITHoms
1384 311 1459 347 AD
1498 309 1724 348 AMICUM
1761 311 1868 347 Lm.
1896 311 1932 346 v

348 433 462 477 1053
496 426 625 480 dans
670 424 940 495 fiduciam,
995 426 1198 494 quando
1243 425 1336 494 hos
1373 425 1429 478 in
1466 440 1682 478 numero
1723 428 2019 478 sanctorum
2058 441 2428 482 connumerare

495 521 548 574 di
623 525 737 575 atus
776 524 870 575 est.

349 621 464 665 1054
550 538 619 589 gn
640 616 736 669 His
773 617 849 669 ita
885 615 1062 683 gestiS,
1101 615 1433 669 beatissimus
1465 630 1606 684 papa
1629 613 1848 667 Romam
1873 613 2044 667 rediit.
2104 613 2336 684 Cumque
2364 617 2430 670 ad

360 681 450 729 Apr.
495 711 765 765 ecclesiam
805 709 1157 780 apostolorum
1197 710 1446 781 principis
1482 709 1822 780 pervenisset,
1860 708 2109 776 languore
2140 714 2426 780 correptuS,

496 811 615 860 ante
654 805 1030 860 confessionem
1069 806 1300 859 eiusdem
1339 805 1562 875 apostoli
1599 805 1800 858 delatus
1841 807 1893 857 et
1925 820 2100 857 coram
2127 805 2267 858 omni
2292 805 2428 859 clero

495 905 546 955 et
590 901 822 954 Romano
878 900 1071 970 populo
1117 901 1328 955 tradens
1376 900 1487 954 Deo
1537 900 1749 953 amabili
1796 899 2149 953 Hildebrando
2198 900 2426 954 eiusdem

301 1008 391 1057 Apr.
416 1009 464 1046 19
494 996 740 1050 ecclesiae
778 1013 956 1050 curam
971 993 999 1064 ¹,
1040 996 1148 1050 celo
1189 997 1432 1066 spiritum
1468 996 1709 1049 reddidit.
1768 994 1926 1048 Cuius
1953 1011 2141 1065 corpus
2166 995 2223 1048 in
2248 995 2428 1050 eadem

494 1091 710 1145 ecclesia
759 1107 876 1144 cum
923 1091 1119 1145 honore
1164 1109 1353 1160 magno
1401 1092 1672 1144 humatum
1712 1094 1804 1144 est.
1863 1090 1949 1143 Ad
1988 1091 2132 1143 cuius
2170 1091 2428 1145 tumulum

492 1187 602 1254 egri
648 1186 862 1239 veniunt
910 1190 963 1239 et
1011 1190 1261 1241 sanantur
1311 1192 1364 1241 et
1410 1186 1604 1240 infirmi
1650 1186 1810 1240 variis
1857 1185 2192 1253 languoribus
2231 1187 2428 1242 detenti

489 1298 653 1350 usque
689 1281 870 1335 hodie*
908 1281 1213 1335 liberantur.

639 1375 730 1429 Set
776 1392 895 1429 cum
941 1376 1287 1445 persensisset
1331 1375 1642 1429 venerabilis
1679 1375 2090 1445 HildebrandUS,
2137 1375 2427 1431 Romanum

489 1472 685 1525 clerum
724 1474 776 1524 et
811 1470 1062 1540 populum
1101 1471 1157 1523 in
1196 1471 1307 1524 eius
1346 1472 1668 1525 consensisse
1707 1472 1971 1540 electione,
2010 1472 2101 1525 vix
2138 1472 2316 1526 multis
2352 1472 2428 1526 la-

487 1567 663 1620 crimis
704 1570 756 1619 et
793 1565 1222 1636 suplicationibus
1260 1566 1433 1636 potuit
1470 1567 1768 1636 impetrare,
1808 1571 1865 1621 ut
1903 1567 2012 1620 eius
2050 1566 2137 1620 inb
2178 1567 2429 1623 electione

485 1660 747 1733 pontificis
804 1664 1143 1730 sequerentur
1200 1661 1490 1714 consilium.
1557 1661 1782 1731 Moxque
1829 1679 1947 1716 cum
1992 1662 2250 1730 religiosis
2298 1664 2426 1718 viris

484 1757 648 1827 Alpes
687 1757 965 1825 transiens,
1004 1757 1372 1827 imperatorem
1417 1756 1569 1824 adiit3
1612 1757 1761 1826 eique
1795 1757 1850 1809 in
1876 1761 2024 1810 tanta
2051 1759 2286 1811 amicicia
2310 1749 2430 1812 iun-'

485 1857 598 1906 ctus
639 1855 732 1920 est,
772 1856 832 1905 ut
858 1852 1051 1906 crebris
1078 1851 1523 1920 collocutionibuS,
1565 1857 1817 1921 quantum
1841 1853 2040 1922 peccati
2067 1853 2123 1906 in
2149 1851 2427 1922 largitione

483 1947 745 2018 pontificis
783 1948 1008 2016 fecisset,
1050 1947 1359 2001 ostenderet.
1420 1947 1534 2016 Qui,
1576 1948 1685 2002 eius
1724 1933 1920 2002 salubri
1948 1948 2278 2017 acquiescens
2305 1964 2426 2003 con-

485 2043 630 2112 silio,
677 2043 1011 2113 tyrannidem
1058 2044 1382 2113 patriciatus,
1416 2043 1656 2113 deposuit
1694 2042 1934 2112 cleroque
1971 2043 2204 2097 Romano
2245 2049 2297 2098 et
2332 2061 2426 2116 po-

480 2139 605 2210 pulo
653 2138 937 2192 secundum
991 2139 1205 2208 antiqua
1252 2138 1529 2209 privilegia
1577 2139 1882 2193 electionem
1926 2140 2117 2192 summi
2155 2138 2425 2210 pontifica-

338 2237 451 2289 1055
479 2239 565 2289 tus
604 2235 874 2288 concessit.
932 2233 1159 2304 Moxque
1199 2235 1458 2303 quendam
1494 2234 1802 2289 Astensem⁰
1844 2235 2146 2305 episcopum
2160 2232 2194 2303 ²,
2233 2236 2425 2305 prefati

479 2331 810 2401 imperatoris
857 2346 1189 2398 economum,
1241 2334 1423 2382 contra
1459 2330 1782 2383 voluntatem
1822 2330 2052 2383 eiusdem
2090 2330 2422 2399 imperatoris

290 2446 381 2493 Apr.
405 2445 453 2481 13
480 2426 702 2481 Romam
749 2441 925 2478 seeum
974 2424 1169 2477 ducunt
1215 2425 1454 2478 invitum.
1515 2424 1730 2494 Cunque
1767 2425 1824 2477 in
1862 2424 2079 2478 ecclesia
2116 2425 2256 2478 beati
2279 2424 2423 2479 Petri

482 2521 765 2576 secundum
801 2536 1001 2573 morem
1038 2520 1309 2589 antiquum
1348 2519 1515 2573 clerus
1555 2519 1811 2588 elegisset,
1850 2520 2176 2590 populusque
2214 2520 2423 2574 laudas-

482 2620 577 2685 set,
617 2617 796 2670 statim
834 2615 1140 2683 cardinaleS,
1181 2619 1239 2669 ut
1274 2615 1436 2669 m0ris
1477 2619 1571 2684 est,
1613 2633 1732 2670 eum
1768 2616 2162 2684 intronizanteS,
2203 2615 2304 2669 alio
2331 2633 2423 2670 no-

481 2712 621 2765 mine
660 2714 976 2766 vocaverunt
1003 2706 1310 2764 Victorem³.

329 2815 444 2883 1052
628 2806 796 2860 Huius
846 2804 1109 2876 pontificis
1147 2803 1412 2877 tempore4
1449 2806 1671 2859 moritur
1708 2805 1917 2859 inclitus
1958 2806 2064 2859 dux
2102 2810 2154 2860 et
2190 2806 2420 2861 marchio

319 2875 405 2912 Μαι
429 2876 452 2913 ⁶
479 2902 803 2970 BonifaciUS,
864 2901 1109 2972 parvulos
1165 2902 1464 2971 relinquens
1510 2901 1743 2955 heredes
1814 2899 1905 2955 Set
1951 2918 2056 2954 non
2103 2901 2257 2969 longo
2303 2905 2423 2972 post

336 3005 450 3049 1054
478 3002 713 3068 tempore
763 2995 1060 3051 Gotefridus
1118 2998 1225 3051 dux
1238 2994 1273 3066 ⁵,
1333 2998 1415 3051 vir
1465 2996 1769 3066 magnificus
1820 3000 1873 3050 et
1918 2996 1975 3050 in
2020 2997 2217 3051 bellicis
2265 2997 2420 3051 rebus

594 3177 626 3203 a.
661 3165 775 3203 hodie
803 3164 964 3211 addidi,-
1001 3169 1054 3212 cf.
1081 3168 1183 3211 infra
1218 3166 1264 3203 de
1291 3168 1463 3217 Gregorii
1490 3166 1568 3205 VII
1600 3166 1711 3203 obitu.
1866 3165 1903 3202 b.
1940 3165 2021 3202 eius
2046 3164 2088 3202 in
2121 3166 2258 3213 scripsi
2278 3178 2348 3212 pro
2381 3164 2422 3202 in

478 3231 558 3268 eius
587 3231 672 3268 cod.
829 3242 860 3267 c.
897 3233 954 3268 sic
977 3238 1046 3278 pro
1073 3231 1329 3268 Aistetensem

596 3309 637 3352 1.
676 3307 742 3352 At
770 3308 1127 3353 Hildebrandum
1167 3312 1346 3353 constat
1384 3321 1437 3353 eo
1477 3313 1680 3366 tempore
1710 3310 1757 3352 in
1788 3308 1934 3353 Gallia
1972 3305 2126 3350 fuisse.
2174 3307 2229 3352 V.
2251 3307 2418 3352 Beren-

477 3381 592 3438 garii
620 3381 677 3425 de
708 3394 838 3426 sacra
858 3394 1000 3426 coena
1021 3383 1241 3426 adversus
1260 3381 1563 3427 Lanfrancum'
1583 3382 1759 3438 librum,
1791 3381 1861 3425 ed.
1886 3379 2072 3426 Vischer
2094 3393 2138 3436 p.
2155 3379 2235 3423 53:
2271 3393 2417 3437 „nun-

477 3454 644 3498 ciatum
673 3455 737 3498 illi
767 3455 1090 3509 (Hildebrando
1120 3456 1167 3500 in
1198 3455 1344 3500 Gallia
1373 3457 1581 3511 moranti)
1612 3459 1703 3511 est,
1743 3467 1907 3511 papam
1937 3454 2135 3496 Leonem
2173 3450 2308 3496 rebus
2340 3452 2416 3496 de-

478 3527 669 3571 cessisse
688 3526 939 3572 humanis“.
1039 3530 1081 3572 2.
1105 3527 1422 3573 Gebehardum
1442 3530 1465 3573 I
1486 3542 1555 3585 ep.
1578 3529 1892 3572 Eistetensem.
1991 3525 2033 3568 3.
2054 3524 2111 3568 H.
2211 3524 2254 3569 4.
2278 3526 2416 3570 immo

476 3599 566 3642 iam
597 3600 641 3644 d.
673 3602 700 3644 6
720 3601 826 3644 Maii
858 3601 985 3645 1052.
1018 3601 1074 3646 V.
1105 3601 1352 3646 Donizonis
1381 3602 1461 3647 vit.
1491 3601 1718 3646 Mathildis
1747 3613 1791 3644 v.
1825 3597 1961 3654 1124,
1997 3597 2115 3642 Mon.
2149 3596 2300 3643 Germ.
2333 3597 2413 3643 SS.

476 3672 565 3715 XII
586 3673 686 3716 373.
806 3674 847 3717 5.
891 3674 1224 3730 Lotharingiae.
