2644 4166
871 271 1142 309 Gnnconn
1178 271 1258 308 v11
1294 269 1557 308 REGISTRI
1594 269 1614 305 1
1642 268 1676 304 1.
2201 253 2234 306 9

304 378 441 443 ‘uelut
474 390 660 442 Bruno
700 391 762 442 de
787 390 915 442 bello
946 390 1225 454 Saxonico,
1266 388 1423 458 Huyo
1450 387 1881 451 Flaviniacensis,
1922 386 2110 438 Petrus
2136 387 2234 439 Pi-

303 505 461 539 sanus
488 486 791 551 cardinalis,
834 486 1106 539 Udalm‘cus
1133 485 1590 555 Babenberyensis,
1620 483 1823 536 Paulus
1848 483 2233 535 Bernm'densis.

302 581 432 635 Alia
473 583 727 652 quaedam
766 583 1000 635 debemus
1039 581 1402 635 recentioribus
1440 583 1569 633 viris
1609 582 1789 644 doctis,
1833 581 1926 649 qui
1960 598 2021 631 ea·
2046 579 2234 631 tabulis

303 678 665 748 codicibusque
701 698 862 731 manu
899 681 1123 749 scriptis,
1165 697 1270 730 non
1310 677 1488 729 locatis
1515 678 1570 727 in
1595 679 1830 746 reyistrO,
1875 676 2055 746 larqiti
2090 687 2209 728 sunt
2217 695 2235 738 ,-

304 793 526 845 quorum
563 777 619 827 in
656 793 866 828 numero
906 785 1050 828 sunt:
1094 773 1353 827 Severtius
1380 771 1452 838 (v.
1481 772 1520 824 I
1537 772 1625 837 76,
1667 772 1750 825 VI
1765 771 1882 838 33),
1924 773 2162 825 Martene
2192 783 2239 825 et

301 872 535 926 Durand
583 882 630 924 et
672 872 873 924 M'om'ce
912 870 984 936 (v.
1021 870 1115 923 IV
1131 871 1184 935 4,
1222 870 1258 922 5
1296 867 1440 935 cet.),
1499 868 1803 921 Hartzlieim
1851 867 1922 933 (v.
1963 868 2052 921 IV
2073 867 2233 935 12⁶2),

301 969 462 1022 Brial
499 967 570 1034 (v.
599 968 638 1020 I
643 968 692 1021 V
710 967 798 1033 13,
838 967 983 1021 VIII
1000 965 1116 1033 46),
1158 966 1413 1018 Baluzius
1441 963 1513 1030 (v.
1543 965 1625 1018 VI
1642 963 1758 1031 34),
1789 963 1998 1017 Fickler
2026 963 2097 1030 (v.
2131 965 2246 1018 VII

301 1063 419 1131 24),
464 1063 731 1129 Gue'rard,
773 1064 1013 1128 Marion,
1055 1063 1280 1127 Delisle,
1323 1064 1538 1115 editores
1579 1062 1889 1114 chartularii
1927 1061 1984 1115 S.
2018 1061 2236 1114 Victoris

301 1161 647 1214 Massiliensis
686 1159 758 1226 (v.
793 1160 939 1213 VIII
952 1158 1068 1225 29).

450 1256 678 1311 Ceterum
717 1274 831 1308 cum
869 1257 941 1308 ad
979 1257 1300 1309 coniectandi
1333 1274 1536 1325 quoque
1570 1266 1733 1308 artem
1756 1274 2018 1307 recurrere
2041 1273 2239 1308 necesse

301 1355 561 1419 haberem,
621 1354 859 1422 reliyiose
905 1353 1151 1406 ducebam
1197 1371 1395 1423 semper
1441 1354 1695 1405 rationem
1748 1353 2158 1405 emendationum
2205 1372 2238 1404 a

314 1451 564 1504 Willelmo
596 1449 919 1506 Giesebrecht
940 1453 996 1503 in
1038 1449 1206 1502 libello
1231 1451 1293 1502 de
1319 1450 1635 1501 emendando
1667 1451 1883 1519 reyistro
1917 1468 1971 1519 p.
1999 1448 2069 1502 31
2085 1448 2238 1502 -46

290 1550 702 1619 propositarum.
773 1547 916 1614 Quas
957 1549 1188 1617 quidem,
1232 1547 1664 1616 quemadmodum
1700 1564 1805 1598 non
1846 1564 2020 1598 omnes
2058 1556 2239 1598 temere

298 1646 585 1710 reiecerim,
635 1647 710 1697 sic
747 1663 909 1715 neque
946 1645 1097 1696 avide
1135 1653 1368 1712 acceptas
1408 1662 1441 1694 a
1478 1661 1557 1694 me
1599 1661 1768 1695 omnes
1807 1661 1934 1708 esse,
1988 1644 2082 1712 qui
2116 1642 2236 1694 illas

283 1741 436 1810 fecit,
476 1743 523 1794 is
560 1743 770 1794 minime
809 1740 1104 1811 offendetur.

445 1838 689 1891 Berolini
723 1837 795 1892 16
831 1838 952 1890 Kal.
981 1836 1296 1889 Novembres
1335 1855 1383 1887 a.
1412 1834 1572 1888 1864.

1039 2024 1103 2070 IN
1131 2023 1238 2068 DEI
1267 2022 1494 2069 NOMINE

296 2137 936 2221 INCIPIT
1047 2137 1524 2219 LIBER
1630 2138 2234 2220 PRIMUS

705 2277 992 2331 REGISTRI
1025 2276 1267 2330 SEPTIMJ
1299 2275 1592 2329 GREGORII
1622 2277 1824 2330 PAPAE

400 2400 541 2432 anno
573 2387 888 2431 dominicae
920 2385 1339 2430 incarnationis
1370 2385 1670 2430 millesimo
1701 2386 2127 2443 septuagesimo

822 2461 1019 2517 tertio,
1053 2459 1375 2504 indictione
1405 2459 1711 2504 undecima.

297 2582 322 2644 Ῑ
359 2587 411 2643 l.
466 2587 869 2642 Commentarius
908 2590 1163 2642 electionis
1207 2586 1454 2659 Greqom‘i
1486 2588 1600 2642 VII
1620 2596 1844 2660 papa&-

442 2697 709 2767 Regnante
747 2700 954 2752 domino
992 2702 1170 2752 nostro
1209 2699 1326 2752 Iesu
1364 2698 1588 2768 Christo,
1628 2716 1762 2753 anno
1802 2699 2234 2754 clementissimae
2281 2713 2395 2756 1073

297 2795 670 2848 incarnationis
719 2795 827 2849 eius
874 2795 1149 2849 millesimo
1200 2796 1580 2866 septuagesimo
1627 2796 1808 2865 tertio,
1859 2796 2143 2850 indictione
2183 2800 2234 2850 et
2263 2773 2352 2822 Apr‘
2374 2775 2423 2811 2²

294 2891 419 2945 luna
457 2892 747 2960 undecima,
792 2894 858 2946 10
895 2892 1155 2945 Kalendas
1194 2892 1337 2961 Maii,
1375 2893 1507 2946 feria
1545 2893 1784 2962 secunda,
1826 2893 1909 2947 die
1937 2893 2232 2964 sepulturae

297 2988 474 3041 domni
499 2988 788 3042 Alexandri
811 2989 976 3042 bonae
1002 2989 1283 3042 memoriae
1309 2989 1521 3042 secundi
1545 3007 1730 3060 papae,
1757 3007 1823 3043 ne
1850 2990 1997 3044 sedes
2026 2994 2232 3060 aposto-

294 3085 411 3138 lica
433 3085 523 3138 diu
559 3085 735 3153 lugeat
772 3085 984 3155 proprio
1025 3084 1272 3138 destituta
1307 3089 1541 3155 pastore,
1589 3086 1887 3155 congregati
1923 3087 1979 3140 in
2015 3086 2233 3140 basilica

294 3182 435 3235 beati
471 3181 615 3235 Petri
653 3182 719 3235 ad
743 3181 964 3235 Vincula
1000 3197 1095 3233 nos
1135 3185 1343 3235 sanctae
1375 3181 1639 3236 Romanae
1678 3182 1959 3236 catholicae
2008 3186 2061 3236 et
2107 3199 2231 3252 apo-

296 3277 507 3332 stolicae
556 3278 800 3332 ecclesiae
857 3277 1145 3330 cardinales
1202 3277 1375 3332 clerici
1424 3279 1599 3332 acoliti
1647 3279 1951 3333 subdiaconi
1996 3278 2228 3332 diaconib

294 3374 606 3454 presbyteri,
642 3373 1004 3445 praesentibus
1030 3374 1410 3428 venerabilibus
1439 3375 1695 3445 episcopis
1723 3379 1774 3428 et
1800 3375 2088 3444 abbatibus,
2129 3375 2229 3429 cle-

294 3470 415 3524 ricis
456 3474 508 3524 et
532 3470 800 3524 monachis
826 3470 1283 3539 consentientibuS‚
1322 3470 1560 3541 plurimis
1586 3471 1753 3525 turbis
1778 3471 2047 3541 utriusque
2074 3489 2228 3526 sexus

398 3629 430 3655 a.
451 3620 604 3669 Legitur
622 3621 732 3656 etiam
757 3617 794 3666 2)
810 3621 847 3656 in
866 3621 970 3657 Petri
984 3621 1123 3657 Pisani
1136 3621 1217 3656 vita
1236 3620 1346 3669 Greg.
1365 3620 1441 3658 VII
1460 3633 1520 3668 ap.
1538 3620 1746 3657 Watterich
1759 3622 1868 3657 Pont.
1886 3623 1992 3658 Rom.
2009 3622 2073 3657 vit.
2095 3623 2124 3658 I.
2141 3620 2227 3658 293.

293 3683 329 3720 b.
358 3683 505 3722 diaconi
532 3698 600 3721 om.
622 3686 656 3722 2.
