2730 4198
530 298 638 352 588
1179 313 1434 351 13011111Ηο
1473 314 1550 350 AD
1589 312 1817 351 AMICUM

523 433 754 501 propria
802 432 927 484 data
975 428 1111 498 fide)
1171 432 1417 499 promisit
1475 432 1532 482 in
1595 447 1756 482 manu
1819 430 1978 499 leqati
2036 431 2238 483 domini
2289 450 2471 502 papae

532 527 672 596 quod
687 527 716 551 “
756 537 844 579 oet.

680 621 883 676 Similis
920 623 1056 673 ratio
1070 621 1188 688 fuit
1211 623 1269 673 in
1299 620 1500 674 Ottonis
1529 620 1568 673 I
1584 623 1891 685 iuramentO,
1935 621 2076 689 quod
2099 619 2330 673 Iohanni
2351 620 2479 674 XII

522 736 701 788 papae
734 719 1042 787 praestitum
1080 727 1165 769 est.

679 807 884 866 Codioi¹
931 814 1065 864 enim
1117 813 1191 865 47
1238 812 1568 865 bibliothecae
1614 811 2014 880 Bamberqensis
2059 811 2466 877 membranaon,

529 910 930 962 Pseudoisiolori
984 910 1187 960 decreta
1240 909 1543 978 pontificum
1593 908 1953 960 Romanorum
2001 907 2465 976 comprehendenti,

531 1015 754 1074 quatuor
776 1005 925 1074 folia
965 1006 1139 1057 ceteris
1170 1004 1337 1074 paulo
1377 1006 1584 1055 minora
1621 1005 1798 1056 insuta
1835 1012 1979 1067 sunt,
2031 1004 2089 1054 in
2129 1003 2315 1072 quibus
2355 1021 2470 1056 owm

527 1119 714 1153 manus
752 1119 883 1152 saec.
912 1100 1007 1152 XI
1037 1102 1368 1153 donationem
1395 1098 1881 1152 Constantinianam
1918 1100 1994 1150 sic
2012 1101 2291 1168 posuisset,
2331 1109 2391 1152 ut
2412 1101 2471 1151 in

530 1207 751 1249 eatremo
784 1196 929 1264 folio
978 1206 1163 1265 quarto
1212 1197 1440 1266 spatium
1484 1214 1705 1247 vacuum
1741 1195 2147 1264 relinqueretur,
2195 1195 2322 1247 illuc
2359 1195 2470 1248 alia

530 1293 754 1344 eiusdem
800 1291 996 1343 saeculi
1040 1291 1152 1355 XI,
1212 1311 1244 1342 a
1291 1291 1507 1360 reliquis
1557 1292 1747 1343 codicis
1796 1293 1950 1343 totius
1997 1291 2237 1343 manibus
2283 1309 2469 1344 manus

520 1406 742 1457 prorsus
782 1381 1015 1438 diversa²
1052 1386 1232 1438 intulit
1266 1388 1341 1451 id,
1383 1388 1582 1456 dequo
1609 1389 1907 1452 memoravi,
1948 1389 2294 1440 iuramentum
2324 1386 2468 1440 Otto-

527 1484 760 1533 nianum.
822 1479 979 1533 Cuius
1020 1483 1227 1550 quidem
1264 1482 1469 1533 tabulae
1509 1500 1569 1534 ea
1606 1485 1722 1552 ipso
1764 1484 1952 1548 codiee,
1994 1485 2088 1552 qui
2113 1482 2471 1535 liberalissime

528 1577 626 1629 huo
662 1578 850 1629 missus
889 1587 978 1640 est,
1012 1588 1140 1646 post
1178 1578 1453 1630 editionem
1477 1573 1845 1630 Pertzianam³
1873 1580 2039 1631 denuo
2068 1599 2101 1631 a
2126 1597 2206 1631 me
2232 1590 2469 1649 eaoeptae

526 1673 682 1725 verba
720 1672 844 1724 liaeo
880 1682 1028 1724 sunt.-

582 1780 1049 1835 IUR-AMENTUM
1096 1780 1283 1845 QUOD
1332 1780 1606 1835 FACERE
1654 1781 1856 1835 FECIT
1907 1781 2076 1836 SUOS
2122 1773 2422 1838 FIDELES

676 1877 853 1931 OTTO
901 1876 1266 1931 AUGUSTUS
1313 1876 1702 1941 ANTEQUAM
1747 1877 1998 1932 ROMAM
2042 1878 2319 1934 ADIRET.

528 1973 646 2028 Tibi
693 1974 881 2027 domno
929 1973 1148 2027 Iohanni
1194 1990 1365 2043 papae
1415 1991 1508 2041 ego
1558 1990 1653 2028 rex
1692 1973 1813 2028 Otto
1860 1974 2167 2044 promittere
2206 1979 2258 2029 et
2293 1976 2469 2031 iurare

525 2070 659 2123 facio
706 2086 801 2140 per
849 2069 1062 2123 Patrem
1109 2073 1160 2123 et
1207 2068 1399 2122 Filium
1450 2073 1501 2124 et
1542 2069 1799 2140 Spiritum
1845 2073 2082 2123 sanctum
2132 2074 2184 2124 et
2230 2087 2324 2141 per
2370 2072 2469 2127 hoc
2542 2114 2544 2116 -

523 2165 727 2233 lignum
766 2164 998 2219 vivificae
1046 2166 1214 2219 erucis
1264 2170 1316 2219 et
1363 2183 1457 2235 per
1494 2165 1589 2219 has
1628 2166 1877 2235 reliquias
1917 2169 2241 2220 sanctorum:
2290 2171 2374 2236 ut,
2424 2168 2469 2222 si

524 2262 862 2332 permittente
899 2262 1012 2316 Deo
1050 2262 1271 2315 Romam
1317 2278 1534 2330 venere,
1584 2267 1819 2315 sanctam
1855 2261 2147 2315 Romanam
2194 2262 2468 2317 aeclesiam

527 2361 579 2411 et
615 2361 692 2425 te,
732 2361 987 2411 rectorem
1025 2358 1217 2428 ipsiuS,
1266 2356 1505 2411 exaltabo
1546 2357 1830 2410 secundum
1867 2374 2043 2410 meum
2079 2374 2248 2427 posse.
2397 2355 2470 2412 Et

525 2471 810 2523 numquam
847 2454 1013 2508 vitam
1053 2457 1142 2507 aut
1179 2452 1414 2506 membra
1450 2469 1618 2521 neque
1643 2453 1817 2523 ipsum
1842 2452 2108 2521 honorem,
2150 2470 2304 2522 quem
2328 2469 2468 2507 nunc

525 2550 686 2604 1131188
737 2554 788 2604 81
834 2566 929 2620 per
976 2566 1058 2602 me
1106 2549 1378 2602 habiturus
1428 2548 1554 2615 eriS‚
1602 2565 1720 2601 mea
1756 2548 2026 2602 voluntate
2065 2551 2155 2601 aut
2191 2565 2306 2602 meo
2347 2565 2468 2602 con-

527 2663 683 2699 sensu
722 2650 812 2699 aut
849 2661 964 2698 meo
1005 2644 1220 2698 consilio
1261 2648 1351 2697 aut
1389 2644 1712 2698 exortatione
1750 2644 1953 2713 perdes,
2103 2643 2176 2697 Et
2210 2645 2266 2697 in
2303 2645 2470 2699 Roma

524 2741 726 2794 nullum
775 2741 1027 2810 placitum
1065 2757 1233 2809 neque
1274 2740 1656 2793 ordinationem
1691 2740 1882 2793 faciam
1921 2739 1984 2793 de
2022 2740 2287 2808 011111111118,
2337 2757 2468 2810 quae

527 2837 594 2890 ad
630 2841 683 2890 te
719 2836 805 2891 vel
844 2837 910 2890 ad
946 2840 1063 2890 11108
1101 2835 1362 2889 Romanos
1400 2835 1689 2905 pertinent,
1739 2835 1851 2889 sine
1888 2839 1978 2888 tuo
2018 2835 2247 2889 consiliO.
2396 2834 2468 2890 Et

526 2933 773 3002 quicquid
821 2932 884 2986 de
930 2936 1072 2986 terra
1120 2931 1287 2984 sancti
1323 2930 1468 2984 Petri
1516 2931 1582 2983 ad
1628 2935 1861 2985 nostram
1899 2935 2212 3001 potestatem
2249 2931 2465 3000 venerit,

524 3028 621 3082 tibi
655 3028 887 3082 reddam.
1040 3026 1359 3096 Cuicumque
1398 3030 1573 3081 autem
1609 3044 1827 3095 regnum
1865 3027 2102 3081 Italicum
2140 3027 2464 3096 commisero,

524 3124 697 3178 iurare
736 3124 833 3177 tibi
869 3124 1059 3177 faciam
1098 3123 1272 3176 illum:
1314 3127 1373 3176 ut
1412 3123 1618 3176 adiutor
1654 3123 1733 3176 tui
1772 3123 1841 3177 sit
1867 3123 1933 3177 ad
1959 3122 2336 3177 defendendam
2361 3125 2465 3176 ter-

523 3237 638 3273 ram
677 3220 845 3274 sancti
881 3219 1027 3273 Petri
1064 3219 1348 3273 secundum
1387 3235 1538 3272 suum
1577 3236 1749 3288 posse.

644 3329 684 3372 1.
717 3327 944 3384 quondam
964 3328 1311 3385 Mediolanensi3
1342 3341 1447 3371 nam
1477 3327 1524 3371 in
1552 3327 1705 3371 limine
1736 3327 1832 3372 eius
1859 3326 2038 3383 scripsit
2067 3337 2226 3369 manus
2257 3337 2376 3369 saec.
2398 3326 2466 3370 XI

524 3405 704 3458 praeter
736 3402 993 3458 catalogum
1032 3400 1296 3458 pontificum
1325 3401 1652 3456 Romanorum,
1691 3401 1738 3444 in
1769 3399 1996 3456 Stephano
2026 3398 2093 3442 IX
2130 3399 2188 3453 (a.
2211 3398 2315 3453 942)
2348 3398 2464 3443 desi-

525 3478 720 3531 nentem,
753 3475 887 3518 etiam
920 3475 1081 3519 seriem
1104 3473 1542 3530 archiepiscoporum
1562 3472 1962 3518 Mediolanensium
1985 3483 2128 3527 usque
2149 3471 2208 3515 ad
2227 3470 2402 3516 Amulfi
2420 3473 2466 3516 Π

527 3547 698 3591 0111111111
730 3549 788 3603 (a.
816 3549 962 3603 1018).
1122 3549 1163 3592 2.
1195 3546 1410 3603 Alioquin
1439 3548 1574 3591 etiam
1605 3559 1689 3591 nec
1719 3546 1901 3590 decreta
1929 3544 2352 3589 Pseudoisidoriana
2380 3556 2465 3590 nec

526 3619 809 3665 Constantini
851 3621 1140 3666 donationem
1177 3621 1271 3664 ulla
1306 3620 1479 3664 ratione
1521 3620 1579 3664 ad
1614 3619 1853 3663 iuramenti
1883 3617 2111 3663 Ottoniani
2148 3618 2464 3663 auctoritatem

525 3693 714 3737 attinere
743 3697 882 3749 patet.
1060 3695 1102 3738 3.
1133 3694 1181 3737 in
1209 3694 1328 3737 Mon.
1347 3692 1498 3738 Germ.
1514 3693 1605 3737 LL.
1621 3693 1666 3736 H
1695 3693 1766 3737 29.
