2782 4198
817 282 1091 321 Gnnconn
1126 283 1207 321 vn
1242 282 1507 322 REGIs'rm
1542 281 1606 320 111
1633 281 1669 317 3.
1693 280 1732 317 4.
2138 266 2243 320 207

302 398 438 453 dinis
484 398 656 453 debito
697 399 996 454 suademus:
1046 404 1106 454 ut
1142 399 1504 468 religiosorum
1543 398 1758 453 consilio
1795 397 2025 451 virorum
2066 396 2247 450 eadem

302 494 520 549 ecclesia
542 495 618 548 ita
644 495 927 549 secundum
954 496 1124 551 Deum
1152 497 1435 564 ordinetur,
1477 495 1721 564 quatinus
1747 493 1886 548 beati
1911 492 2071 562 Petri,
2099 493 2245 546 cuius

302 594 355 644 et
389 591 590 644 nomini
629 595 681 644 et
717 592 1004 645 defensioni
1041 592 1331 646 attitulata⁸
1359 595 1454 658 est,
1493 590 1866 643 intercessione
1905 589 2112 642 divinae
2138 605 2246 642 me-

299 686 464 739 rearis
502 687 735 741 obtinere
774 687 1022 756 suffragia
1057 686 1409 758 protectionis
1559 685 1694 748 Quid
1732 701 1854 739 vero
1893 685 1991 738 hac
2027 685 2144 754 ipsa
2183 684 2246 738 de

301 797 458 836 causa
485 781 742 851 Sigifredo
781 785 1030 837 confratri
1054 786 1232 837 nostro
1259 780 1565 849 Maguntino
1598 780 1840 850 episcopo
1869 783 1921 834 et
1947 780 2113 833 eidem
2145 779 2246 833 Ba-

299 877 641 947 benbergensi
668 879 804 933 clero
832 884 884 933 et
907 879 1099 951 populo
1127 877 1442 947 scripserim,
1475 893 1540 929 ex
1564 875 1755 929 litteris
1783 875 1849 929 ad
1876 891 1963 929 eos
1990 875 2125 928 datis
2142 872 2155 896 ¹
2180 875 2246 928 ad

299 973 556 1043 liquidum
585 975 782 1044 poteris
811 991 1134 1043 cognoscere.
1191 971 1358 1026 Datah
1387 971 1584 1025 Romae
1618 974 1682 1025 13
1713 971 1975 1026 Kalendas
2002 971 2243 1040 Augusti.

301 1143 378 1205 ΠΙ
408 1148 468 1205 4.
522 1151 784 1221 Siyffredi
827 1151 1212 1221 archiepiscopi
1252 1150 1559 1219 Moyuntini
1606 1151 1956 1202 exeusationes
2001 1168 2107 1201 non
2157 1168 2244 1202 ac-

523 1249 664 1317 cipit.
723 1247 919 1311 Monet,
959 1265 1023 1299 ne
1054 1266 1087 1298 a
1103 1247 1427 1316 praestando
1460 1245 1631 1315 officio
1659 1256 1938 1308 avertatur.
1998 1246 2242 1311 Mandat,

521 1353 577 1394 ut
610 1344 674 1394 de
705 1342 978 1395 Wernhero
1008 1345 1248 1413 episeopo
1275 1341 1665 1411 Arqentinensi,
1706 1343 1959 1394 simoniae
1983 1353 2242 1406 aeeusaw,

519 1449 794 1506 coynoseat
829 1457 982 1508 seq-ue
1020 1441 1288 1492 certiorem
1309 1437 1506 1506 faeiat.
1567 1436 1856 1490 Concilium
1890 1458 1924 1490 α
1949 1456 2055 1490 sese
2079 1440 2243 1508 impe-

519 1545 693 1586 ratum
742 1535 950 1604 differri
991 1553 1096 1587 non
1145 1535 1269 1587 vult.
1327 1533 1498 1586 Addit
1534 1535 1597 1586 de
1637 1534 1898 1587 evellenda
1935 1536 2160 1587 simonia
2199 1545 2247 1587 et

518 1630 820 1683 clericorum
843 1631 1221 1700 fornicatione.

445 1738 726 1808 Gregorius
767 1740 1042 1810 episcopus
1083 1757 1261 1794 servus
1302 1756 1570 1793 servorum
1609 1738 1709 1792 Dei
1741 1738 1998 1806 Sigifredo
2026 1737 2245 1807 Magun-

297 1836 407 1890 tino
446 1836 834 1906 archiepiscopo
875 1836 1095 1890 salutem
1137 1841 1189 1890 et
1228 1835 1568 1906 apostolicam
1606 1835 2034 1889 benedictionem.

446 1931 705 1985 Plurimas
742 1933 800 1986 in
838 1933 942 1985 tuis
971 1933 1178 2001 litteris,
1217 1932 1396 2000 frater,
1438 1931 1760 1985 excusabiles
1789 1934 1856 2000 et,
1898 1934 2149 2000 quantum
2179 1931 2244 1984 ad

297 2028 582 2082 humanum
610 2031 811 2099 spectat
843 2029 1110 2098 iudicium,
1150 2028 1349 2082 validas
1376 2028 1643 2098 protulisti
1667 2027 1912 2080 rationes
1961 2027 2069 2081 Nec
2092 2027 2242 2082 nobis

299 2141 502 2194 quoque
539 2124 841 2178 viderentur
877 2123 1132 2193 infirmae,
1173 2125 1218 2178 si
1255 2124 1555 2178 huiusmodi
1591 2127 1809 2194 possent
1843 2123 1898 2176 in
1939 2123 2114 2176 divino
2148 2140 2243 2177 nos

299 2222 538 2275 examine
577 2238 841 2274 excusare.
902 2221 1038 2274 Rata
1076 2220 1329 2290 siquidem
1371 2220 1577 2274 videtur
1616 2219 1908 2273 excusatio:
1947 2220 2095 2287 regni
2133 2237 2244 2274 mo-

296 2321 381 2371 tus
430 2334 491 2371 ac
535 2317 888 2388 perturbatiO,
938 2317 1075 2371 bella
1123 2321 1175 2371 et
1221 2316 1526 2384 seditioneS‚
1575 2316 1872 2369 invasiones
1915 2315 2144 2369 hostium
2186 2331 2245 2369 ac

296 2412 521 2483 perditio
559 2430 735 2466 rerum
775 2417 1094 2482 vestrarum,
1143 2413 1359 2484 insuper
1398 2416 1451 2466 et
1487 2412 1710 2465 formido
1750 2412 1916 2480 neciS,
1957 2429 2111 2481 quam
2151 2429 2244 2466 no-

299 2508 421 2562 stris
461 2507 634 2561 dicitis
671 2509 920 2563 fratribus
957 2510 1232 2563 imminere
1271 2509 1525 2580 principis
1565 2509 1709 2576 odi03
1759 2508 1869 2563 vel:
1919 2525 1985 2562 ne
2022 2508 2102 2577 hi,
2157 2509 2244 2577 qui

299 2604 363 2658 de
401 2604 620 2657 diversis
658 2605 896 2675 partibus
931 2606 1157 2660 invicem
1182 2606 1537 2673 inimicantur,
1578 2606 1622 2658 si
1646 2606 1702 2658 in
1726 2622 1889 2658 unum
1915 2605 2244 2673 conveniant,

298 2716 463 2769 usque
502 2699 568 2752 ad
604 2700 957 2755 internitionis
995 2702 1133 2756 bella
1171 2705 1503 2770 consurgant.
1563 2701 1705 2765 Quae
1745 2718 1869 2755 sane
1910 2701 2086 2754 omnia
2116 2701 2244 2754 satis

297 2796 540 2849 videntur
580 2795 647 2848 ad
685 2796 974 2867 cuiuspiam
1014 2798 1402 2851 excusationem
1438 2798 1644 2851 idonea.
1701 2797 1899 2851 Verum
1937 2797 1982 2851 si
2008 2797 2243 2851 conside-

297 2909 498 2960 remUS‚
550 2895 802 2961 quantum
840 2892 904 2946 ab
942 2893 1183 2947 humanis
1221 2893 1417 2946 iudicia
1455 2894 1653 2947 distant
1691 2893 1891 2962 divina,
1941 2892 2073 2946 nihil
2109 2909 2242 2963 pene

297 2988 642 3059 repperimUS‚
684 2988 821 3058 quod
858 2989 914 3042 in
953 3005 1176 3058 superno
1218 2990 1456 3043 examine
1483 2989 1777 3044 excusabile
1802 2989 2146 3060 proferamUS‚
2185 2993 2245 3042 ut

299 3084 363 3138 ab
403 3085 697 3138 animarum
732 3084 891 3138 lucris
929 3085 1127 3138 retrahi
1165 3085 1277 3138 sine
1315 3085 1545 3154 periculo
1584 3085 1875 3139 valeamus:
1915 3101 2021 3138 non
2053 3085 2245 3138 damna

299 3180 553 3250 siquidem
592 3197 784 3249 rerum,
824 3197 927 3233 non
967 3180 1226 3234 malorum
1264 3180 1555 3234 simultates
1590 3185 1681 3234 aut
1704 3182 1784 3235 ira
1808 3185 2098 3251 potentum,
2139 3197 2242 3234 non

297 3275 463 3346 ipsius
502 3276 685 3330 salutis
715 3267 917 3346 quoque
942 3280 1150 3330 nostrae
1179 3276 1420 3346 vitaeque
1446 3276 1792 3346 dispendium.
1839 3277 1900 3329 In
1925 3276 2023 3330 hoc
2050 3277 2244 3347 quippe

299 3372 609 3426 mercenarii
656 3389 687 3425 a
733 3373 1031 3443 pastoribus
1081 3373 1302 3426 distant:
1356 3372 1494 3442 quod
1539 3372 1594 3425 hi
1638 3372 1762 3443 lupo
1800 3371 2068 3440 veniente,
2117 3373 2243 3426 dum

302 3465 400 3520 sibi
444 3485 551 3522 non
596 3468 777 3522 ovibus
823 3473 1088 3538 metuunt,
1147 3468 1320 3537 gregis
1369 3468 1715 3538 direptionem
1763 3467 2243 3538 dispersionemque

417 3602 449 3629 a.
480 3592 670 3631 intitulata
697 3595 732 3631 2.
860 3593 898 3631 b.
925 3593 1024 3631 Data
1055 3614 1094 3619 —
1125 3594 1286 3641 Augusti
1314 3608 1382 3631 om.
1407 3595 1441 3630 2.

419 3671 459 3713 1.
491 3683 591 3728 epp.
615 3675 639 3716 1
663 3676 709 3716 et
729 3674 757 3717 2
787 3685 925 3730 supra
953 3687 997 3730 p.
1020 3674 1107 3718 203
1129 3676 1175 3717 et
1196 3673 1295 3717 204.

2287 402 2401 447 1075

2274 463 2342 499 Iul.
2361 464 2410 500 20

2293 1748 2408 1792 1075

2275 1808 2379 1857 Sept.
2399 1810 2422 1845 3
