<?xml version="1.0" encoding="UTF-8"?>
<!DOCTYPE html PUBLIC "-//W3C//DTD XHTML 1.0 Transitional//EN"
    "http://www.w3.org/TR/xhtml1/DTD/xhtml1-transitional.dtd">
<html xmlns="http://www.w3.org/1999/xhtml" xml:lang="en" lang="en">
 <head>
  <title>
</title>
<meta http-equiv="Content-Type" content="text/html;charset=utf-8" />
  <meta name='ocr-system' content='tesseract 3.04.00' />
  <meta name='ocr-capabilities' content='ocr_page ocr_carea ocr_par ocr_line ocrx_word'/>
</head>
<body>
  <div class='ocr_page' id='page_1' title='image "bibliothecarerum02wattuoft_0384.png"; bbox 0 0 2730 4198; ppageno 0'>
   <div class='ocr_carea' id='block_1_1' title="bbox 596 272 2038 324">
    <p class='ocr_par' dir='ltr' id='par_1_1' title="bbox 596 272 2038 324">
     <span class='ocr_line' id='line_1_1' title="bbox 596 272 2038 324; baseline -0.005 0"><span class='ocrx_word' id='word_1_1' title='bbox 596 272 701 324; x_wconf 85' lang='lat'>368</span> <span class='ocrx_word' id='word_1_2' title='bbox 1083 283 1356 323; x_wconf 75' lang='lat' dir='ltr'>GREGoRn</span> <span class='ocrx_word' id='word_1_3' title='bbox 1391 283 1470 320; x_wconf 88' lang='lat' dir='ltr'>vn</span> <span class='ocrx_word' id='word_1_4' title='bbox 1506 281 1768 320; x_wconf 81' lang='lat' dir='ltr'>REGISTRI</span> <span class='ocrx_word' id='word_1_5' title='bbox 1805 283 1863 319; x_wconf 84' lang='lat' dir='ltr'>VI</span> <span class='ocrx_word' id='word_1_6' title='bbox 1888 281 1949 318; x_wconf 84' lang='lat'>31.</span> <span class='ocrx_word' id='word_1_7' title='bbox 1977 282 2038 318; x_wconf 83' lang='lat'>32.</span> 
     </span>
    </p>
   </div>
   <div class='ocr_carea' id='block_1_2' title="bbox 386 397 2530 1923">
    <p class='ocr_par' dir='ltr' id='par_1_2' title="bbox 418 397 2526 469">
     <span class='ocr_line' id='line_1_2' title="bbox 418 397 2526 469; baseline 0.001 -20"><span class='ocrx_word' id='word_1_8' title='bbox 418 406 531 451; x_wconf 85' lang='lat'>1079</span> <span class='ocrx_word' id='word_1_9' title='bbox 594 400 756 454; x_wconf 90' lang='lat' dir='ltr'>tutela</span> <span class='ocrx_word' id='word_1_10' title='bbox 794 401 1018 453; x_wconf 85' lang='lat' dir='ltr'><strong>maxime</strong></span> <span class='ocrx_word' id='word_1_11' title='bbox 1046 403 1259 469; x_wconf 87' lang='lat' dir='ltr'>sperant</span> <span class='ocrx_word' id='word_1_12' title='bbox 1284 398 1505 451; x_wconf 87' lang='lat' dir='ltr'>defendi.</span> <span class='ocrx_word' id='word_1_13' title='bbox 1565 397 1906 467; x_wconf 80' lang='lat' dir='ltr'>Quapropter,</span> <span class='ocrx_word' id='word_1_14' title='bbox 1947 397 2191 466; x_wconf 88' lang='lat' dir='ltr'>quoniam</span> <span class='ocrx_word' id='word_1_15' title='bbox 2219 398 2526 467; x_wconf 79' lang='lat' dir='ltr'>audivimuS,</span> 
     </span>
    </p>

    <p class='ocr_par' dir='ltr' id='par_1_3' title="bbox 386 467 2530 1894">
     <span class='ocr_line' id='line_1_3' title="bbox 386 467 2527 564; baseline -0 -16"><span class='ocrx_word' id='word_1_16' title='bbox 386 467 494 505; x_wconf 56' lang='lat' dir='ltr'>mm</span> <span class='ocrx_word' id='word_1_17' title='bbox 515 468 559 504; x_wconf 67' lang='lat'>31</span> <span class='ocrx_word' id='word_1_18' title='bbox 595 496 793 564; x_wconf 88' lang='lat' dir='ltr'>aliquos</span> <span class='ocrx_word' id='word_1_19' title='bbox 832 499 1062 547; x_wconf 91' lang='lat' dir='ltr'>vestrum</span> <span class='ocrx_word' id='word_1_20' title='bbox 1108 494 1245 548; x_wconf 88' lang='lat' dir='ltr'>bona</span> <span class='ocrx_word' id='word_1_21' title='bbox 1289 493 1566 546; x_wconf 88' lang='lat' dir='ltr'>memorati</span> <span class='ocrx_word' id='word_1_22' title='bbox 1604 493 1906 546; x_wconf 90' lang='lat' dir='ltr'>monasterii</span> <span class='ocrx_word' id='word_1_23' title='bbox 1945 497 2126 546; x_wconf 87' lang='lat' dir='ltr'>contra</span> <span class='ocrx_word' id='word_1_24' title='bbox 2161 494 2242 546; x_wconf 92' lang='lat' dir='ltr'>ius</span> <span class='ocrx_word' id='word_1_25' title='bbox 2283 498 2334 547; x_wconf 91' lang='lat' dir='ltr'>et</span> <span class='ocrx_word' id='word_1_26' title='bbox 2370 494 2527 548; x_wconf 88' lang='lat' dir='ltr'>hone-</span> 
     </span>
     <span class='ocr_line' id='line_1_4' title="bbox 593 588 2526 658; baseline -0.001 -15"><span class='ocrx_word' id='word_1_27' title='bbox 593 594 730 643; x_wconf 91' lang='lat' dir='ltr'>stum</span> <span class='ocrx_word' id='word_1_28' title='bbox 771 589 1022 656; x_wconf 84' lang='lat' dir='ltr'>sacrilega</span> <span class='ocrx_word' id='word_1_29' title='bbox 1059 606 1217 642; x_wconf 89' lang='lat' dir='ltr'>manu</span> <span class='ocrx_word' id='word_1_30' title='bbox 1250 590 1505 643; x_wconf 86' lang='lat' dir='ltr'>invasisse</span> <span class='ocrx_word' id='word_1_31' title='bbox 1532 588 1819 642; x_wconf 81' lang='lat' dir='ltr'>distrahere</span> <span class='ocrx_word' id='word_1_32' title='bbox 1847 592 2000 657; x_wconf 87' lang='lat' dir='ltr'>atque</span> <span class='ocrx_word' id='word_1_33' title='bbox 2027 588 2268 658; x_wconf 81' lang='lat' dir='ltr'>diripere,</span> <span class='ocrx_word' id='word_1_34' title='bbox 2307 593 2526 658; x_wconf 85' lang='lat' dir='ltr'>paterno</span> 
     </span>
     <span class='ocr_line' id='line_1_5' title="bbox 594 683 2527 754; baseline -0.001 -16"><span class='ocrx_word' id='word_1_35' title='bbox 594 684 778 738; x_wconf 89' lang='lat' dir='ltr'>affectu</span> <span class='ocrx_word' id='word_1_36' title='bbox 816 701 1085 737; x_wconf 90' lang='lat' dir='ltr'>monemus</span> <span class='ocrx_word' id='word_1_37' title='bbox 1125 689 1177 738; x_wconf 87' lang='lat' dir='ltr'>et</span> <span class='ocrx_word' id='word_1_38' title='bbox 1215 685 1500 754; x_wconf 87' lang='lat' dir='ltr'>apostolica</span> <span class='ocrx_word' id='word_1_39' title='bbox 1540 684 1847 738; x_wconf 88' lang='lat' dir='ltr'>auctoritate</span> <span class='ocrx_word' id='word_1_40' title='bbox 1887 683 2258 752; x_wconf 90' lang='lat' dir='ltr'>praecipimus:</span> <span class='ocrx_word' id='word_1_41' title='bbox 2299 689 2373 752; x_wconf 89' lang='lat' dir='ltr'>ut,</span> <span class='ocrx_word' id='word_1_42' title='bbox 2415 684 2527 753; x_wconf 90' lang='lat' dir='ltr'>qui-</span> 
     </span>
     <span class='ocr_line' id='line_1_6' title="bbox 592 779 2528 848; baseline 0 -16"><span class='ocrx_word' id='word_1_43' title='bbox 592 795 792 848; x_wconf 80' lang='lat' dir='ltr'>cunque</span> <span class='ocrx_word' id='word_1_44' title='bbox 829 797 912 833; x_wconf 90' lang='lat' dir='ltr'>res</span> <span class='ocrx_word' id='word_1_45' title='bbox 951 779 1090 832; x_wconf 92' lang='lat' dir='ltr'>illius</span> <span class='ocrx_word' id='word_1_46' title='bbox 1129 781 1431 833; x_wconf 88' lang='lat' dir='ltr'>monasterii</span> <span class='ocrx_word' id='word_1_47' title='bbox 1467 781 1520 834; x_wconf 92' lang='lat' dir='ltr'>vi</span> <span class='ocrx_word' id='word_1_48' title='bbox 1559 784 1735 833; x_wconf 89' lang='lat' dir='ltr'>tenere</span> <span class='ocrx_word' id='word_1_49' title='bbox 1773 779 1982 831; x_wconf 87' lang='lat' dir='ltr'>invasas</span> <span class='ocrx_word' id='word_1_50' title='bbox 2022 784 2329 847; x_wconf 90' lang='lat' dir='ltr'>noscuntur,</span> <span class='ocrx_word' id='word_1_51' title='bbox 2371 780 2528 847; x_wconf 88' lang='lat' dir='ltr'>digna</span> 
     </span>
     <span class='ocr_line' id='line_1_7' title="bbox 592 874 2528 944; baseline 0.001 -17"><span class='ocrx_word' id='word_1_52' title='bbox 592 891 709 928; x_wconf 90' lang='lat' dir='ltr'>cum</span> <span class='ocrx_word' id='word_1_53' title='bbox 748 875 1100 928; x_wconf 76' lang='lat' dir='ltr'>satisfactione</span> <span class='ocrx_word' id='word_1_54' title='bbox 1140 876 1415 928; x_wconf 90' lang='lat' dir='ltr'>emendare</span> <span class='ocrx_word' id='word_1_55' title='bbox 1452 875 1723 942; x_wconf 86' lang='lat' dir='ltr'>festinent,</span> <span class='ocrx_word' id='word_1_56' title='bbox 1778 890 1837 927; x_wconf 92' lang='lat' dir='ltr'>ac</span> <span class='ocrx_word' id='word_1_57' title='bbox 1873 890 2026 926; x_wconf 90' lang='lat' dir='ltr'>nemo</span> <span class='ocrx_word' id='word_1_58' title='bbox 2067 874 2309 944; x_wconf 80' lang='lat' dir='ltr'>deinceps</span> <span class='ocrx_word' id='word_1_59' title='bbox 2347 878 2528 928; x_wconf 88' lang='lat' dir='ltr'>contra</span> 
     </span>
     <span class='ocr_line' id='line_1_8' title="bbox 592 968 2527 1041; baseline 0.001 -19"><span class='ocrx_word' id='word_1_60' title='bbox 592 971 793 1024; x_wconf 89' lang='lat' dir='ltr'>animae</span> <span class='ocrx_word' id='word_1_61' title='bbox 815 987 937 1024; x_wconf 88' lang='lat' dir='ltr'>suae</span> <span class='ocrx_word' id='word_1_62' title='bbox 959 970 1179 1023; x_wconf 90' lang='lat' dir='ltr'>salutem</span> <span class='ocrx_word' id='word_1_63' title='bbox 1199 970 1336 1024; x_wconf 87' lang='lat' dir='ltr'>bona</span> <span class='ocrx_word' id='word_1_64' title='bbox 1354 971 1518 1041; x_wconf 88' lang='lat' dir='ltr'>ipsius</span> <span class='ocrx_word' id='word_1_65' title='bbox 1541 970 1787 1024; x_wconf 86' lang='lat' dir='ltr'>ecclesiae</span> <span class='ocrx_word' id='word_1_66' title='bbox 1807 968 2060 1022; x_wconf 89' lang='lat' dir='ltr'>violenter</span> <span class='ocrx_word' id='word_1_67' title='bbox 2082 973 2357 1023; x_wconf 87' lang='lat' dir='ltr'>attrectare</span> <span class='ocrx_word' id='word_1_68' title='bbox 2377 987 2527 1039; x_wconf 90' lang='lat' dir='ltr'>prae-</span> 
     </span>
     <span class='ocr_line' id='line_1_9' title="bbox 592 1065 2528 1134; baseline -0.001 -16"><span class='ocrx_word' id='word_1_69' title='bbox 592 1070 776 1119; x_wconf 88' lang='lat' dir='ltr'>sumat.</span> <span class='ocrx_word' id='word_1_70' title='bbox 828 1065 1128 1134; x_wconf 81' lang='lat' dir='ltr'>Quicunque</span> <span class='ocrx_word' id='word_1_71' title='bbox 1156 1083 1276 1133; x_wconf 89' lang='lat' dir='ltr'>ergo</span> <span class='ocrx_word' id='word_1_72' title='bbox 1304 1066 1384 1119; x_wconf 89' lang='lat' dir='ltr'>his</span> <span class='ocrx_word' id='word_1_73' title='bbox 1413 1066 1705 1119; x_wconf 90' lang='lat' dir='ltr'>salubribus</span> <span class='ocrx_word' id='word_1_74' title='bbox 1733 1065 1993 1118; x_wconf 85' lang='lat' dir='ltr'>mandatis</span> <span class='ocrx_word' id='word_1_75' title='bbox 2020 1065 2214 1118; x_wconf 87' lang='lat' dir='ltr'>nostris</span> <span class='ocrx_word' id='word_1_76' title='bbox 2242 1065 2528 1118; x_wconf 76' lang='lat' dir='ltr'>contraire⁸</span> 
     </span>
     <span class='ocr_line' id='line_1_10' title="bbox 591 1160 2529 1229; baseline -0.001 -16"><span class='ocrx_word' id='word_1_77' title='bbox 591 1164 643 1214; x_wconf 92' lang='lat' dir='ltr'>et</span> <span class='ocrx_word' id='word_1_78' title='bbox 681 1161 815 1214; x_wconf 90' lang='lat' dir='ltr'>bona</span> <span class='ocrx_word' id='word_1_79' title='bbox 854 1161 1115 1228; x_wconf 90' lang='lat' dir='ltr'>ecclesiae,</span> <span class='ocrx_word' id='word_1_80' title='bbox 1157 1162 1291 1215; x_wconf 92' lang='lat' dir='ltr'>sicut</span> <span class='ocrx_word' id='word_1_81' title='bbox 1331 1162 1526 1215; x_wconf 90' lang='lat' dir='ltr'>dictum</span> <span class='ocrx_word' id='word_1_82' title='bbox 1567 1165 1660 1229; x_wconf 87' lang='lat' dir='ltr'>est,</span> <span class='ocrx_word' id='word_1_83' title='bbox 1703 1161 1951 1227; x_wconf 84' lang='lat' dir='ltr'>sacrilego</span> <span class='ocrx_word' id='word_1_84' title='bbox 1994 1177 2123 1212; x_wconf 91' lang='lat' dir='ltr'>ausu</span> <span class='ocrx_word' id='word_1_85' title='bbox 2162 1164 2344 1213; x_wconf 91' lang='lat' dir='ltr'>contra</span> <span class='ocrx_word' id='word_1_86' title='bbox 2366 1160 2529 1213; x_wconf 87' lang='lat' dir='ltr'>inter-</span> 
     </span>
     <span class='ocr_line' id='line_1_11' title="bbox 590 1255 2528 1326; baseline 0 -18"><span class='ocrx_word' id='word_1_87' title='bbox 590 1255 786 1308; x_wconf 90' lang='lat' dir='ltr'>dictum</span> <span class='ocrx_word' id='word_1_88' title='bbox 823 1260 1060 1309; x_wconf 89' lang='lat' dir='ltr'>nostrum</span> <span class='ocrx_word' id='word_1_89' title='bbox 1090 1257 1319 1310; x_wconf 89' lang='lat' dir='ltr'>detinere</span> <span class='ocrx_word' id='word_1_90' title='bbox 1345 1257 1696 1326; x_wconf 83' lang='lat' dir='ltr'>temptaverit,</span> <span class='ocrx_word' id='word_1_91' title='bbox 1739 1256 2032 1309; x_wconf 88' lang='lat' dir='ltr'>admonitus</span> <span class='ocrx_word' id='word_1_92' title='bbox 2063 1255 2224 1319; x_wconf 75' lang='lat' dir='ltr'>semel</span> <span class='ocrx_word' id='word_1_93' title='bbox 2251 1259 2405 1323; x_wconf 90' lang='lat' dir='ltr'>atque</span> <span class='ocrx_word' id='word_1_94' title='bbox 2430 1255 2528 1308; x_wconf 90' lang='lat' dir='ltr'>ite-</span> 
     </span>
     <span class='ocr_line' id='line_1_12' title="bbox 589 1351 2526 1421; baseline 0.001 -19"><span class='ocrx_word' id='word_1_95' title='bbox 589 1367 706 1402; x_wconf 91' lang='lat' dir='ltr'>rum</span> <span class='ocrx_word' id='word_1_96' title='bbox 734 1357 785 1403; x_wconf 91' lang='lat' dir='ltr'>et</span> <span class='ocrx_word' id='word_1_97' title='bbox 810 1351 962 1404; x_wconf 88' lang='lat' dir='ltr'>tertio</span> <span class='ocrx_word' id='word_1_98' title='bbox 989 1367 1084 1420; x_wconf 91' lang='lat' dir='ltr'>per</span> <span class='ocrx_word' id='word_1_99' title='bbox 1110 1353 1471 1405; x_wconf 84' lang='lat' dir='ltr'>convenientes</span> <span class='ocrx_word' id='word_1_100' title='bbox 1498 1352 1744 1419; x_wconf 81' lang='lat' dir='ltr'>indutiaS,</span> <span class='ocrx_word' id='word_1_101' title='bbox 1773 1352 1817 1404; x_wconf 88' lang='lat' dir='ltr'>si</span> <span class='ocrx_word' id='word_1_102' title='bbox 1844 1352 2119 1404; x_wconf 88' lang='lat' dir='ltr'>emendare</span> <span class='ocrx_word' id='word_1_103' title='bbox 2139 1351 2526 1421; x_wconf 82' lang='lat' dir='ltr'>contempserit,</span> 
     </span>
     <span class='ocr_line' id='line_1_13' title="bbox 588 1445 2528 1516; baseline 0.002 -20"><span class='ocrx_word' id='word_1_104' title='bbox 588 1445 723 1496; x_wconf 87' lang='lat' dir='ltr'>iram</span> <span class='ocrx_word' id='word_1_105' title='bbox 763 1450 813 1498; x_wconf 92' lang='lat' dir='ltr'>et</span> <span class='ocrx_word' id='word_1_106' title='bbox 849 1445 1078 1498; x_wconf 86' lang='lat' dir='ltr'>furorem</span> <span class='ocrx_word' id='word_1_107' title='bbox 1117 1447 1488 1516; x_wconf 85' lang='lat' dir='ltr'>omnipotentis</span> <span class='ocrx_word' id='word_1_108' title='bbox 1528 1446 1627 1500; x_wconf 93' lang='lat' dir='ltr'>Dei</span> <span class='ocrx_word' id='word_1_109' title='bbox 1667 1451 1847 1500; x_wconf 90' lang='lat' dir='ltr'>contra</span> <span class='ocrx_word' id='word_1_110' title='bbox 1886 1464 1940 1500; x_wconf 91' lang='lat' dir='ltr'>se</span> <span class='ocrx_word' id='word_1_111' title='bbox 1981 1464 2074 1516; x_wconf 92' lang='lat' dir='ltr'>per</span> <span class='ocrx_word' id='word_1_112' title='bbox 2114 1446 2528 1500; x_wconf 84' lang='lat' dir='ltr'>excommunica-</span> 
     </span>
     <span class='ocr_line' id='line_1_14' title="bbox 588 1540 2530 1611; baseline 0.002 -20"><span class='ocrx_word' id='word_1_113' title='bbox 588 1540 783 1592; x_wconf 89' lang='lat' dir='ltr'>tionem</span> <span class='ocrx_word' id='word_1_114' title='bbox 842 1540 1181 1608; x_wconf 88' lang='lat' dir='ltr'>apostolicam</span> <span class='ocrx_word' id='word_1_115' title='bbox 1226 1543 1544 1611; x_wconf 90' lang='lat' dir='ltr'>provocabit.</span> <span class='ocrx_word' id='word_1_116' title='bbox 1625 1541 2028 1595; x_wconf 91' lang='lat' dir='ltr'>Oboedientibus</span> <span class='ocrx_word' id='word_1_117' title='bbox 2075 1559 2196 1595; x_wconf 89' lang='lat' dir='ltr'>vero</span> <span class='ocrx_word' id='word_1_118' title='bbox 2246 1542 2530 1611; x_wconf 87' lang='lat' dir='ltr'>apostolica</span> 
     </span>
     <span class='ocr_line' id='line_1_15' title="bbox 589 1634 2529 1707; baseline 0.002 -21"><span class='ocrx_word' id='word_1_119' title='bbox 589 1634 895 1687; x_wconf 88' lang='lat' dir='ltr'>auctoritate</span> <span class='ocrx_word' id='word_1_120' title='bbox 935 1639 986 1687; x_wconf 87' lang='lat' dir='ltr'>et</span> <span class='ocrx_word' id='word_1_121' title='bbox 1022 1635 1162 1688; x_wconf 88' lang='lat' dir='ltr'>beati</span> <span class='ocrx_word' id='word_1_122' title='bbox 1198 1635 1341 1689; x_wconf 92' lang='lat' dir='ltr'>Petri</span> <span class='ocrx_word' id='word_1_123' title='bbox 1379 1637 1527 1690; x_wconf 91' lang='lat' dir='ltr'>nobis</span> <span class='ocrx_word' id='word_1_124' title='bbox 1566 1637 1689 1689; x_wconf 89' lang='lat' dir='ltr'>licet</span> <span class='ocrx_word' id='word_1_125' title='bbox 1725 1637 1952 1704; x_wconf 84' lang='lat' dir='ltr'>indignis</span> <span class='ocrx_word' id='word_1_126' title='bbox 1993 1654 2235 1690; x_wconf 89' lang='lat' dir='ltr'>concessa</span> <span class='ocrx_word' id='word_1_127' title='bbox 2272 1641 2529 1707; x_wconf 88' lang='lat' dir='ltr'>potestate</span> 
     </span>
     <span class='ocr_line' id='line_1_16' title="bbox 587 1731 2528 1799; baseline 0.002 -18"><span class='ocrx_word' id='word_1_128' title='bbox 587 1733 918 1798; x_wconf 84' lang='lat' dir='ltr'>peccatorum</span> <span class='ocrx_word' id='word_1_129' title='bbox 956 1746 1166 1783; x_wconf 89' lang='lat' dir='ltr'>suorum</span> <span class='ocrx_word' id='word_1_130' title='bbox 1204 1731 1412 1784; x_wconf 88' lang='lat' dir='ltr'>veniam</span> <span class='ocrx_word' id='word_1_131' title='bbox 1450 1731 1795 1799; x_wconf 77' lang='lat' dir='ltr'>indulgemus,</span> <span class='ocrx_word' id='word_1_132' title='bbox 1856 1732 1995 1785; x_wconf 90' lang='lat' dir='ltr'>Data</span> <span class='ocrx_word' id='word_1_133' title='bbox 2019 1733 2181 1786; x_wconf 87' lang='lat' dir='ltr'>Rome</span> <span class='ocrx_word' id='word_1_134' title='bbox 2209 1735 2241 1786; x_wconf 82' lang='lat'><strong>2</strong></span> <span class='ocrx_word' id='word_1_135' title='bbox 2267 1732 2528 1791; x_wconf 83' lang='lat' dir='ltr'>Kalendas</span> 
     </span>
     <span class='ocr_line' id='line_1_17' title="bbox 587 1824 1216 1894; baseline 0.005 -18"><span class='ocrx_word' id='word_1_136' title='bbox 587 1824 803 1894; x_wconf 82' lang='lat' dir='ltr'>Aprilis,</span> <span class='ocrx_word' id='word_1_137' title='bbox 843 1825 1127 1879; x_wconf 89' lang='lat' dir='ltr'>indictione</span> <span class='ocrx_word' id='word_1_138' title='bbox 1167 1828 1216 1879; x_wconf 80' lang='lat'>2.</span> 
     </span>
    </p>

    <p class='ocr_par' dir='ltr' id='par_1_4' title="bbox 669 1905 687 1923">
     <span class='ocr_line' id='line_1_18' title="bbox 669 1905 687 1923; baseline 0 -1"><span class='ocrx_word' id='word_1_139' title='bbox 669 1905 687 1923; x_wconf 84' lang='lat'>.</span> 
     </span>
    </p>
   </div>
   <div class='ocr_carea' id='block_1_3' title="bbox 587 1994 2592 2263">
    <p class='ocr_par' dir='ltr' id='par_1_5' title="bbox 587 1994 2592 2263">
     <span class='ocr_line' id='line_1_19' title="bbox 587 1994 2531 2072; baseline -0.001 -15"><span class='ocrx_word' id='word_1_140' title='bbox 587 1994 667 2057; x_wconf 84' lang='lat' dir='ltr'>VI</span> <span class='ocrx_word' id='word_1_141' title='bbox 694 1998 792 2056; x_wconf 78' lang='lat'>32.</span> <span class='ocrx_word' id='word_1_142' title='bbox 826 2001 1102 2055; x_wconf 71' lang='lat' dir='ltr'>Isemberto</span> <span class='ocrx_word' id='word_1_143' title='bbox 1131 2005 1371 2072; x_wconf 76' lang='lat' dir='ltr'>episeopo</span> <span class='ocrx_word' id='word_1_144' title='bbox 1398 2004 1736 2068; x_wconf 74' lang='lat' dir='ltr'>Pictaviensi,</span> <span class='ocrx_word' id='word_1_145' title='bbox 1765 2005 1998 2068; x_wconf 76' lang='lat' dir='ltr'>mandat,</span> <span class='ocrx_word' id='word_1_146' title='bbox 2028 2014 2101 2068; x_wconf 73' lang='lat' dir='ltr'>ut,</span> <span class='ocrx_word' id='word_1_147' title='bbox 2132 2004 2363 2056; x_wconf 67' lang='lat' dir='ltr'>adhibito</span> <span class='ocrx_word' id='word_1_148' title='bbox 2395 2000 2531 2066; x_wconf 45' lang='lat' dir='ltr'>Gai&lt;</span> 
     </span>
     <span class='ocr_line' id='line_1_20' title="bbox 829 2098 2592 2169; baseline 0.001 -19"><span class='ocrx_word' id='word_1_149' title='bbox 829 2098 998 2150; x_wconf 72' lang='lat' dir='ltr'>lielmo</span> <span class='ocrx_word' id='word_1_150' title='bbox 1031 2098 1114 2150; x_wconf 89' lang='lat' dir='ltr'>VI</span> <span class='ocrx_word' id='word_1_151' title='bbox 1144 2100 1271 2150; x_wconf 81' lang='lat' dir='ltr'>duee</span> <span class='ocrx_word' id='word_1_152' title='bbox 1305 2098 1644 2168; x_wconf 74' lang='lat' dir='ltr'>Aquitaniae,</span> <span class='ocrx_word' id='word_1_153' title='bbox 1688 2109 1837 2168; x_wconf 70' lang='lat' dir='ltr'>coyat</span> <span class='ocrx_word' id='word_1_154' title='bbox 1861 2100 2137 2169; x_wconf 69' lang='lat' dir='ltr'>Huqonem</span> <span class='ocrx_word' id='word_1_155' title='bbox 2162 2100 2528 2152; x_wconf 69' lang='lat' dir='ltr'>Lerzim&#39;aeen-</span> <span class='ocrx_word' id='word_1_156' title='bbox 2590 2128 2592 2131; x_wconf 89' lang='lat'><em>·</em></span> 
     </span>
     <span class='ocr_line' id='line_1_21' title="bbox 826 2194 1940 2263; baseline 0 -18"><span class='ocrx_word' id='word_1_157' title='bbox 826 2212 932 2246; x_wconf 74' lang='lat' dir='ltr'>sem</span> <span class='ocrx_word' id='word_1_158' title='bbox 970 2194 1147 2246; x_wconf 71' lang='lat' dir='ltr'>ablata</span> <span class='ocrx_word' id='word_1_159' title='bbox 1183 2195 1405 2263; x_wconf 68' lang='lat' dir='ltr'>Huyom&#39;</span> <span class='ocrx_word' id='word_1_160' title='bbox 1440 2195 1622 2247; x_wconf 72' lang='lat' dir='ltr'>clerieo</span> <span class='ocrx_word' id='word_1_161' title='bbox 1662 2197 1940 2247; x_wconf 71' lang='lat' dir='ltr'>restituere.</span> 
     </span>
    </p>
   </div>
   <div class='ocr_carea' id='block_1_4' title="bbox 400 2300 2529 3519">
    <p class='ocr_par' dir='ltr' id='par_1_6' title="bbox 400 2300 2527 2468">
     <span class='ocr_line' id='line_1_22' title="bbox 428 2300 2527 2372; baseline -0.001 -14"><span class='ocrx_word' id='word_1_162' title='bbox 428 2316 542 2359; x_wconf 85' lang='lat'>1079</span> <span class='ocrx_word' id='word_1_163' title='bbox 737 2301 1015 2370; x_wconf 86' lang='lat' dir='ltr'>Gregorius</span> <span class='ocrx_word' id='word_1_164' title='bbox 1056 2304 1329 2372; x_wconf 91' lang='lat' dir='ltr'>episcopus</span> <span class='ocrx_word' id='word_1_165' title='bbox 1370 2321 1549 2357; x_wconf 86' lang='lat' dir='ltr'>servus</span> <span class='ocrx_word' id='word_1_166' title='bbox 1590 2321 1858 2356; x_wconf 87' lang='lat' dir='ltr'>servorum</span> <span class='ocrx_word' id='word_1_167' title='bbox 1897 2303 1996 2356; x_wconf 92' lang='lat' dir='ltr'>Dei</span> <span class='ocrx_word' id='word_1_168' title='bbox 2022 2300 2334 2356; x_wconf 89' lang='lat' dir='ltr'>Isemberto¹</span> <span class='ocrx_word' id='word_1_169' title='bbox 2359 2302 2527 2356; x_wconf 88' lang='lat' dir='ltr'>Picta-</span> 
     </span>
     <span class='ocr_line' id='line_1_23' title="bbox 400 2375 2211 2468; baseline 0 -17"><span class='ocrx_word' id='word_1_170' title='bbox 400 2375 557 2423; x_wconf 58' lang='lat' dir='ltr'><strong>Apr&#39;m</strong></span> <span class='ocrx_word' id='word_1_171' title='bbox 587 2398 735 2451; x_wconf 90' lang='lat' dir='ltr'>vensi</span> <span class='ocrx_word' id='word_1_172' title='bbox 773 2399 1014 2468; x_wconf 89' lang='lat' dir='ltr'>episcopo</span> <span class='ocrx_word' id='word_1_173' title='bbox 1054 2398 1275 2451; x_wconf 90' lang='lat' dir='ltr'>salutem</span> <span class='ocrx_word' id='word_1_174' title='bbox 1316 2402 1367 2451; x_wconf 87' lang='lat' dir='ltr'>et</span> <span class='ocrx_word' id='word_1_175' title='bbox 1406 2399 1744 2468; x_wconf 88' lang='lat' dir='ltr'>apostolicam</span> <span class='ocrx_word' id='word_1_176' title='bbox 1783 2398 2211 2451; x_wconf 90' lang='lat' dir='ltr'>benedictionem.</span> 
     </span>
    </p>

    <p class='ocr_par' dir='ltr' id='par_1_7' title="bbox 585 2492 2529 3519">
     <span class='ocr_line' id='line_1_24' title="bbox 733 2492 2527 2563; baseline 0.001 -18"><span class='ocrx_word' id='word_1_177' title='bbox 733 2492 978 2547; x_wconf 86' lang='lat' dir='ltr'>Pervenit</span> <span class='ocrx_word' id='word_1_178' title='bbox 1016 2493 1081 2546; x_wconf 89' lang='lat' dir='ltr'>ad</span> <span class='ocrx_word' id='word_1_179' title='bbox 1121 2510 1271 2547; x_wconf 88' lang='lat' dir='ltr'>aures</span> <span class='ocrx_word' id='word_1_180' title='bbox 1310 2498 1532 2562; x_wconf 81' lang='lat' dir='ltr'>nostraS,</span> <span class='ocrx_word' id='word_1_181' title='bbox 1574 2494 1710 2563; x_wconf 90' lang='lat' dir='ltr'>quod</span> <span class='ocrx_word' id='word_1_182' title='bbox 1748 2494 1884 2547; x_wconf 87' lang='lat' dir='ltr'>bona</span> <span class='ocrx_word' id='word_1_183' title='bbox 1917 2494 2172 2561; x_wconf 85' lang='lat' dir='ltr'>Rorgonis</span> <span class='ocrx_word' id='word_1_184' title='bbox 2214 2493 2276 2546; x_wconf 90' lang='lat' dir='ltr'>de</span> <span class='ocrx_word' id='word_1_185' title='bbox 2304 2492 2527 2562; x_wconf 80' lang='lat' dir='ltr'>CoequO,</span> 
     </span>
     <span class='ocr_line' id='line_1_25' title="bbox 588 2588 2529 2659; baseline -0.001 -18"><span class='ocrx_word' id='word_1_186' title='bbox 588 2604 718 2657; x_wconf 88' lang='lat' dir='ltr'>quae</span> <span class='ocrx_word' id='word_1_187' title='bbox 756 2593 961 2641; x_wconf 94' lang='lat' dir='ltr'>mortuo</span> <span class='ocrx_word' id='word_1_188' title='bbox 1000 2589 1115 2658; x_wconf 88' lang='lat' dir='ltr'>ipso</span> <span class='ocrx_word' id='word_1_189' title='bbox 1154 2590 1208 2642; x_wconf 92' lang='lat' dir='ltr'>in</span> <span class='ocrx_word' id='word_1_190' title='bbox 1247 2593 1561 2659; x_wconf 89' lang='lat' dir='ltr'>potestatem</span> <span class='ocrx_word' id='word_1_191' title='bbox 1599 2590 1849 2657; x_wconf 89' lang='lat' dir='ltr'>germani,</span> <span class='ocrx_word' id='word_1_192' title='bbox 1891 2589 2086 2642; x_wconf 89' lang='lat' dir='ltr'>scilicet</span> <span class='ocrx_word' id='word_1_193' title='bbox 2111 2588 2326 2656; x_wconf 78' lang='lat' dir='ltr'>UgoniS,</span> <span class='ocrx_word' id='word_1_194' title='bbox 2363 2589 2529 2642; x_wconf 88' lang='lat' dir='ltr'>nostri</span> 
     </span>
     <span class='ocr_line' id='line_1_26' title="bbox 585 2680 2529 2753; baseline 0 -17"><span class='ocrx_word' id='word_1_195' title='bbox 585 2683 752 2737; x_wconf 87' lang='lat' dir='ltr'>fidelis</span> <span class='ocrx_word' id='word_1_196' title='bbox 793 2688 844 2737; x_wconf 92' lang='lat' dir='ltr'>et</span> <span class='ocrx_word' id='word_1_197' title='bbox 880 2683 1001 2752; x_wconf 90' lang='lat' dir='ltr'>filii,</span> <span class='ocrx_word' id='word_1_198' title='bbox 1050 2684 1163 2738; x_wconf 89' lang='lat' dir='ltr'>iure</span> <span class='ocrx_word' id='word_1_199' title='bbox 1203 2685 1393 2738; x_wconf 87' lang='lat' dir='ltr'>debent</span> <span class='ocrx_word' id='word_1_200' title='bbox 1430 2685 1735 2753; x_wconf 89' lang='lat' dir='ltr'>concedere,</span> <span class='ocrx_word' id='word_1_201' title='bbox 1781 2685 1892 2752; x_wconf 92' lang='lat' dir='ltr'>Ugo</span> <span class='ocrx_word' id='word_1_202' title='bbox 1934 2685 1997 2738; x_wconf 91' lang='lat' dir='ltr'>de</span> <span class='ocrx_word' id='word_1_203' title='bbox 2034 2680 2410 2752; x_wconf 81' lang='lat' dir='ltr'>Lerziniaquo²</span> <span class='ocrx_word' id='word_1_204' title='bbox 2448 2684 2529 2737; x_wconf 90' lang='lat' dir='ltr'>in-</span> 
     </span>
     <span class='ocr_line' id='line_1_27' title="bbox 585 2779 2527 2850; baseline 0 -18"><span class='ocrx_word' id='word_1_205' title='bbox 585 2779 720 2833; x_wconf 91' lang='lat' dir='ltr'>iuste</span> <span class='ocrx_word' id='word_1_206' title='bbox 757 2781 1112 2849; x_wconf 90' lang='lat' dir='ltr'>praesumpsit</span> <span class='ocrx_word' id='word_1_207' title='bbox 1136 2781 1399 2834; x_wconf 82' lang='lat' dir='ltr'>invadere.</span> <span class='ocrx_word' id='word_1_208' title='bbox 1459 2781 1624 2848; x_wconf 89' lang='lat' dir='ltr'>Unde,</span> <span class='ocrx_word' id='word_1_209' title='bbox 1668 2781 1791 2849; x_wconf 91' lang='lat' dir='ltr'>quia</span> <span class='ocrx_word' id='word_1_210' title='bbox 1815 2781 2269 2850; x_wconf 85' lang='lat' dir='ltr'>praenominatum</span> <span class='ocrx_word' id='word_1_211' title='bbox 2295 2779 2527 2847; x_wconf 87' lang='lat' dir='ltr'>Ugonem</span> 
     </span>
     <span class='ocr_line' id='line_1_28' title="bbox 587 2874 2528 2946; baseline 0 -18"><span class='ocrx_word' id='word_1_212' title='bbox 587 2874 832 2928; x_wconf 87' lang='lat' dir='ltr'>clericum</span> <span class='ocrx_word' id='word_1_213' title='bbox 870 2880 1107 2929; x_wconf 89' lang='lat' dir='ltr'>nostrum</span> <span class='ocrx_word' id='word_1_214' title='bbox 1147 2880 1198 2929; x_wconf 90' lang='lat' dir='ltr'>et</span> <span class='ocrx_word' id='word_1_215' title='bbox 1222 2893 1305 2929; x_wconf 89' lang='lat' dir='ltr'>res</span> <span class='ocrx_word' id='word_1_216' title='bbox 1332 2877 1498 2946; x_wconf 89' lang='lat' dir='ltr'>ipsius</span> <span class='ocrx_word' id='word_1_217' title='bbox 1524 2877 1580 2929; x_wconf 92' lang='lat' dir='ltr'>in</span> <span class='ocrx_word' id='word_1_218' title='bbox 1606 2876 1824 2930; x_wconf 89' lang='lat' dir='ltr'>tutelam</span> <span class='ocrx_word' id='word_1_219' title='bbox 1852 2876 2166 2946; x_wconf 87' lang='lat' dir='ltr'>apostolicae</span> <span class='ocrx_word' id='word_1_220' title='bbox 2194 2876 2329 2928; x_wconf 92' lang='lat' dir='ltr'>sedis</span> <span class='ocrx_word' id='word_1_221' title='bbox 2357 2892 2528 2928; x_wconf 91' lang='lat' dir='ltr'>susce—</span> 
     </span>
     <span class='ocr_line' id='line_1_29' title="bbox 586 2970 2527 3042; baseline -0.001 -19"><span class='ocrx_word' id='word_1_222' title='bbox 586 2970 777 3039; x_wconf 88' lang='lat' dir='ltr'>pimus,</span> <span class='ocrx_word' id='word_1_223' title='bbox 815 2971 1133 3025; x_wconf 88' lang='lat' dir='ltr'>fraternitati</span> <span class='ocrx_word' id='word_1_224' title='bbox 1170 2975 1291 3025; x_wconf 88' lang='lat' dir='ltr'>tuae</span> <span class='ocrx_word' id='word_1_225' title='bbox 1328 2973 1597 3025; x_wconf 85' lang='lat' dir='ltr'>invitando</span> <span class='ocrx_word' id='word_1_226' title='bbox 1623 2972 1998 3042; x_wconf 86' lang='lat' dir='ltr'>praecipimus:</span> <span class='ocrx_word' id='word_1_227' title='bbox 2040 2976 2112 3038; x_wconf 92' lang='lat' dir='ltr'>ut,</span> <span class='ocrx_word' id='word_1_228' title='bbox 2154 2987 2308 3040; x_wconf 88' lang='lat' dir='ltr'>super</span> <span class='ocrx_word' id='word_1_229' title='bbox 2333 2970 2412 3022; x_wconf 94' lang='lat' dir='ltr'>his</span> <span class='ocrx_word' id='word_1_230' title='bbox 2441 2986 2527 3022; x_wconf 93' lang='lat' dir='ltr'>cu-</span> 
     </span>
     <span class='ocr_line' id='line_1_30' title="bbox 586 3064 2526 3136; baseline -0.001 -18"><span class='ocrx_word' id='word_1_231' title='bbox 586 3082 700 3118; x_wconf 89' lang='lat' dir='ltr'>ram</span> <span class='ocrx_word' id='word_1_232' title='bbox 737 3066 850 3120; x_wconf 82' lang='lat' dir='ltr'>vice</span> <span class='ocrx_word' id='word_1_233' title='bbox 886 3071 1068 3120; x_wconf 90' lang='lat' dir='ltr'>nostra</span> <span class='ocrx_word' id='word_1_234' title='bbox 1093 3084 1294 3136; x_wconf 90' lang='lat' dir='ltr'>gerens,</span> <span class='ocrx_word' id='word_1_235' title='bbox 1337 3068 1455 3121; x_wconf 91' lang='lat' dir='ltr'>duci</span> <span class='ocrx_word' id='word_1_236' title='bbox 1482 3064 1802 3135; x_wconf 77' lang='lat' dir='ltr'>Guilgelmo³</span> <span class='ocrx_word' id='word_1_237' title='bbox 1829 3068 1956 3120; x_wconf 89' lang='lat' dir='ltr'>haec</span> <span class='ocrx_word' id='word_1_238' title='bbox 1983 3067 2162 3119; x_wconf 90' lang='lat' dir='ltr'>eadem</span> <span class='ocrx_word' id='word_1_239' title='bbox 2190 3064 2526 3132; x_wconf 88' lang='lat' dir='ltr'>significando</span> 
     </span>
     <span class='ocr_line' id='line_1_31' title="bbox 588 3160 2529 3232; baseline -0.001 -18"><span class='ocrx_word' id='word_1_240' title='bbox 588 3178 863 3230; x_wconf 80' lang='lat' dir='ltr'>suggeraS,</span> <span class='ocrx_word' id='word_1_241' title='bbox 915 3163 1157 3232; x_wconf 88' lang='lat' dir='ltr'>quatinus</span> <span class='ocrx_word' id='word_1_242' title='bbox 1206 3163 1261 3215; x_wconf 91' lang='lat' dir='ltr'>in</span> <span class='ocrx_word' id='word_1_243' title='bbox 1307 3164 1406 3216; x_wconf 89' lang='lat' dir='ltr'>hac</span> <span class='ocrx_word' id='word_1_244' title='bbox 1453 3164 1611 3217; x_wconf 89' lang='lat' dir='ltr'>etiam</span> <span class='ocrx_word' id='word_1_245' title='bbox 1655 3180 1738 3231; x_wconf 90' lang='lat' dir='ltr'>re,</span> <span class='ocrx_word' id='word_1_246' title='bbox 1788 3166 2038 3231; x_wconf 85' lang='lat' dir='ltr'>quantum</span> <span class='ocrx_word' id='word_1_247' title='bbox 2076 3162 2227 3214; x_wconf 88' lang='lat' dir='ltr'>beato</span> <span class='ocrx_word' id='word_1_248' title='bbox 2265 3160 2420 3214; x_wconf 92' lang='lat' dir='ltr'>Petro</span> <span class='ocrx_word' id='word_1_249' title='bbox 2460 3161 2529 3213; x_wconf 88' lang='lat' dir='ltr'>sit</span> 
     </span>
     <span class='ocr_line' id='line_1_32' title="bbox 586 3255 2524 3329; baseline 0 -20"><span class='ocrx_word' id='word_1_250' title='bbox 586 3255 772 3326; x_wconf 80' lang='lat' dir='ltr'>fidelis,</span> <span class='ocrx_word' id='word_1_251' title='bbox 813 3259 1068 3312; x_wconf 88' lang='lat' dir='ltr'>ostendat.</span> <span class='ocrx_word' id='word_1_252' title='bbox 1128 3258 1326 3312; x_wconf 89' lang='lat' dir='ltr'>Verum</span> <span class='ocrx_word' id='word_1_253' title='bbox 1361 3259 1417 3312; x_wconf 92' lang='lat' dir='ltr'>in</span> <span class='ocrx_word' id='word_1_254' title='bbox 1457 3260 1640 3329; x_wconf 88' lang='lat' dir='ltr'>primis</span> <span class='ocrx_word' id='word_1_255' title='bbox 1678 3258 1940 3312; x_wconf 88' lang='lat' dir='ltr'>volumus:</span> <span class='ocrx_word' id='word_1_256' title='bbox 1982 3261 2041 3310; x_wconf 92' lang='lat' dir='ltr'>ut</span> <span class='ocrx_word' id='word_1_257' title='bbox 2069 3257 2274 3309; x_wconf 90' lang='lat' dir='ltr'>dilectio</span> <span class='ocrx_word' id='word_1_258' title='bbox 2301 3261 2392 3310; x_wconf 87' lang='lat' dir='ltr'>tua</span> <span class='ocrx_word' id='word_1_259' title='bbox 2418 3260 2524 3309; x_wconf 91' lang='lat' dir='ltr'>stu-</span> 
     </span>
     <span class='ocr_line' id='line_1_33' title="bbox 588 3351 2526 3424; baseline -0.001 -19"><span class='ocrx_word' id='word_1_260' title='bbox 588 3351 708 3405; x_wconf 90' lang='lat' dir='ltr'>deat</span> <span class='ocrx_word' id='word_1_261' title='bbox 745 3358 1090 3408; x_wconf 91' lang='lat' dir='ltr'>memoratum</span> <span class='ocrx_word' id='word_1_262' title='bbox 1116 3354 1569 3409; x_wconf 88' lang='lat' dir='ltr'>Lerziniacensem</span> <span class='ocrx_word' id='word_1_263' title='bbox 1609 3371 1674 3408; x_wconf 78' lang='lat' dir='ltr'>ex</span> <span class='ocrx_word' id='word_1_264' title='bbox 1710 3358 1861 3424; x_wconf 88' lang='lat' dir='ltr'>parte</span> <span class='ocrx_word' id='word_1_265' title='bbox 1899 3356 2078 3406; x_wconf 88' lang='lat' dir='ltr'>nostra</span> <span class='ocrx_word' id='word_1_266' title='bbox 2113 3369 2230 3405; x_wconf 94' lang='lat' dir='ltr'>cum</span> <span class='ocrx_word' id='word_1_267' title='bbox 2255 3352 2362 3404; x_wconf 87' lang='lat' dir='ltr'>iam</span> <span class='ocrx_word' id='word_1_268' title='bbox 2389 3352 2526 3405; x_wconf 91' lang='lat' dir='ltr'>dicto</span> 
     </span>
     <span class='ocr_line' id='line_1_34' title="bbox 588 3446 2526 3519; baseline 0.001 -20"><span class='ocrx_word' id='word_1_269' title='bbox 588 3446 716 3501; x_wconf 88' lang='lat' dir='ltr'>duce</span> <span class='ocrx_word' id='word_1_270' title='bbox 755 3450 1047 3519; x_wconf 88' lang='lat' dir='ltr'>convenire,</span> <span class='ocrx_word' id='word_1_271' title='bbox 1088 3467 1184 3505; x_wconf 93' lang='lat' dir='ltr'>nec</span> <span class='ocrx_word' id='word_1_272' title='bbox 1222 3467 1329 3504; x_wconf 94' lang='lat' dir='ltr'>non</span> <span class='ocrx_word' id='word_1_273' title='bbox 1365 3449 1516 3503; x_wconf 93' lang='lat' dir='ltr'>illum</span> <span class='ocrx_word' id='word_1_274' title='bbox 1547 3450 1611 3503; x_wconf 91' lang='lat' dir='ltr'>de</span> <span class='ocrx_word' id='word_1_275' title='bbox 1637 3450 1933 3502; x_wconf 88' lang='lat' dir='ltr'>temeritate</span> <span class='ocrx_word' id='word_1_276' title='bbox 1961 3465 2054 3501; x_wconf 90' lang='lat' dir='ltr'>sua</span> <span class='ocrx_word' id='word_1_277' title='bbox 2078 3448 2435 3516; x_wconf 86' lang='lat' dir='ltr'>redarguendo</span> <span class='ocrx_word' id='word_1_278' title='bbox 2463 3447 2526 3500; x_wconf 92' lang='lat' dir='ltr'>de</span> 
     </span>
    </p>
   </div>
   <div class='ocr_carea' id='block_1_5' title="bbox 707 3573 1036 3612">
    <p class='ocr_par' dir='ltr' id='par_1_8' title="bbox 707 3573 1036 3612">
     <span class='ocr_line' id='line_1_35' title="bbox 707 3573 1036 3612; baseline 0.012 -4"><span class='ocrx_word' id='word_1_279' title='bbox 707 3582 739 3608; x_wconf 83' lang='lat' dir='ltr'>a.</span> <span class='ocrx_word' id='word_1_280' title='bbox 767 3573 978 3611; x_wconf 83' lang='lat' dir='ltr'>contrahire</span> <span class='ocrx_word' id='word_1_281' title='bbox 1005 3589 1036 3612; x_wconf 87' lang='lat' dir='ltr'>c.</span> 
     </span>
    </p>
   </div>
   <div class='ocr_carea' id='block_1_6' title="bbox 705 3649 2522 3708">
    <p class='ocr_par' dir='ltr' id='par_1_9' title="bbox 705 3649 2522 3708">
     <span class='ocr_line' id='line_1_36' title="bbox 705 3649 2522 3708; baseline 0 -14"><span class='ocrx_word' id='word_1_282' title='bbox 705 3650 746 3693; x_wconf 92' lang='lat'>1.</span> <span class='ocrx_word' id='word_1_283' title='bbox 777 3650 834 3694; x_wconf 90' lang='grc' dir='ltr'>Π.</span> <span class='ocrx_word' id='word_1_284' title='bbox 983 3653 1024 3696; x_wconf 84' lang='grc'>2.</span> <span class='ocrx_word' id='word_1_285' title='bbox 1056 3652 1303 3708; x_wconf 85' lang='lat' dir='ltr'>Lusignan.</span> <span class='ocrx_word' id='word_1_286' title='bbox 1451 3653 1493 3696; x_wconf 85' lang='lat'>3.</span> <span class='ocrx_word' id='word_1_287' title='bbox 1527 3652 1592 3698; x_wconf 91' lang='lat' dir='ltr'>VI</span> <span class='ocrx_word' id='word_1_288' title='bbox 1622 3651 1726 3695; x_wconf 90' lang='lat' dir='ltr'>duci</span> <span class='ocrx_word' id='word_1_289' title='bbox 1755 3649 2039 3707; x_wconf 86' lang='lat' dir='ltr'>Aquitaniae,</span> <span class='ocrx_word' id='word_1_290' title='bbox 2073 3651 2225 3695; x_wconf 90' lang='lat' dir='ltr'>comiti</span> <span class='ocrx_word' id='word_1_291' title='bbox 2253 3650 2522 3695; x_wconf 85' lang='lat' dir='ltr'>Pictavensi.</span> 
     </span>
    </p>
   </div>
  </div>
 </body>
</html>
