2730 4198
12 2863 14 2878 .„
0 2724 14 2852 ,W
0 2520 11 2717 *owner-ure
0 2482 7 2510 w.
0 2450 3 2453 ι

823 275 1099 314 GREGORII
1135 277 1216 314 vn
1251 276 1517 315 REGISTRI
1553 277 1589 313 v
1616 275 1677 313 15.
1705 276 1765 313 16.
2160 263 2262 314 311

322 396 490 461 ceant,
528 393 644 462 ipso
685 392 970 446 auxiliante
1007 393 1277 447 vobiscum
1313 392 1524 447 valeant
1559 392 1825 464 perficere.
1902 391 2070 445 Data⁸
2104 390 2268 445 Rome
2315 398 2429 441 1078

324 491 353 542 7
393 488 514 542 Idus
552 486 746 556 Martii,
784 488 1069 542 indictione
1113 492 1158 541 1.
2299 457 2406 494 Mart·
2427 459 2451 494 9

320 657 370 720 V
403 662 501 719 16.
557 664 786 718 Udonem
811 666 1259 736 archiepiscopum
1281 653 1647 716 ⁴Treviremsem
1677 666 1750 717 ad
1763 666 1920 734 pacis
1948 682 2078 734 opas
2105 665 2270 716 susci-

533 763 791 832 piendum
828 761 1079 814 hortatur.
1140 760 1282 812 Loco
1323 771 1370 812 et
1408 770 1634 830 tempore
1659 770 1934 813 conventus
1962 762 2268 826 constitutis,

543 876 657 910 eum
675 859 825 910 adire
847 858 1071 910 Romam
1089 856 1240 908 iubet.
1274 856 1360 908 De
1379 865 1522 908 treva
1544 857 1817 908 servanda.
1846 856 1918 907 M
1913 866 2062 908 oneat
2080 874 2267 925 reqem,

541 964 599 1006 ut
636 954 836 1023 ZeyatiS,
877 955 927 1004 si
959 952 1117 1004 velint
1142 951 1367 1004 Romam
1399 950 1586 1017 redire,
1620 953 1953 1022 praesidium
1980 949 2269 1004 concedatb.

467 1061 748 1131 Gregorius
787 1063 1060 1132 episcopus
1100 1077 1280 1114 servus
1318 1077 1587 1114 servorum
1617 1060 1718 1115 Dei
1745 1060 1943 1114 Udoni⁰
1973 1061 2271 1115 Trevirensi
2319 1063 2433 1106 1078

319 1159 710 1229 archiepiscopo
749 1158 970 1212 salutem
1009 1161 1061 1210 et
1099 1156 1440 1226 apostolicam
1477 1157 1908 1211 benedictionem.
2300 1123 2409 1160 Mart'
2429 1124 2451 1160 9

465 1254 671 1318 Quanta
708 1254 858 1308 nobis
898 1252 1190 1306 sollicitudo
1231 1256 1528 1322 quantaque
1566 1252 1785 1307 tristitia
1811 1253 1880 1306 sit
1906 1252 1969 1306 de
1994 1252 2270 1323 perturba-

316 1351 459 1404 tione
497 1351 658 1403 immo
699 1350 762 1403 de
802 1348 1018 1402 discidio
1057 1348 1207 1415 regni
1245 1348 1434 1416 vestri,
1483 1348 1610 1401 olim
1659 1348 1938 1402 clarissimi
1986 1352 2038 1402 et
2084 1352 2270 1418 poten-

316 1447 524 1514 tissimi,
562 1447 618 1499 in
644 1444 1005 1499 communibus
1031 1443 1238 1512 litteris,
1277 1460 1404 1512 quas
1430 1443 1529 1498 hoc
1553 1445 1607 1497 in
1635 1461 1770 1498 anno
1799 1445 1866 1497 ad
1891 1461 1983 1498 vos
2011 1444 2268 1513 misimuS‚

317 1543 446 1597 satis
483 1542 631 1596 vobis
671 1540 990 1595 declaratum
1032 1557 1145 1593 esse
1181 1544 1444 1610 putamus.
1505 1540 1701 1594 Verum
1728 1541 1851 1609 quia
1877 1557 1961 1594 res
1989 1540 2053 1594 de
2092 1540 2176 1594 die
2213 1541 2270 1594 in

316 1638 455 1692 diem
501 1637 846 1708 perniciosius
894 1635 1156 1706 implicari
1205 1636 1411 1690 videtur
1423 1636 1459 1704 d,
1507 1636 1658 1690 nobis
1705 1653 1910 1705 quoque
1967 1652 2094 1690 cura
2150 1653 2270 1690 cum

314 1735 479 1788 nimia
518 1734 782 1787 anxietate
810 1732 964 1785 altius
1002 1732 1057 1784 in
1083 1736 1285 1785 mente⁸
1311 1731 1504 1799 figitur.
1563 1731 1805 1800 Proinde,
1847 1732 2091 1800 quicquid
2118 1732 2268 1786 nobis

317 1847 475 1900 super
511 1829 610 1883 hac
646 1847 703 1883 re
745 1829 810 1881 ad
849 1844 1097 1898 praesens
1135 1827 1323 1881 melius
1362 1828 1535 1882 visum
1575 1833 1670 1897 est,
1711 1827 1850 1897 quod
1882 1831 2064 1881 nostra
2092 1828 2268 1898 provi-

317 1926 497 1979 dentia
534 1925 619 1979 vel
657 1924 966 1978 auctoritate
991 1923 1308 1977 intervenire
1334 1925 1609 1994 potuisset,
1648 1928 1914 1978 maturare
1941 1924 2267 1991 curavimus3

318 2022 456 2091 quod
503 2025 597 2075 tua
640 2020 943 2075 fraternitas
989 2020 1046 2072 in
1092 2019 1282 2073 litteris
1299 2016 1327 2088 ¹,
1388 2020 1574 2088 quibus
1615 2020 1747 2073 illud
1794 2019 2129 2087 singulariter
2178 2019 2267 2074 de-

317 2118 572 2188 scriptum
611 2121 705 2185 est,
744 2116 949 2186 plenius
987 2120 1279 2183 cognoscet.
1335 2115 1599 2183 Rogamus
1637 2116 1798 2183 igitur
1837 2119 1889 2169 et
1927 2115 2266 2169 admonemus

316 2213 649 2284 prudentiam
686 2215 848 2279 tuam,
887 2211 943 2264 in
971 2227 1076 2279 qua
1098 2211 1322 2265 multum
1347 2210 1682 2265 confidimus:
1723 2215 1784 2265 ut
1809 2211 2092 2265 secundum
2118 2214 2266 2264 teno-

314 2326 428 2363 rem
465 2308 766 2362 earumdem
803 2306 1098 2360 litterarum
1146 2307 1258 2361 sine
1306 2308 1448 2361 omni
1495 2307 1743 2361 dilatione
1782 2307 1846 2361 de
1884 2323 2043 2361 causa
2078 2306 2176 2360 hac
2212 2310 2266 2360 te

314 2405 660 2471 intromittas,
702 2407 754 2458 et
792 2403 1032 2456 omnibus
1071 2407 1182 2456 tam
1219 2404 1508 2458 minoribus
1549 2420 1705 2473 quam
1742 2403 2054 2471 maioribus,
2095 2402 2267 2471 quoad

314 2506 490 2571 poteS‚
543 2501 667 2570 quid
706 2517 737 2554 a
773 2500 924 2553 nobis
963 2498 1305 2554 deliberatum
1355 2504 1407 2554 et
1452 2499 1675 2569 qualiter
1712 2498 1810 2553 tibi
1845 2498 2140 2552 iniunctum
2179 2498 2265 2566 sit,

315 2600 499 2650 notum
534 2596 724 2662 facias3
763 2599 851 2663 ut‚'
877 2595 1159 2649 miserante
1195 2595 1310 2650 Deo
1349 2600 1402 2650 et
1440 2595 1806 2670 adiuvantibus
1844 2595 1925 2648 his
1966 2595 2056 2663 qui
2081 2594 2265 2647 Domi-

314 2691 467 2745 num‘
501 2691 749 2759 diligunt,
790 2694 901 2744 tam
936 2691 1114 2744 feralis
1154 2691 1444 2746 discordiae
1479 2692 1711 2745 furorem
1750 2696 1840 2745 aut
1875 2690 2086 2761 penitus
2125 2706 2265 2744 com-

315 2804 528 2859 pescere
567 2791 643 2856 et,
718 2786 823 2839 uod
859 2787 1089 2840 maxime
1127 2791 1392 2857 optamUS,
1441 2788 1508 2841 ad
1545 2787 1756 2857 plenam
1793 2803 1979 2857 pacem
2014 2786 2264 2840 reducere

315 2884 603 2954 possimus3
651 2887 765 2951 aut,
806 2884 851 2936 si
886 2882 1018 2935 illud
1055 2883 1281 2952 peccatis
1319 2883 1725 2954 impedientibus
1762 2883 1979 2936 minime
2019 2881 2264 2935 obvenire

315 2980 510 3050 poterit
519 2987 553 3047 Β,
593 2978 767 3032 saltim
805 2994 901 3031 nos
938 2978 994 3030 in
1031 2980 1177 3031 tanto
1215 2978 1439 3032 fratrum
1473 2982 1773 3032 nostrorum
1798 2977 2028 3048 periculo
2055 2975 2264 3046 culpam

315 3075 662 3144 negligentiae
700 3073 1032 3128 declinemus.

461 3169 739 3224 Notificato
789 3173 964 3230 autem
1011 3167 1226 3221 consilio
1274 3171 1326 3221 et
1376 3167 1582 3222 decreto
1632 3171 1837 3235 nostr0‚
1897 3170 1951 3220 et
1996 3165 2260 3235 requisitis

317 3267 578 3335 utrimque
603 3265 1029 3336 responsionibus
1051 3294 1119 3300 -
1147 3267 1207 3316 ut
1232 3279 1347 3316 eam
1373 3263 1741 3316 certitudinem
1767 3266 1819 3316 et
1845 3278 2156 3315 consensum
2179 3261 2260 3315 in—

434 3437 466 3463 a.
502 3426 602 3463 Data
634 3446 674 3451 --
703 3426 781 3463 ind.
803 3426 823 3462 1
853 3440 924 3462 om.
945 3426 980 3461 3.
1136 3423 1173 3460 b.
1208 3425 1363 3473 Legitur
1398 3425 1509 3460 etiam
1554 3421 1592 3469 2)
1623 3436 1682 3470 ap.
1713 3423 1877 3459 Paulam
1904 3422 2072 3459 Bemrz'd.
2112 3435 2144 3458 c.
2171 3421 2258 3467 101,

317 3495 428 3530 Pont.
446 3494 553 3530 Rom.
580 3493 652 3530 Vit.
672 3492 729 3528 ed.
751 3492 961 3529 Watterich
988 3494 1010 3528 1
1034 3489 1131 3535 535,
1168 3487 1205 3535 3)
1235 3503 1295 3537 ap.
1324 3490 1518 3538 Hugonem
1545 3489 1886 3532 flaviniacensem,
1921 3490 2027 3525 Mon.
2050 3489 2168 3525 Germ.
2190 3487 2259 3525 SS.

324 3560 421 3596 VIII
444 3558 533 3595 449.
673 3568 705 3594 c.
738 3556 854 3594 Utoni
880 3558 914 3594 2.
1055 3555 1091 3592 d.
1126 3554 1341 3603 implicatur
1368 3556 1403 3592 3.
1542 3566 1575 3590 e.
1607 3554 1731 3590 mente
1759 3567 1829 3590 om.
1848 3554 1883 3590 3.
2013 3552 2039 3590 f.
2073 3551 2195 3590 Deum
2223 3553 2259 3589 3.

318 3634 353 3671 g.
387 3623 553 3672 potuerit
579 3624 614 3660 3.

437 3703 477 3745 1.
510 3713 580 3757 ep.
604 3701 659 3744 15
691 3712 827 3756 supra
855 3712 899 3755 p.
922 3700 1023 3744 309.
