2730 4198
795 262 1070 301 GREGORII
1106 264 1186 301 vn
1222 263 1486 302 REGISTRI
1523 264 1581 301 V1
1608 264 1669 301 36.
1698 263 1757 300 37.
2142 252 2249 304 375

308 379 590 451 apostolica
616 380 923 434 auctoritate
949 381 1323 451 praecipimus:
1360 385 1419 434 ut
1444 390 1559 434 eas‘
1584 381 1640 434 in
1667 397 1852 434 manus
1878 380 2056 434 fratris
2083 383 2249 435 nostri

307 475 527 531 Gebuini
584 475 960 547 archiepiscopi
1008 478 1169 531 vestri
1217 476 1445 530 refutare
1492 476 1605 530 sine
1653 476 1902 530 dilatione
1948 482 2246 547 procurent.

305 571 553 626 Volumus
593 571 873 640 siquidem:
923 577 983 626 ut
1018 573 1370 640 nobilitatem,
1418 588 1520 640 qua
1557 572 1694 625 inter
1733 589 1911 626 omnes
1952 572 2249 627 Gallicanas

304 667 546 722 ecclesias
573 671 749 721 vestra
772 668 873 723 hue
899 685 1062 737 usque
1087 667 1413 738 resplenduit
1438 667 1494 719 in
1518 666 1786 735 religionis
1815 669 2071 738 exempIO,
2110 685 2249 723 nunc

303 780 506 833 quoque
542 764 820 832 vigilanter
848 765 1129 830 custodiat3
1173 766 1224 817 et
1261 766 1320 816 ut
1356 762 1595 830 gloriam,
1637 780 1794 831 quam
1831 763 2081 817 hactenus
2120 782 2248 835 prae

302 860 520 915 caeteris
557 860 662 913 illis
701 860 884 914 habuit
920 861 976 914 in
1015 859 1284 928 dignitate,
1322 874 1461 910 nunc
1501 875 1690 926 augere
1728 858 1948 928 incipiat
1985 860 2040 913 in
2078 860 2248 915 forma

300 957 582 1025 religionis
640 956 858 1010 Noverit
885 960 1058 1010 autem
1085 955 1293 1008 dilectio
1320 957 1521 1007 vestra:
1563 954 1827 1022 quoniam,
1869 955 1914 1008 si
1939 957 2134 1010 nostris
2163 974 2245 1010 sa-

300 1053 533 1107 lubribus
573 1053 730 1107 iussis
770 1052 1187 1122 obtemperantes
1225 1050 1474 1103 hactenus
1512 1049 1650 1102 male
1688 1050 1896 1104 habitab
1937 1053 2244 1106 censueritis

299 1149 435 1203 iuste
473 1148 750 1216 dimittere,
789 1148 866 1201 ita
902 1147 1048 1201 vobis
1087 1145 1476 1216 providebimus
1516 1145 1572 1198 in
1601 1149 1839 1216 utroque,
1880 1152 1940 1201 ut
1966 1152 2016 1201 et
2042 1152 2244 1218 tempo-

299 1244 496 1299 ralibus
534 1244 817 1298 commodis
855 1260 959 1296 non
999 1241 1356 1295 destituamini
1395 1245 1447 1294 et
1486 1242 1678 1295 erroris
1717 1243 1925 1296 veniam
1965 1243 2029 1297 de
2068 1244 2246 1298 divina

298 1340 654 1394 misericordia
691 1339 937 1407 consequi
974 1338 1208 1392 valeatis.
1269 1337 1462 1401 Quodsi
1506 1338 1621 1406 quis
1661 1343 1843 1392 contra
1874 1339 2098 1394 salutem
2122 1357 2244 1411 pro-

296 1436 467 1505 priam
516 1435 688 1488 animo
727 1435 995 1503 induratO,
1044 1437 1323 1504 postquam
1364 1433 1430 1487 ad
1467 1434 1710 1488 notitiam
1750 1436 1859 1488 eius
1897 1436 2026 1490 haec
2062 1441 2245 1490 nostra

292 1534 572 1601 praecepta
615 1531 975 1601 pervenerint,
1026 1530 1165 1584 ultra
1204 1530 1388 1598 viginti
1428 1530 1538 1584 dies
1580 1531 1653 1584 eis
1692 1531 2029 1586 inoboediens
2066 1533 2240 1603 fuerit,

292 1626 370 1680 illi
409 1626 642 1679 omnium
681 1626 1017 1681 ecelesiarum
1054 1627 1349 1694 ingressum
1390 1630 1442 1679 et
1479 1628 1713 1698 corporis
1754 1645 1814 1682 ac
1841 1629 2106 1697 sanguinis
2134 1629 2241 1683 Do-

291 1723 423 1776 mini
450 1723 885 1791 communionem,
915 1739 1014 1792 quo
1042 1739 1206 1792 usque
1234 1721 1526 1792 resipiscat,
1570 1723 1856 1794 apostolica
1881 1725 2241 1779 interdicimus

293 1819 616 1874 auctoritate.
675 1818 815 1873 Data
851 1819 1014 1872 Rome
1058 1820 1123 1872 12
1163 1818 1426 1872 Kalendas
1465 1816 1608 1888 Maii,
1648 1820 1932 1874 indictione
1973 1823 2021 1874 2.

291 1990 371 2053 VI
397 1995 496 2052 37.
531 1997 820 2050 Iordanum
856 1997 894 2048 I
921 1999 1216 2067 principem
1253 1995 1560 2066 Capuanum
1597 2008 1782 2064 monet,
1823 2009 1881 2051 ut
1920 1999 1982 2050 de
2018 2017 2241 2052 noverca

531 2094 603 2145 ad
640 2093 1045 2145 contrahendum
1082 2094 1474 2145 matrimonium
1513 2104 1718 2159 coacta,
1762 2096 1824 2146 de
1862 2095 2088 2147 Dodone
2127 2098 2236 2166 epi-

528 2207 683 2259 scopo
725 2189 1032 2241 Rossellano
1085 2189 1340 2258 expilaw,
1393 2190 1456 2241 de
1492 2192 1805 2243 monasterio
1846 2189 2118 2244 Casinensi
2155 2193 2236 2245 dv:-

526 2295 671 2355 repto
711 2285 815 2337 sibi
850 2284 1160 2353 satiffacz'at.

436 2393 717 2464 Gregorius
757 2393 1032 2464 episcopus
1073 2411 1254 2448 servus
1282 2410 1552 2448 servorum
1579 2393 1680 2449 Dei
1706 2393 1927 2449 Iordano
1946 2392 1958 2416 ¹
1985 2395 2233 2466 Capuano

287 2491 527 2561 principi.

437 2585 583 2639 Sicut
618 2585 856 2639 nonnulli
891 2589 1176 2655 noverunt,
1217 2586 1342 2640 olim
1379 2590 1433 2641 te
1470 2604 1566 2640 nos
1607 2586 1884 2641 admodum
1925 2587 2232 2656 dileximus3

288 2685 340 2736 et
383 2682 634 2736 honorem
682 2685 831 2735 tuum
877 2686 987 2736 tam
1031 2683 1088 2735 in
1131 2684 1398 2753 praesenti
1444 2683 1648 2737 saeculo
1689 2683 1946 2752 adaugere
1987 2701 2144 2753 quam
2183 2689 2235 2739 et

285 2778 340 2831 in
377 2778 552 2832 futuro
592 2794 799 2831 servare
838 2778 1129 2832 studuimus
1167 2779 1434 2834 hactenus
1493 2779 1928 2833 Existimavimus
1967 2781 2123 2850 enim,
2162 2785 2231 2851 te,

284 2878 343 2927 ut
379 2873 610 2928 nobilem
650 2874 854 2927 deceret
890 2872 1070 2943 filium,
1111 2873 1266 2928 fidem
1304 2875 1456 2930 beato
1486 2875 1642 2930 Petro
1684 2879 2013 2930 servaturum
2053 2881 2105 2930 et
2143 2877 2231 2931 de-

283 2986 373 3024 cus
410 2970 578 3040 ipsius
615 2970 672 3023 in
711 2969 909 3023 cunctis
948 2987 1044 3040 pro
1083 2970 1280 3025 viribus
1306 2971 1409 3025 tuis
1439 2971 1795 3025 adaucturum.
1855 2971 2051 3025 Verum
2075 2972 2230 3042 longe

282 3083 376 3120 nos
414 3065 600 3120 fefellit
639 3065 840 3136 opinio;
883 3070 935 3119 et
973 3066 1061 3135 qui
1100 3066 1163 3120 de
1202 3070 1254 3120 te
1279 3067 1442 3121 nichil
1465 3068 1570 3122 tale
1595 3068 1801 3138 pridem
1829 3067 2090 3137 quivimus
2119 3085 2229 3123 cre-

283 3162 428 3231 dere,
477 3179 615 3216 nunc
667 3162 1011 3230 advertimus,
1061 3162 1124 3216 de
1169 3162 1267 3216 hac
1303 3162 1524 3234 perfidia
1562 3167 1653 3217 tua
1689 3163 1882 3217 multos
1922 3181 2028 3217 non
2067 3165 2228 3219 fuisse

281 3259 542 3313 mentitos.
658 3258 794 3312 Ecce
833 3259 968 3312 enim
1012 3258 1207 3311 dudum
1244 3275 1522 3312 novercam
1560 3263 1707 3312 tuam
1735 3263 1786 3312 et
1813 3259 2079 3313 dominam
2106 3277 2227 3314 con-

280 3358 364 3407 tra
398 3354 480 3408 ius
521 3359 573 3409 et
608 3355 688 3408 fas
729 3355 792 3408 de
833 3354 1050 3408 ecclesia
1086 3355 1294 3409 trahere
1332 3355 1552 3408 invitam
1580 3359 1631 3408 et
1659 3355 2047 3425 reclamantem,
2086 3374 2226 3410 eam-

283 3466 397 3518 que,
424 3451 619 3505 nubere
643 3451 924 3520 nolentem,
951 3451 1150 3521 nuptiis
1176 3451 1382 3504 tradere
1407 3450 1782 3505 violentissime
1808 3453 2222 3523 praesumpsisti.

396 3586 430 3611 a.
466 3586 530 3612 eas
558 3577 706 3614 addidi.
862 3577 897 3614 b.
934 3579 990 3614 sic
1016 3585 1071 3614 est
1097 3579 1133 3614 in
1162 3577 1245 3614 cod.
1275 3585 1473 3613 correctum
1501 3575 1638 3614 debita.

398 3653 506 3696 1.Ι.

2305 389 2418 432 1079

2278 448 2367 495 Apr.
2389 450 2437 486 20

2292 2407 2406 2451 1079

2264 2467 2354 2516 Apr.
2376 2469 2423 2506 21
