2782 4198
851 304 1125 343 GREGonn
1161 305 1242 341 vn
1278 302 1543 341 memsam
1578 303 1636 339 1v
1664 301 1700 338 5.
2143 287 2249 339 249

309 431 360 481 et
395 441 547 479 usum
585 422 734 494 pallii
771 439 867 493 pro
906 426 1081 475 vestra
1129 426 1181 475 et
1226 421 1387 474 totius
1424 419 1691 490 provincie
1730 417 2003 471 dilectione
2043 417 2091 470 ei
2130 433 2252 471 con-

307 521 582 586 cessimus;
634 535 692 572 eo
743 518 952 588 quidem
1000 522 1205 571 tenore:
1253 521 1313 570 ut
1350 521 1643 587 opportuno
1682 519 1917 584 tempore
1954 513 2252 567 nullatenus

308 635 363 672 se
402 616 644 671 exhibere
682 618 888 668 recuset
936 614 1001 666 ad
1040 612 1418 666 discutiendam
1469 611 1876 680 querimoniam,
1927 627 2084 679 quam
2132 625 2254 662 con-

305 714 467 766 frater
503 716 681 765 noster
717 710 970 764 Rodulfus
1009 708 1325 762 Turonensis
1365 707 1785 776 archiepiscopus
1834 706 1896 759 de
1936 705 2253 759 subiectione

307 809 445 864 sedis
483 808 624 861 illius
673 810 724 860 et
766 807 829 860 de
866 809 1058 874 negata
1096 805 1196 858 sibi
1235 803 1530 858 obedientia
1566 803 1674 855 iam
1714 802 1803 854 diu
1843 801 1981 872 apud
2018 805 2254 855 nostram

307 888 360 960 et
397 908 780 958 antecessorum
818 906 1113 955 nostrorum
1156 901 1285 954 facit
1323 898 1657 952 audientiam.
1729 897 1924 960 Quodsi
1960 898 2162 951 ratione
2203 901 2255 951 et

305 1001 508 1054 iustitia
546 1000 951 1066 demonstrante,
989 1001 1049 1050 ut
1087 997 1133 1050 ei
1159 996 1392 1050 subiecta
1418 1012 1530 1048 esse
1557 994 1759 1063 debeat,
1801 994 2120 1064 apparuerit,
2158 1010 2252 1047 nos

308 1097 519 1167 quidem
558 1098 766 1149 sanctae
805 1093 1094 1146 Turonensi
1132 1091 1379 1146 ecclesiae
1426 1091 1509 1144 ius
1549 1107 1700 1143 suum
1739 1090 2038 1143 conservari
2077 1093 2128 1144 et
2166 1090 2254 1144 de-

307 1193 472 1247 bitam
511 1191 883 1246 subiectionem
921 1206 951 1242 a
975 1188 1193 1243 Dolensi
1233 1187 1448 1242 ecclesia
1486 1186 1722 1240 exhiberi
1760 1186 1999 1239 volumus
2039 1191 2092 1240 et
2129 1203 2254 1256 apo-

308 1289 492 1342 stolica
530 1287 837 1340 auctoritate
876 1301 1172 1351 censemus3
1213 1292 1395 1337 usum'
1420 1287 1597 1337 tamen
1631 1282 1780 1353 pallii
1804 1300 1910 1336 non
1934 1283 2108 1335 minus
2133 1283 2255 1336 huic

308 1384 517 1452 suisque
557 1381 966 1449 successoribuS‚
1015 1381 1178 1434 donec
1217 1397 1398 1434 eorum
1446 1379 1692 1433 introitus
1733 1383 1786 1433 et
1822 1379 1933 1433 vita
1970 1378 2253 1449 probabilis

305 1479 479 1547 fuerit,
507 1477 835 1533 concedimus
863 1481 1016 1546 atque
1041 1476 1326 1530 firmamus,
1369 1475 1463 1530 Sin
1487 1493 1610 1530 vero
1642 1476 1705 1530 ab
1731 1475 1886 1529 huius
1919 1475 2253 1530 subiectionis

303 1575 425 1643 iugo
453 1592 567 1628 eam
595 1574 886 1628 absolutam
914 1590 1026 1627 esse
1051 1573 1208 1641 legali
1235 1573 1533 1626 defensione
1568 1571 1877 1641 constiterit,
1918 1589 2255 1642 quaecunque

305 1671 404 1725 sibi
443 1671 714 1740 dignitatis
750 1669 1028 1741 privilegia
1067 1669 1130 1723 de
1170 1673 1340 1723 cetero
1386 1673 1679 1738 competere
1717 1668 1832 1722 visa
1867 1669 2087 1736 fuerint,
2130 1685 2254 1739 apo-

306 1767 490 1821 stolica
526 1785 631 1821 non
664 1765 942 1834 denegabit
969 1766 1275 1832 auctoritas3
1319 1768 1490 1834 atque,
1529 1765 1742 1818 interim
1767 1768 1827 1818 ut
1852 1765 1900 1818 ei
1926 1765 2060 1819 sicut
2086 1765 2253 1819 archi-

306 1863 548 1934 episcopo
577 1862 949 1916 subiectionem
977 1865 1028 1916 et
1054 1861 1436 1915 oboedientiam
1463 1861 1768 1929 exhibeatis,
1789 1861 2055 1932 praesenti
2076 1866 2252 1915 aucto-

304 1960 461 2013 ritate
511 1959 890 2013 constituimus
1044 1957 1156 2011 Hoc
1203 1958 1380 2027 itaque
1426 1962 1579 2028 pacto
1629 1974 1747 2011 eum
1795 1961 2153 2011 consecratum
2203 1962 2254 2012 et

306 2054 634 2108 ordinatumb
676 2055 741 2108 ad
786 2054 963 2108 sedem
999 2071 1105 2107 non
1143 2054 1370 2107 humano
1411 2054 1625 2107 consilio
1667 2054 1759 2107 sed
1797 2054 2044 2107 divinitus
2085 2054 2133 2108 ei
2172 2071 2253 2108 as—

306 2151 562 2219 signatam
601 2151 952 2219 remittenteS‚
1001 2149 1148 2204 vobis
1185 2149 1337 2203 valde
1376 2150 1796 2203 commendatum
1834 2166 1947 2204 esse
1985 2151 2251 2205 volumus:

303 2251 378 2316 ut,
420 2247 555 2300 sicut
590 2264 685 2300 nos
723 2248 780 2300 in
819 2264 878 2300 eo
918 2247 1190 2300 caritatem
1226 2250 1456 2299 vestram
1497 2250 1548 2299 et
1584 2246 1744 2300 totius
1781 2246 2081 2316 provinciae
2106 2248 2252 2318 prin-

304 2343 534 2414 cipatum
572 2343 959 2411 honoravimuS‚
998 2343 1075 2396 ita
1114 2346 1165 2396 et
1202 2359 1311 2411 VOS,
1353 2359 1510 2412 quam
1547 2359 1644 2413 pro
1684 2359 1743 2396 eo
1771 2343 2110 2414 suscepimuS‚
2150 2343 2253 2397 sol-

303 2438 629 2493 licitudinem
667 2443 718 2494 et
754 2440 967 2511 pietatis
995 2438 1235 2493 affectum
1261 2439 1534 2492 nobiscum
1561 2439 1884 2509 suscipiatis;
1923 2439 2095 2510 ipsum
2139 2439 2252 2509 qui-

305 2534 425 2587 dem
462 2551 580 2588 cum
629 2535 770 2588 omni
813 2535 1008 2589 honore
1055 2539 1107 2589 et
1152 2536 1447 2589 reverentia
1494 2535 1836 2606 suscipientes
1886 2539 1961 2604 et,
2010 2539 2070 2589 ut
2117 2535 2255 2589 bona

308 2629 554 2684 ecclesiae
590 2631 696 2684 iam
734 2649 828 2701 per
864 2631 1056 2684 multos
1084 2649 1247 2685 annos
1275 2649 1305 2684 a
1330 2631 1596 2700 sacrilegis
1624 2631 1861 2702 dispersa
1884 2632 2253 2702 pervasoribus

305 2742 614 2796 recuperare
652 2726 848 2794 valeat,
889 2727 1220 2795 adiuvantes3
1262 2732 1515 2798 quatenus
1554 2728 1646 2781 illa
1684 2729 1859 2798 sedeS‚
1899 2728 2024 2782 olim
2062 2728 2252 2782 nobilis

308 2826 359 2876 et
385 2826 590 2892 potens,
632 2822 698 2875 ad
724 2822 944 2890 gloriam
969 2823 1179 2893 pristini
1205 2824 1422 2893 decoris,
1462 2824 1574 2878 Deo
1602 2824 1908 2895 opitulante,
1949 2824 2136 2878 vestris
2169 2841 2252 2878 re-

303 2919 560 2972 formetur
601 2918 786 2971 studiis
825 2919 1114 2988 vestrisque
1150 2920 1458 2973 restituatur
1503 2921 1843 2991 temporibus.
1916 2920 2002 2974 Sic
2041 2921 2249 2990 etenim,

306 3015 407 3069 sic⁰
445 3014 635 3067 fratres
675 3014 1000 3067 dilectissimi
1038 3015 1243 3068 vocavit
1280 3031 1374 3068 nos
1399 3015 1542 3069 Deus
1583 3020 1634 3070 et
1661 3020 1812 3086 pater
1850 3017 2047 3070 domini
2083 3017 2251 3070 nostri

304 3110 420 3165 Iesu
447 3110 658 3179 Christi,
697 3114 772 3179 ut,
815 3111 859 3162 si
896 3111 951 3163 in
991 3126 1205 3180 corpore
1236 3111 1411 3165 dilecti
1436 3111 1531 3165 filii
1571 3113 1652 3165 sui
1689 3112 2042 3166 membrorum
2082 3112 2250 3181 digni-

303 3210 467 3261 tatem
507 3206 741 3260 obtinere
778 3207 1034 3276 cupimuS,
1076 3207 1139 3259 ad
1178 3207 1401 3261 invicem
1436 3208 1593 3261 etiam
1618 3208 1864 3261 fraternis
1892 3207 2159 3262 affectibus
2199 3213 2251 3263 et

305 3301 487 3357 officiis
525 3303 699 3356 intimi
739 3303 929 3355 amoris
969 3303 1190 3356 connexi
1229 3304 1406 3356 simus.
1464 3303 1621 3371 Agite
1661 3321 1800 3372 erg0,
1840 3307 1900 3356 ut
1932 3307 2108 3357 vestra
2142 3304 2248 3357 fra-

303 3399 522 3452 ternitas
570 3398 723 3467 ergad
760 3398 897 3451 hunc
942 3398 1159 3452 fratrem
1209 3402 1261 3451 et
1307 3398 1579 3452 ecclesiam
1618 3399 1718 3452 sibi
1756 3399 2090 3453 commissam
2127 3399 2247 3454 talis

306 3495 520 3548 existat:
563 3499 817 3564 quatenus
858 3498 909 3548 et
937 3494 1077 3565 apud
1102 3494 1272 3548 Deum
1304 3495 1714 3564 omnipotentem
1750 3512 1847 3565 pro
1885 3498 2090 3549 vestrae
2128 3496 2247 3550 bea-

419 3652 452 3678 α.
478 3652 548 3678 usu
577 3657 607 3678 c.
736 3642 773 3679 b.
808 3643 979 3680 ornatum
1008 3642 1106 3686 cod„
1134 3641 1348 3679 ordinatum
1374 3642 1410 3678 2.
1541 3653 1572 3678 ο.
1608 3655 1675 3678 om.
1701 3642 1736 3679 2.
1866 3641 1902 3679 d.
1939 3653 2028 3689 erga
2053 3657 2123 3680 om.
2148 3644 2247 3688 cod„

307 3706 448 3743 addidi
471 3721 518 3743 ex
545 3709 579 3743 2.

2312 409 2427 453 1076

2282 468 2385 517 Sept.
2405 471 2453 507 27
