2730 4198
546 298 656 351 560
909 313 1183 351 GREGORII
1221 314 1298 349 vn
1335 313 1641 350 EPISTOLAE
1682 312 2024 350 OOLLEOTAE.
2056 313 2117 350 32.

400 432 516 475 1079
546 432 652 481 10111
690 433 834 482 1110111
870 429 1088 497 vigilare
1127 431 1332 497 oportet
1370 431 1422 480 et
1460 442 1641 480 curare
1679 443 1889 481 necesse
1929 432 2034 496 est,
2080 427 2350 496 religiosos
2386 427 2484 482 tibi

545 524 684 577 viros
723 524 967 578 adhibere
1006 528 1057 576 et
1093 524 1168 576 ita
1206 523 1470 592 praefatos
1511 539 1576 575 ex
1612 527 1763 592 parte
1799 527 1980 576 nostra
2017 540 2172 593 super
2209 523 2484 577 concordia

546 620 836 672 convenire.
894 619 1132 687 Denique
1172 618 1482 686 quicumque
1519 617 1731 670 illorum
1769 618 2000 672 iustitiae
2040 617 2325 672 secundum
2361 633 2483 673 con-

546 714 664 767 silia
690 719 864 768 vestra
887 731 992 767 non
1020 714 1359 782 adquieverit,
1399 713 1530 766 nulli
1557 713 1625 765 sit
1651 712 1969 782 ambiguum,
2001 713 2139 782 quod
2163 730 2257 766 nos
2284 713 2341 766 111
2368 729 2485 766 011111

545 810 789 878 graviter,
830 810 997 862 omnis
1036 826 1290 879 personae
1318 809 1615 878 acceptione
1641 809 1951 877 postposita,
1992 808 2446 870 commovebimur.

694 904 826 968 Quia
861 922 983 958 vero
1021 905 1078 958 111
1114 904 1351 975 partibus
1385 903 1767 974 praeordinatis
1795 903 2071 957 concilium
2097 902 2356 956 celebrare
2381 919 2487 956 non

547 1001 789 1071 potuistis
815 1000 1029 1068 utiliter,
1059 1004 1356 1070 competens
1386 1000 1718 1068 arbitramur,
1745 1003 1804 1052 ut
1825 1003 2006 1069 aptum
2024 999 2196 1052 locum
2218 998 2488 1066 diligentia

547 1101 722 1149 vestra
756 1095 1015 1163 inveniat,
1057 1095 1146 1148 ubi
1184 1095 1382 1165 synodo
1423 1100 1737 1163 congregata
1771 1094 2043 1148 Remensis
2083 1089 2488 1163 archiepiscopi¹

547 1207 704 1244 causa
742 1191 1018 1258 diligenter
1057 1190 1398 1243 examinetur.
1474 1190 1546 1243 Et
1584 1191 1818 1259 quidem,
1866 1191 1910 1243 si
1947 1189 2123 1242 idonei
2162 1193 2486 1243 accusatores

548 1290 600 1339 et
623 1290 782 1339 testes
808 1285 1008 1339 inventi
1032 1286 1242 1353 fuerint,
1283 1285 1421 1354 quod
1448 1286 1670 1339 obicitur
1696 1286 1760 1354 ei,
1801 1285 2045 1338 canonice
2072 1285 2486 1354 comprobanteS,

548 1398 705 1450 quam
742 1380 942 1433 iustitia
980 1380 1270 1447 dictaverit,
1312 1382 1624 1435 sententiam
1664 1382 1787 1434 dare
1827 1381 2021 1450 absque
2059 1380 2370 1434 hesitatione
2394 1396 2487 1435 vos

546 1476 799 1528 volumus.
868 1474 1119 1543 Alioquin
1158 1475 1203 1526 si
1241 1475 1372 1528 tales
1410 1493 1666 1545 personae
1703 1477 1914 1545 fuerint,
1955 1493 2086 1545 quae
2125 1476 2289 1545 recipi
2325 1475 2488 1528 ratio-

545 1570 790 1623 nabiliter
835 1574 1096 1638 nequeant
1134 1599 1203 1605 —
1246 1571 1489 1638 quoniam
1535 1572 1704 1641 turpis
1752 1571 1816 1624 de
1866 1589 1925 1624 eo
1975 1572 2116 1625 fama
2167 1588 2272 1625 non
2320 1572 2488 1625 solum

501 1688 506 1690 ·
547 1664 772 1718 Galliam
817 1682 1002 1718 verum
1050 1665 1209 1718 etiam
1253 1665 1362 1718 fere
1408 1670 1574 1719 totam
1621 1666 1845 1736 replevit
1891 1666 2096 1720 Italiam
2136 1697 2204 1704 ——
2246 1684 2340 1721 sex
2378 1667 2488 1737 epi-

546 1761 742 1830 scopiS,
802 1777 1022 1829 quorum
1067 1761 1178 1814 vita
1224 1777 1330 1813 non
1376 1765 1586 1814 notetur
1632 1761 1878 1829 infamia,
1940 1763 2222 1832 assumptis
2271 1763 2394 1831 sibi,
2427 1763 2490 1815 si

546 1860 735 1926 potest,
776 1860 988 1909 excuset
1025 1873 1097 1924 se,
1138 1861 1190 1909 et
1228 1857 1302 1909 sic
1340 1861 1593 1926 purgatus
1633 1873 1750 1910 cum
1789 1873 1918 1927 pace
1955 1857 2011 1910 in
2050 1857 2268 1911 ecclesia
2305 1873 2402 1911 sua
2438 1862 2490 1911 et

545 1952 760 2022 propria
798 1952 1050 2019 dignitate
1088 1956 1373 2005 remaneat.

693 2046 938 2101 Preterea
977 2065 1095 2100 eum
1108 2045 1142 2116 ²,
1185 2063 1340 2115 quem
1377 2063 1472 2116 per
1511 2046 1799 2100 secularem
1838 2051 2171 2118 potestatem,
2211 2048 2267 2101 id
2304 2052 2384 2102 est
2407 2065 2491 2102 re-

546 2144 684 2211 giam
724 2143 1106 2211 investituram,
1149 2142 1547 2197 Cabilonensem
1587 2143 1859 2196 ecclesiam
1889 2144 2112 2197 intrasse
2140 2142 2489 2212 significastiS,
2549 2130 2551 2132 ³

547 2240 610 2293 ab
652 2239 794 2293 omni
831 2239 1084 2306 regimine
1124 2243 1176 2292 et
1215 2256 1306 2308 spe
1345 2239 1510 2308 ipsius
1551 2238 1828 2291 aecclesiae
1858 2239 2086 2292 alienum
2113 2256 2242 2307 esse,
2283 2243 2490 2309 aposto-

543 2335 646 2388 lica
696 2335 1003 2387 auctoritate
1052 2334 1392 2387 decernimus
1471 2333 1667 2395 Quodsi
1714 2337 1834 2402 post
1881 2334 2034 2386 huius
2081 2338 2291 2387 nostrae
2327 2333 2490 2387 inter-

547 2431 787 2483 dictionis
838 2430 1153 2483 sententiam
1202 2430 1268 2482 ad
1311 2428 1464 2481 huius
1503 2428 1772 2495 regiminis
1813 2428 2122 2495 dignitatem
2161 2429 2488 2499 aspiraverit,

547 2526 672 2595 quid
709 2525 849 2579 beati
873 2524 1018 2577 Petri
1055 2524 1256 2592 gladius
1297 2523 1483 2591 valeat,
1525 2523 1637 2576 sine
1668 2523 1822 2577 dubio
1854 2525 2168 2593 experietur,
2209 2528 2262 2577 et
2285 2525 2342 2576 in
2366 2541 2487 2594 per-

546 2625 760 2690 petuum
819 2620 965 2672 nulla
1022 2620 1122 2673 sibi
1181 2619 1550 2672 aecclesiastici
1597 2619 1869 2686 regiminis
1919 2619 2108 2672 fiducia
2151 2619 2488 2688 relinquetur.

547 2715 634 2768 Ad
673 2715 1120 2785 comprimendum
1158 2715 1317 2768 etiam
1355 2714 1638 2767 multorum
1678 2718 1892 2768 conatus
1930 2715 2157 2782 illicitOS,
2205 2715 2294 2783 qui
2332 2714 2492 2770 obsti-

547 2811 685 2864 natis
736 2811 924 2864 animis
970 2828 1077 2863 non
1122 2811 1311 2864 timent
1347 2810 1519 2863 Deum
1563 2813 1878 2880 postponere
1917 2815 1969 2864 et
2007 2810 2303 2881 superbiam
2336 2827 2492 2863 ¹suam

548 2906 826 2977 propalare
867 2936 933 2945 -—
977 2906 1240 2960 diabolum
1277 2906 1569 2973 imitanteS,
1624 2906 1738 2974 qui,
1780 2923 1884 2958 non
1923 2910 2194 2960 contentus
2234 2905 2333 2959 sibi
2369 2921 2491 2958 con-

550 3003 734 3071 000010,
788 3002 913 3055 dum
960 3001 1142 3054 illicite
1189 3001 1375 3054 nititur
1426 3002 1492 3054 ad
1540 3001 1751 3070 altiora,
1804 3007 1856 3055 et
1903 3001 2041 3070 quod
2086 3000 2310 3054 habebat
2355 3000 2491 3053 iuste

550 3099 727 3151 amisit
764 3128 833 3135 -
867 3097 1135 3151 volumus:
1175 3114 1268 3151 vos
1306 3097 1363 3150 in
1402 3098 1641 3151 omnibus
1681 3097 1913 3151 conciliis
1951 3097 2138 3151 vestris
2176 3097 2288 3150 vice
2311 3099 2494 3150 nostra

551 3211 729 3247 omnes
769 3193 885 3246 illos
926 3193 1392 3262 excommunicare,
1434 3194 1744 3262 quicumque
1784 3193 2096 3263 apostolicae
2122 3192 2259 3245 sedis
2286 3193 2491 3246 decreto

551 3306 708 3359 super
745 3289 844 3342 hac
881 3305 939 3341 re
979 3288 1299 3358 synodaliter
1339 3289 1620 3342 constituto
1662 3289 1871 3342 obviare
1909 3288 2320 3359 praesumpserit
2351 3292 2405 3342 01
2429 3288 2493 3342 (10

549 3401 711 3437 11101111
751 3384 968 3437 alicuius
997 3383 1135 3453 layci
1159 3384 1528 3438 investituram
1555 3385 1923 3438 aecclesiarum
1950 3383 2258 3452 susceperit3
2297 3387 2371 3451 ut,
2410 3383 2493 3437 his

552 3479 726 3533 saltim
765 3480 1051 3533 terroribus
1092 3497 1124 3532 a
1162 3496 1255 3550 spe
1295 3481 1593 3534 ambitionis
1634 3497 1758 3534 suae
1794 3479 2011 3546 reducti,
2050 3495 2155 3530 non
2193 3478 2401 3532 aliunde
2436 3482 2496 3532 ut

549 3573 690 3627 fures
730 3579 782 3628 et
817 3574 1044 3628 latrones
1086 3575 1153 3628 ad
1191 3576 1324 3629 ovile
1364 3576 1681 3629 dominicum
1721 3574 2017 3642 ascendant,
2059 3574 2148 3626 sed
2189 3591 2253 3627 ex
2291 3574 2495 3627 habita-

672 3682 710 3724 1.
742 3682 963 3726 Manassis
994 3683 1029 3727 1.
1180 3685 1221 3727 2.
1253 3684 1552 3740 Frotgerium.
