2730 4198
544 274 652 328 528
924 289 1198 327 GREGORII
1234 290 1314 325 VII
1348 288 1657 326 EPISTOLAF:
1695 288 2037 327 COLLECTAE.
2069 290 2103 326 8.

549 406 605 463 8.
658 406 892 460 Ottonem
933 406 970 458 I
1001 410 1297 476 episcopum
1336 404 1772 458 Constantiensem
1810 407 1882 458 ad
1919 408 2176 476 synodum
2213 415 2403 460 vocat’.

401 519 517 563 1074
693 515 973 583 Gregorius
1012 514 1316 584 episcopusb
1355 531 1534 568 servus
1575 531 1843 568 servorum
1868 514 1968 568 Dei
1995 512 2203 569 Ottoni¹
2229 515 2482 570 Constan-

414 579 504 616 Dec'
546 611 701 666 tiensi
741 612 983 681 episcopo
1024 610 1243 663 salutem
1283 615 1335 663 et
1373 610 1711 680 apostolicam
1750 611 2176 665 benedictionem.

694 707 960 760 Perlatum
1000 711 1079 759 est
1118 706 1183 758 ad
1220 722 1315 759 nos
1356 706 1418 758 de
1456 706 1785 759 fraternitate
1824 710 1930 774 tua,
1971 707 2108 775 quod
2135 707 2262 760 satis
2286 707 2482 760 invitus

549 808 601 858 et
634 807 829 856 mestus
858 802 1049 870 audivi,
1091 801 1346 870 quodque,
1387 802 1431 854 si
1470 801 1552 854 vel
1592 801 1654 854 de
1693 806 1924 854 extremo
1965 801 2276 855 christianae
2314 801 2481 872 plebis

547 900 761 953 menbro
790 899 854 952 ad
882 898 1196 951 audientiam
1223 901 1457 950 nostram
1485 897 1789 964 deferretur,
1818 898 2102 950 severiore⁰
2124 897 2483 951 districtioris‘¹

548 994 852 1064 disciplinae
891 1010 1110 1047 censura
1148 997 1284 1046 esset
1321 993 1502 1062 procul
1540 993 1694 1046 dubio
1734 993 2109 1060 castigandum.
2169 992 2299 1046 Cum
2327 994 2482 1061 enim,

549 1089 834 1160 apostolica
883 1089 1189 1142 auctoritate
1239 1093 1290 1141 et
1327 1088 1569 1141 veridicis
1619 1093 1917 1142 sanctorum
1965 1092 2175 1158 patrum
2214 1089 2483 1141 sententiis

546 1185 765 1252 incitati,
805 1185 868 1237 ad
909 1184 1279 1237 eliminandam
1318 1185 1669 1254 symoniacam
1709 1185 1932 1238 heresim
1974 1188 2026 1237 et
2062 1184 2484 1254 praecipiendam

549 1281 854 1335 clericorum
892 1280 1185 1332 castitatem
1232 1297 1328 1349 pro
1374 1281 1542 1334 nostri
1589 1281 1745 1334 officii
1794 1281 1965 1334 debito
2006 1280 2321 1348 exarsimuS,
2372 1277 2484 1332 Mo—

548 1376 761 1444 gontino
800 1374 1084 1428 venerabili
1123 1373 1539 1445 archiepiscopo²
1578 1378 1827 1430 confratri
1867 1380 2062 1444 nostr0,
2103 1376 2185 1429 cui
2222 1375 2398 1446 plures
2433 1379 2486 1429 et

546 1470 652 1524 late
691 1470 915 1539 dispersi
942 1469 1257 1537 suffraganei
1283 1474 1419 1536 sunt,
1449 1471 1546 1524 hoc
1572 1472 1895 1527 obedientiae
1922 1490 2109 1526 munus
2135 1471 2482 1524 iniunximus:

547 1570 606 1619 ut
642 1569 752 1618 tam
790 1582 884 1634 per
922 1582 978 1618 se
1017 1581 1173 1633 quam
1210 1582 1305 1634 per
1331 1566 1654 1620 coadiutores
1682 1586 1801 1622 suos
1828 1569 1925 1622 hoc
1950 1569 2212 1622 Romanae
2239 1567 2485 1620 ecclesiae

549 1662 816 1714 decretum
871 1660 1115 1713 universo
1174 1659 1311 1713 clero
1360 1662 1640 1715 studiosius
1689 1664 1973 1718 inculcaret
2020 1669 2071 1716 et
2116 1662 2486 1716 inviolabiliter

546 1757 830 1811 tenendum
869 1759 1198 1826 proponeret.
1270 1756 1387 1809 Tibi
1426 1773 1652 1826 quoque,
1702 1759 1784 1811 cui
1823 1763 1902 1812 est
1938 1759 2192 1828 plurimus
2233 1757 2486 1811 Constan—

547 1853 730 1907 tiensis
770 1852 1045 1906 ecclesiae⁰
1074 1851 1242 1905 clerus
1276 1856 1327 1905 et
1352 1852 1575 1921 populus
1604 1854 1925 1923 amplissime
1952 1854 2214 1922 dilatatuS,
2255 1853 2320 1906 ob
2347 1869 2487 1906 eam-

548 1949 667 2003 dem
714 1965 923 2002 causam
971 1948 1221 2018 speciales
1259 1945 1489 2002 litteras3
1529 1949 1753 2018 cudere‘,
1803 1950 1945 2004 bulla
1986 1953 2166 2002 nostra
2202 1950 2485 2019 inpressaS,

548 2045 805 2111 collibuit3
847 2051 1098 2113 quarumg
1135 2043 1296 2096 fultus
1337 2045 1668 2112 auctoritate,
1709 2046 1872 2099 tutius
1913 2045 2298 2113 animosiusque
2335 2060 2487 2114 prae-

549 2141 714 2211 ceptis
763 2141 957 2194 nostris
1009 2140 1397 2210 obtemperares
1446 2145 1497 2193 et
1545 2141 1607 2194 de
1658 2143 1954 2195 sanctuario
2001 2141 2217 2195 Domini
2260 2140 2486 2194 heresim

549 2238 903 2307 symoniacam
943 2239 994 2289 et
1030 2236 1203 2289 fedam
1241 2236 1550 2289 libidinosae
1590 2238 1911 2305 contagionis
1944 2237 2284 2307 pollutionem
2311 2234 2487 2304 expel-

548 2333 698 2386 leres,
758 2332 1063 2402 Apostolica
1101 2348 1324 2400 namque
1363 2332 1502 2385 beati
1528 2331 1677 2384 Pauli
1715 2333 2004 2402 praepollet
2029 2331 2325 2398 auctoritaS,
2366 2347 2484 2399 qua,

548 2429 887 2481 fornicatores
939 2431 992 2480 et
1039 2427 1300 2480 adulteros
1348 2444 1464 2480 cum
1513 2429 1695 2481 ceteris
1746 2427 2042 2482 sceleratish
2090 2442 2484 2493 connumeranS,

548 2523 826 2577 diffinitam
878 2540 1001 2576 suae
1047 2523 1293 2576 iussionis
1342 2524 1650 2576 sententiam
1693 2524 1902 2577 subicit:
1956 2544 2070 2576 cum
2109 2525 2362 2576 eiusmodi
2395 2540 2488 2574 nec

550 2621 718 2673 cibum
756 2619 1017 2672 sumere¹4.
1097 2618 1345 2672 Preterea
1390 2620 1662 2673 universus
1703 2620 1985 2673 catholicae
2026 2618 2272 2672 ecclesiae
2311 2621 2487 2670 coetus

549 2720 639 2769 aut
674 2715 903 2783 virgines
945 2718 1066 2768 sunt
1105 2719 1195 2768 aut
1232 2715 1556 2768 continentes
1585 2720 1673 2769 aut
1699 2717 1959 2783 coniuges
2020 2714 2340 2782 Quicumque
2365 2729 2485 2780 ergo

548 2819 698 2865 extra
734 2811 828 2864 hos
866 2815 972 2864 tres
1013 2810 1221 2864 ordines
1259 2811 1535 2880 reperitur,
1575 2812 1713 2865 inter
1750 2811 1884 2864 filios
1912 2810 2158 2864 ecclesiae
2185 2810 2293 2862 sive
2317 2807 2486 2861 intrak

548 2907 862 2960 christianae
899 2907 1164 2974 religionis
1202 2906 1416 2960 limites¹
1450 2924 1555 2959 non
1593 2911 1913 2961 numeratur.
1972 2906 2122 2959 Unde
2160 2909 2211 2958 et
2247 2920 2342 2957 nos
2354 2911 2401 2972 ¹¹¹,
2441 2904 2486 2956 si

547 3002 631 3056 vel
669 3007 958 3057 extremum
985 3002 1176 3056 laicum
1200 3002 1467 3072 pellicatui
1494 3002 1826 3056 adherentem
1851 3002 2048 3072 liquido
2077 2999 2485 3068 cognoverimus,

547 3099 685 3153 hunc
724 3099 867 3153 velut
904 3099 1198 3169 praecisum
1239 3116 1270 3152 a
1296 3115 1511 3169 corpore
1539 3100 1796 3153 dominico
1822 3099 2112 3165 menbrum,
2153 3097 2314 3149 donec
2339 3095 2488 3164 peni-

664 3213 697 3240 8.
731 3205 887 3252 Legitur
912 3203 1004 3239 haec
1032 3203 1192 3250 epistola
1222 3199 1258 3248 1)
1280 3216 1341 3249 ap.
1357 3205 1550 3252 Hugonem
1579 3203 1912 3247 Flaviniacensem,
1942 3205 2043 3239 Mon.
2060 3199 2257 3238 Germ.SS.
2282 3198 2379 3235 VIII
2399 3198 2487 3243 426,

549 3267 586 3315 2)
624 3271 661 3305 in
694 3270 816 3305 Pauli
847 3269 1121 3305 Bernriedensis
1155 3269 1234 3304 vita
1270 3269 1378 3318 Greg.
1405 3270 1442 3306 V
1441 3272 1480 3306 II
1506 3284 1536 3306 c.
1561 3270 1623 3315 37,
1661 3284 1722 3316 ap.
1750 3270 1957 3306 Watlen‘ch
1985 3269 2093 3303 Pont.
2121 3268 2226 3301 Rom.
2253 3265 2323 3301 Vit.
2354 3266 2373 3300 I
2397 3264 2487 3309 490,

549 3332 586 3381 3)
616 3336 653 3371 in
681 3335 858 3371 Udalrici
882 3334 1112 3384 Babenberg.
1142 3334 1225 3371 cod.
1256 3348 1317 3381 ap.
1340 3335 1493 3370 Eccard
1521 3337 1629 3382 Corp.
1654 3335 1736 3372 hist.
1768 3337 1809 3371 II
1835 3334 1921 3370 141.
2057 3330 2094 3367 b.
2120 3328 2188 3365 VII
2217 3329 2259 3373 13
2288 3327 2487 3376 episcopus

549 3413 618 3437 om.
634 3402 669 3436 2.
801 3411 833 3436 c.
861 3399 1062 3437 severioris
1091 3401 1126 3436 1.
1259 3400 1294 3436 d.
1323 3399 1571 3436 districtionis
1601 3401 1642 3444 1,
1678 3399 1924 3436 districtionis
1953 3399 1990 3434 et
2017 3398 2052 3432 3.
2183 3405 2214 3430 e.
2243 3394 2426 3441 episcopii
2452 3394 2488 3431 2.

547 3464 574 3502 f.
602 3465 754 3502 credere
782 3467 818 3503 1.
935 3476 970 3512 g.
999 3465 1100 3514 quali
1127 3466 1163 3502 1.
1278 3464 1317 3502 h.
1346 3466 1674 3503 excommunicatis
1702 3466 1737 3502 1.
1848 3465 1874 3500 i.
1902 3473 2035 3510 capere
2064 3462 2099 3498 2.
2118 3462 2154 3497 3.
2262 3459 2300 3497 k.
2327 3460 2427 3497 inter
2452 3460 2489 3497 1.

548 3529 574 3567 1.
600 3531 780 3568 terminos
809 3532 844 3569 3.
948 3542 999 3568 m.
1027 3532 1065 3568 et
1089 3542 1161 3568 nos
1188 3545 1257 3568 om.
1281 3532 1317 3568 1.

667 3596 709 3638 1.
754 3594 790 3639 Ι.
987 3595 1028 3639 2.
1077 3594 1302 3653 Sigefrido
1341 3596 1376 3641 Ι.
1428 3595 1484 3640 V.
1524 3607 1662 3652 supra
1699 3607 1742 3650 p.
1764 3592 1865 3637 523.
2057 3590 2099 3634 3.
2145 3602 2283 3646 supra
2319 3603 2364 3646 p.
2385 3589 2486 3634 525.

548 3666 591 3710 4.
632 3668 656 3710 1
689 3666 888 3711 Corinth.
920 3669 962 3723 5,
995 3669 1064 3711 11.
