2722 4172
822 325 1095 365 GREGoRn
1131 307 1224 364 vn'
1246 327 1510 366 REGISTRI
1545 329 1567 365 1
1593 327 1654 364 35.
2138 312 2208 367 53

275 435 299 496 I
335 439 434 497 35.
479 443 700 496 Roolino
742 447 980 517 episcopo
1021 445 1349 499 Cabilonensi
1383 447 1577 512 scribit,
1623 445 1936 516 Philippum
1974 444 2014 497 I
2042 463 2211 515 reyem

468 542 797 610 promisisse,
851 543 914 595 ab
965 544 1320 613 opprimendis
1369 543 1590 595 ecclesiis
1638 561 1690 594 se
1734 543 2041 595 destiturum
2088 560 2206 594 esse.

477 634 640 702 Quem
680 641 879 691 moneri
915 640 1066 704 iubet,
1108 651 1167 692 ut
1191 639 1515 691 Laudi-ioum
1542 639 1752 691 electum
1777 638 2211 691 Matisconensem

468 736 637 802 yratis
689 736 931 788 ordinari
974 737 1231 788 concedat.
1317 735 1476 804 Reqi,
1524 737 1633 786 nisi
1676 737 1952 787 simoniam
1998 734 2206 800 abiciat,

471 829 726 912 Francos,
745 832 950 902 affectos
989 832 1309 885 anathemate
1345 849 1451 883 non
1490 831 1798 884 obedituros.

418 938 697 1009 Gregorius
746 943 1018 1012 episcopus
1067 958 1247 995 servus
1287 957 1557 994 servorum
1594 940 1694 994 Dei
1731 939 1943 995 Roclino
1983 939 2208 995 Cabillo-

268 1037 417 1090 nensi
455 1037 696 1109 episcopo
736 1038 957 1093 salutem
996 1042 1047 1091 et
1084 1037 1424 1108 apostolicam
1461 1036 1889 1091 benedictionem.

414 1133 554 1187 Inter
593 1139 789 1188 ceteros
827 1135 992 1188 nostri
1029 1134 1182 1187 huius
1221 1134 1470 1204 temporis
1495 1133 1775 1204 principeS,
1817 1133 1905 1202 qui
1937 1132 2207 1187 ecclesiam

267 1229 366 1282 Dei
402 1246 649 1300 perversa
674 1231 956 1301 cupiditate
983 1229 1328 1284 venundando
1356 1229 1677 1300 dissiparunt
1712 1233 1764 1282 et
1788 1234 2011 1283 matrem
2039 1247 2204 1299 suam,

267 1325 349 1379 cui
387 1342 452 1379 ex
490 1326 746 1380 dominico
794 1331 1073 1397 praecepto
1123 1327 1374 1380 honorem
1422 1331 1474 1380 et
1517 1326 1865 1380 reverentiam
1904 1326 2204 1396 debuerant,

267 1421 500 1476 ancillari
527 1422 842 1476 subiectione
860 1425 1069 1493 penitus
1092 1423 1474 1491 conculcarunt,
1497 1422 1797 1494 Philippum
1814 1419 1828 1443 ¹
1846 1439 2023 1490 regem
2042 1422 2206 1476 Fran-

263 1533 443 1571 corum
483 1517 777 1572 Gallicanas
817 1519 1059 1573 ecclesias
1097 1521 1152 1573 in
1190 1524 1395 1574 tantum
1431 1519 1753 1590 oppressisse
1788 1523 1931 1572 certa
1954 1519 2207 1574 relatione

263 1613 555 1683 didicimuS,
595 1620 654 1669 ut
692 1615 758 1669 ad
797 1633 1059 1670 summum
1095 1620 1206 1669 tam
1244 1615 1537 1669 detestandi
1574 1615 1727 1669 huius
1754 1615 1999 1669 facinoris
2027 1632 2205 1669 cumu-

261 1710 370 1764 lum
407 1713 705 1782 pervenisse
743 1713 996 1767 videatur.
1058 1712 1223 1777 Quam
1261 1729 1374 1765 rem
1411 1712 1474 1766 de
1499 1729 1659 1780 regno
1686 1712 1774 1765 illo
1801 1717 1946 1766 tanto
1972 1711 2203 1782 profecto

260 1806 473 1861 tulimus
512 1809 807 1877 molestiUS,
859 1813 1051 1878 quanto
1104 1813 1156 1863 et
1202 1809 1482 1879 prudentia
1529 1813 1581 1862 et
1627 1809 1879 1876 religione
1918 1812 1970 1862 et
2006 1808 2203 1862 viribus

259 1905 492 1958 noscitur
530 1905 691 1959 fuisse
727 1906 991 1975 potentius
1033 1909 1084 1959 et
1123 1923 1244 1974 erga
1280 1904 1571 1958 Romanam
1611 1904 1881 1958 ecclesiam
1919 1904 2082 1958 multo
2115 1905 2202 1959 de-

260 2001 447 2055 votius
505 2001 576 2055 Et
613 2019 708 2054 nos
749 2002 958 2071 quidem
997 2007 1106 2056 tam
1145 2001 1400 2071 generalis
1439 2005 1649 2055 nostrae
1689 2018 1813 2055 cura
1839 2001 2201 2055 sollicitudinis

260 2114 416 2166 quam
453 2098 688 2168 ipsarum
727 2098 1007 2152 destructio
1049 2099 1384 2153 ecclesiarum
1421 2098 1755 2151 vehementer
1785 2098 2105 2168 accenderat,
2143 2102 2203 2152 ut

257 2193 313 2246 in
349 2197 459 2247 tam
487 2194 706 2248 audaces
734 2199 943 2248 sanctae
968 2195 1235 2263 religionis
1263 2211 1504 2248 excessus
1533 2195 1762 2248 severius
1790 2194 2202 2249 animadvertere

257 2289 576 2344 deberemus.
640 2290 742 2344 Sed
781 2292 1024 2361 quoniam
1065 2291 1315 2344 anteactis
1354 2291 1535 2345 diebus
1571 2309 1666 2362 per
1692 2291 2005 2345 familiarem
2031 2308 2200 2362 suum,

257 2386 629 2440 cubicularium
666 2387 908 2442 videlicet
945 2388 1264 2456 Albericum,
1312 2388 1378 2440 ad
1415 2388 1581 2441 nostri
1621 2405 1894 2442 censuram
1931 2387 2111 2441 iudicii
2148 2391 2201 2442 et

258 2482 420 2535 vitam
467 2484 724 2552 corrigere
775 2488 826 2538 et
873 2484 1115 2538 ecclesias
1167 2485 1407 2538 ordinare
1455 2483 1675 2538 firmiter
1722 2484 1872 2538 nobis
1910 2485 2197 2555 respondit,

256 2578 482 2645 rigorem
520 2582 825 2635 canonicum
861 2582 1074 2635 interim
1113 2598 1323 2634 exerere
1362 2580 1673 2635 distulimus
1734 2580 1901 2634 Huius
1929 2598 2050 2649 ergo
2076 2599 2199 2653 pro-

257 2674 519 2728 missionis
555 2675 710 2730 fidem
747 2678 803 2731 in
841 2677 1210 2731 Matisconensi
1249 2678 1490 2746 ecclesia,
1538 2678 1763 2748 pastoris
1810 2678 2064 2746 regimine
2109 2679 2199 2732 diu

257 2770 490 2825 desolata
528 2776 580 2824 et
618 2773 684 2825 ad
719 2774 940 2827 nihilum
979 2792 1113 2844 pene
1151 2775 1386 2843 redacta,
1432 2775 1487 2827 in
1535 2774 1720 2844 primis
1759 2773 1999 2828 volumus
2041 2792 2196 2846 expe-

255 2867 372 2920 riri:
412 2871 472 2921 ut
509 2868 705 2923 scilicet
729 2869 1254 2938 Augustudunensem
1293 2871 1711 2924 archidiaconum
1724 2867 1758 2939 ²,
1797 2871 2035 2924 unanimi
2072 2871 2197 2926 cleri

256 2968 308 3016 et
351 2964 533 3034 populi
581 2981 857 3034 consensu,
906 2966 1071 3036 ipsius
1121 2967 1278 3021 etiam
1325 2972 1385 3021 ut
1434 2967 1727 3020 audivimus
1785 2968 1922 3035 regis
1981 2985 2195 3022 assensu

255 3059 491 3130 electum,
518 3061 847 3131 episcopatus
875 3062 1007 3115 dono
1035 3064 1197 3130 gratis
1225 3069 1284 3118 ut
1308 3064 1455 3117 decet
1480 3080 1739 3131 concesse,
1773 3063 2017 3117 ecclesiae
2042 3082 2194 3135 prae-

252 3155 337 3209 fici
374 3158 618 3227 patiatur.
686 3158 833 3221 Quod
872 3158 917 3211 si
953 3159 1124 3212 facere
1162 3160 1403 3228 noluerit,
1442 3160 1798 3213 indubitanter
1835 3161 2054 3229 noverit,
2097 3178 2192 3214 nos

251 3252 385 3306 hanc
442 3254 687 3308 ecclesiae
743 3256 948 3307 ruinam
1004 3271 1333 3324 nequaquam
1391 3256 1584 3309 diutius
1650 3255 1958 3308 toleraturos
2019 3260 2070 3309 et
2126 3274 2191 3311 ex

254 3350 560 3403 auctoritate
607 3351 879 3404 beatorum
928 3350 1282 3421 apostolorum
1319 3351 1463 3405 Petri
1511 3356 1563 3405 et
1598 3350 1750 3404 Pauli
1789 3351 1974 3410 duram
2011 3353 2190 3407 inobe-

252 3445 477 3499 dientiae
504 3449 882 3500 contumaciam
910 3447 1156 3500 canonica
1182 3449 1482 3501 austeritate
1514 3447 1878 3501 coherciturOS.
1938 3448 2074 3502 Nam
2102 3454 2192 3504 aut

250 3558 344 3595 rex
367 3542 495 3612 ipse,
535 3544 808 3613 repudiato
834 3545 975 3614 turpi
1004 3544 1331 3613 symoniacae
1359 3543 1555 3597 heresis
1584 3543 1936 3613 mercimoniO,
1974 3545 2188 3600 idoneas

253 3637 318 3690 ad
356 3655 557 3692 sacrum
584 3640 816 3707 regimen
842 3656 1091 3709 personas
1117 3640 1414 3709 promoveri
1437 3640 1721 3711 permittet,
1762 3645 1852 3697 aut
1875 3640 2064 3695 Franci
2091 3659 2186 3716 pro

369 3732 408 3775 1.
441 3732 476 3775 I.
625 3734 666 3776 2.
697 3732 981 3778 Landricum,

2246 947 2361 993 1073

2233 1007 2324 1047 Dee.
2347 1011 2373 1048 4
