2730 4198
662 283 937 322 GREGORII
973 285 1052 320 vn
1088 283 1396 321 EPISTOLAE
1436 282 1781 321 COLLECTAE.
1813 281 1873 317 14.
2134 266 2242 319 539

302 400 616 471 apostolicae
656 400 767 454 sedi
806 400 1155 454 obedientiam
1195 404 1246 454 et
1282 400 1549 468 honorem,
1593 416 1624 452 a
1661 398 1870 452 domino
1909 400 2087 450 nostro
2126 397 2244 450 Iesu
2276 403 2390 447 1075

299 495 506 551 Christo
545 513 864 565 concessum,
907 497 1162 565 abnegare
1202 495 1420 563 subegit.

448 591 575 646 Cum
616 593 777 660 igitur
814 593 1147 662 iniquitatem
1189 592 1297 644 eius
1339 590 1404 643 ad
1431 607 1691 643 summum
1717 589 1974 659 prodiisse
1999 588 2243 657 vidimus,

299 706 395 759 pro
434 689 516 742 his
544 689 714 742 causis
743 719 811 725 —
838 688 1082 742 videlicet
1118 687 1363 757 primum,
1404 685 1542 754 quod
1569 685 1633 738 ab
1661 702 1838 738 eorum
1866 684 2245 752 communione,

300 785 387 854 qui
427 801 523 855 pro
564 784 836 852 sacrilegio
887 789 938 837 et
984 788 1132 837 reatu
1181 781 1497 836 simoniacae
1540 780 1771 834 haeresis
1812 780 2248 834 excommunicati

300 885 447 950 sunt,
499 898 554 934 se
603 881 862 934 abstinere
909 880 1100 946 noluit3
1152 877 1337 931 deinde
1387 876 1524 945 quod
1570 893 1666 946 pro
1713 876 2005 930 criminosis
2047 877 2247 930 actibus

299 977 437 1030 vitae
477 994 600 1031 suae
641 976 1013 1047 poenitentiam
1060 991 1165 1027 non
1203 974 1318 1026 dico
1367 972 1630 1042 suscipere
1679 973 1771 1026 sed
1807 989 1904 1026 1166
1941 974 2249 1042 promittere

301 1073 480 1142 voluit,
507 1074 728 1126 mentita
755 1090 816 1126 ea
842 1070 1207 1142 poenitentia³,
1250 1085 1406 1138 quam
1431 1068 1486 1120 in
1513 1085 1698 1121 manus
1725 1067 2017 1135 legatorum
2045 1072 2249 1122 nostro-

299 1187 417 1222 rum
455 1169 794 1239 promiserat3
845 1183 942 1220 1166
989 1183 1095 1219 11011
1143 1165 1281 1234 quod
1320 1181 1507 1234 corpus
1547 1163 1745 1217 Christi
1782 1164 1838 1217 id
1877 1169 1957 1219 cst
1992 1166 2246 1219 unitatem

301 1270 511 1318 sanctae
552 1264 795 1318 ecclesiae
836 1262 1070 1316 scindere
1107 1279 1212 1314 non
1251 1261 1466 1331 expavit
1496 1289 1562 1296 ——
1594 1276 1689 1330 pro
1729 1260 1828 1329 his,
1868 1261 2100 1330 inquam,
2141 1261 2249 1314 cul-

299 1361 383 1431 pis
423 1360 660 1430 synodali
708 1359 898 1412 iudicio
950 1375 1067 1411 eum
1118 1356 1710 1423 excommunicavimus3
1759 1361 1842 1425 ut,
1893 1374 2047 1426 quem
2094 1358 2248 1412 mites

299 1473 405 1509 non
444 1456 733 1525 potuimuS,
780 1454 864 1507 vel
904 1454 1070 1507 severi
1111 1454 1177 1506 ad
1214 1454 1354 1507 viam
1404 1452 1586 1506 salutis
1625 1452 1736 1506 Deo
1784 1454 2063 1507 adiuvante
2100 1471 2250 1508 revo-

300 1567 418 1604 care
457 1551 750 1619 valeamUS,
793 1554 906 1618 aut,
950 1551 994 1603 si
1034 1550 1170 1619 quod
1210 1550 1347 1604 absit
1383 1550 1480 1604 neb
1508 1550 1844 1604 districtionis
1881 1550 2088 1618 quidem
2130 1567 2248 1604 cen-

298 1662 472 1704 suram
513 1647 858 1717 pertimuerit,
897 1651 1078 1700 nostra
1117 1646 1299 1700 saltem
1344 1648 1518 1700 anima
1556 1647 1903 1715 negligentiae
1931 1653 2020 1700 aut
2045 1647 2247 1701 timoris

296 1743 586 1797 discrimini
623 1761 727 1796 non
768 1742 1084 1797 succumbat.

447 1838 504 1892 Si
544 1839 658 1907 quis
707 1839 868 1907 igitur
915 1839 1049 1892 hanc
1098 1840 1409 1893 sententiam
1458 1840 1650 1892 iniuste
1688 1838 1771 1892 vel
1818 1838 2248 1893 irrationabiliter

298 1933 557 2004 prolatam
598 1951 710 1988 esse
747 1935 1027 2005 putaverit,
1068 1936 1112 1988 si
1152 1935 1272 1989 talis
1313 1939 1407 2003 est,
1447 1939 1506 1989 ut
1545 1936 1706 1988 sacris
1733 1935 1926 2003 regulis
1953 1935 2246 2004 intelligen-

299 2030 403 2084 tiae
442 2047 651 2084 sensum
690 2031 940 2100 praebere
978 2031 1121 2100 velit,
1161 2032 1430 2085 nobiscum
1470 2032 1620 2085 111116ο
1649 2035 1770 2099 agat
1804 2035 1855 2085 et
1883 2061 1940 2068 —-
1980 2049 2084 2085 non
2124 2033 2248 2101 quid

297 2142 409 2195 nOS,
431 2127 520 2179 sed
543 2126 697 2195 quidd
719 2127 895 2181 divina
916 2128 1197 2182 auctoritas
1225 2129 1422 2197 doceat,
1446 2128 1571 2198 quid
1597 2128 1854 2197 decernat,
1879 2128 2003 2198 quid
2023 2145 2250 2182 consona

296 2239 396 2274 vox
433 2227 730 2276 sanctorum
765 2228 974 2293 patrum
1011 2225 1248 2293 iudicete,
1287 2225 1550 2295 patienter
1586 2225 1801 2278 audiens
1832 2255 1900 2262 -
1937 2225 2244 2294 acquiescat.

295 2316 402 2370 Nos
442 2321 619 2371 tamen
657 2336 761 2372 non
790 2320 1143 2389 aestimamus,
1185 2337 1500 2390 quemquam
1525 2319 1757 2374 fidelium
1784 2321 1872 2390 qui
1900 2321 2250 2375 ecclesiastica

298 2417 495 2468 statuta
531 2414 735 2467 noverit
773 2415 871 2468 hoc
910 2431 1086 2469 errore
1124 2416 1308 2484 teneri,
1348 2420 1407 2470 ut
1443 2433 1549 2470 non
1587 2417 1702 2486 hoc,
1744 2417 1842 2471 etsi
1875 2417 2079 2487 publice
2108 2416 2248 2471 affir-

297 2526 442 2562 mare
479 2527 584 2563 non
623 2511 826 2580 audeat,
853 2511 938 2565 vel
974 2511 1030 2565 in
1069 2512 1223 2565 corde
1263 2529 1355 2565 suo
1396 2517 1537 2566 recte
1575 2513 1770 2567 factum
1811 2530 1923 2567 esse
1959 2514 2246 2584 perhibeat.

299 2603 648 2674 Quamquam,
701 2607 799 2660 etsi
846 2625 969 2676 nos,
1021 2608 1159 2677 quod
1197 2608 1340 2662 Deus
1390 2613 1619 2678 avertat,
1667 2627 1774 2663 non
1822 2611 1950 2664 satis
1999 2611 2146 2679 gravi
2185 2611 2247 2664 de

299 2716 457 2754 causa
506 2705 595 2754 aut
641 2702 813 2756 minus
863 2704 1099 2758 ordinate
1148 2722 1266 2758 eum
1311 2705 1610 2760 huiusmodi
1647 2706 1854 2759 vinculo
1892 2707 2246 2777 ligaverimus,

298 2796 433 2850 sicut
459 2798 624 2850 sancti
653 2802 828 2867 patres
856 2804 1112 2869 asserunt,
1133 2818 1236 2854 non
1264 2802 1456 2855 idcirco
1485 2803 1780 2872 spernenda
1806 2807 1944 2856 esset
1969 2804 2245 2872 sententia,

298 2891 388 2945 sed
427 2892 682 2947 absolutio
723 2911 838 2947 cum
879 2896 1021 2949 omni
1057 2896 1352 2951 humilitate
1392 2898 1703 2967 quaerenda.

443 2987 550 3042 Vos
599 2994 799 3058 autem,
849 2991 1198 3061 dilectissimi,
1249 2994 1338 3062 qui
1383 2994 1639 3048 iustitiam
1677 2994 1777 3048 Dei
1825 3011 1930 3048 non
1967 3012 2064 3065 pro
2101 2997 2248 3064 regia

295 3084 653 3153 indignatione
698 3102 795 3139 nec
842 3104 938 3157 pro
989 3088 1161 3158 aliquo
1209 3089 1438 3159 periculo
1489 3090 1726 3144 deserere
1774 3090 2039 3159 voluistiS,
2088 3092 2246 3146 fatui-

295 3184 457 3234 tatem
498 3198 694 3250 eorum,
736 3183 825 3252 qui
864 3183 927 3237 de
966 3185 1294 3238 execratione
1330 3189 1381 3239 et
1405 3187 1677 3240 mendacio
1705 3187 2153 3241 annuntiabuntur
2189 3188 2245 3242 in

297 3278 741 3332 consummatione
758 3275 786 3347 ¹,
825 3280 976 3350 parvi
996 3281 1312 3358 pendente&
1350 3281 1576 3335 viriliter
1614 3286 1748 3336 state
1789 3287 1840 3336 et
1879 3283 2245 3338 confortamini

295 3372 351 3425 in
388 3372 640 3441 Domin03
682 3375 931 3445 scienteS,
974 3377 1112 3446 quod
1147 3377 1289 3430 illius
1327 3381 1530 3447 partem
1572 3378 1864 3448 defenditis,
1906 3380 1995 3448 qui
2034 3380 2245 3451 insupe-

415 3531 448 3558 a.
474 3520 550 3558 fide
569 3523 605 3559 2.
700 3522 736 3560 b.
763 3534 834 3561 nec
853 3525 888 3561 2.
981 3534 1014 3561 c.
1039 3524 1129 3561 inde
1149 3538 1218 3561 om.
1235 3525 1271 3561 3.
1364 3523 1401 3561 d.
1430 3523 1522 3572 quid
1539 3539 1609 3562 om.
1625 3526 1660 3562 1.
1761 3537 1794 3562 e.
1821 3537 1913 3563 voce
1938 3546 1979 3552 -
2001 3527 2190 3565 iudicetur
2208 3529 2244 3565 3.

387 3613 390 3616 ·
415 3599 456 3643 1.
496 3599 569 3644 Ps.
591 3601 663 3657 58,
687 3602 756 3647 13.
779 3602 859 3647 14:
901 3603 989 3661 „Et
1017 3603 1075 3648 de
1106 3603 1393 3648 execratione
1433 3606 1480 3649 et
1514 3602 1750 3648 mendacio
1781 3604 2169 3652 annuntiabuntur
2197 3607 2244 3652 in

298 3673 682 3719 consummatione
696 3674 734 3719 “.

2281 1366 2394 1409 1076

2284 1426 2393 1463 Febr.
