<?xml version="1.0" encoding="UTF-8"?>
<!DOCTYPE html PUBLIC "-//W3C//DTD XHTML 1.0 Transitional//EN"
    "http://www.w3.org/TR/xhtml1/DTD/xhtml1-transitional.dtd">
<html xmlns="http://www.w3.org/1999/xhtml" xml:lang="en" lang="en">
 <head>
  <title>
</title>
<meta http-equiv="Content-Type" content="text/html;charset=utf-8" />
  <meta name='ocr-system' content='tesseract 3.04.00' />
  <meta name='ocr-capabilities' content='ocr_page ocr_carea ocr_par ocr_line ocrx_word'/>
</head>
<body>
  <div class='ocr_page' id='page_1' title='image "bibliothecarerum02wattuoft_0681.png"; bbox 0 0 2730 4198; ppageno 0'>
   <div class='ocr_carea' id='block_1_1' title="bbox 744 289 2205 344">
    <p class='ocr_par' dir='ltr' id='par_1_1' title="bbox 744 289 2205 344">
     <span class='ocr_line' id='line_1_1' title="bbox 744 289 2205 344; baseline 0 -2"><span class='ocrx_word' id='word_1_1' title='bbox 744 304 1092 343; x_wconf 67' lang='lat' dir='ltr'><strong>Bom‘rnoms</strong></span> <span class='ocrx_word' id='word_1_2' title='bbox 1130 306 1207 342; x_wconf 82' lang='lat' dir='ltr'><strong>AD</strong></span> <span class='ocrx_word' id='word_1_3' title='bbox 1246 304 1474 343; x_wconf 66' lang='lat' dir='ltr'><strong>Afflcmu</strong></span> <span class='ocrx_word' id='word_1_4' title='bbox 1510 305 1620 344; x_wconf 82' lang='lat' dir='ltr'><strong>Lm.</strong></span> <span class='ocrx_word' id='word_1_5' title='bbox 1647 303 1727 341; x_wconf 86' lang='lat' dir='ltr'><strong>vn</strong></span> <span class='ocrx_word' id='word_1_6' title='bbox 2098 289 2205 342; x_wconf 83' lang='lat'><strong>665</strong></span> 
     </span>
    </p>
   </div>
   <div class='ocr_carea' id='block_1_2' title="bbox 260 416 2398 3461">
    <p class='ocr_par' dir='ltr' id='par_1_2' title="bbox 262 416 2353 1250">
     <span class='ocr_line' id='line_1_2' title="bbox 263 416 2353 490; baseline -0.003 -17"><span class='ocrx_word' id='word_1_7' title='bbox 263 419 388 474; x_wconf 86' lang='lat' dir='ltr'><strong>litus</strong></span> <span class='ocrx_word' id='word_1_8' title='bbox 435 419 804 490; x_wconf 78' lang='lat' dir='ltr'><strong>investiturae,</strong></span> <span class='ocrx_word' id='word_1_9' title='bbox 856 416 1012 490; x_wconf 87' lang='lat' dir='ltr'><strong>quam</strong></span> <span class='ocrx_word' id='word_1_10' title='bbox 1060 425 1180 475; x_wconf 87' lang='lat' dir='ltr'><strong>ante</strong></span> <span class='ocrx_word' id='word_1_11' title='bbox 1219 420 1487 475; x_wconf 85' lang='lat' dir='ltr'><strong>Gotefrido</strong></span> <span class='ocrx_word' id='word_1_12' title='bbox 1527 419 1742 473; x_wconf 76' lang='lat' dir='ltr'><strong>dederat</strong></span> <span class='ocrx_word' id='word_1_13' title='bbox 1779 447 1850 456; x_wconf 91' lang='lat'><strong>—</strong></span> <span class='ocrx_word' id='word_1_14' title='bbox 1889 419 2040 488; x_wconf 90' lang='lat' dir='ltr'><strong>parvi</strong></span> <span class='ocrx_word' id='word_1_15' title='bbox 2077 437 2206 490; x_wconf 90' lang='lat' dir='ltr'><strong>pen·</strong></span> <span class='ocrx_word' id='word_1_16' title='bbox 2237 423 2353 468; x_wconf 82' lang='lat'>1075</span> 
     </span>
     <span class='ocr_line' id='line_1_3' title="bbox 265 511 2207 588; baseline -0.001 -20"><span class='ocrx_word' id='word_1_17' title='bbox 265 514 494 585; x_wconf 88' lang='lat' dir='ltr'><strong>densque</strong></span> <span class='ocrx_word' id='word_1_18' title='bbox 531 516 919 586; x_wconf 84' lang='lat' dir='ltr'><strong>iusiurandum,</strong></span> <span class='ocrx_word' id='word_1_19' title='bbox 969 518 1107 588; x_wconf 91' lang='lat' dir='ltr'><strong>quod</strong></span> <span class='ocrx_word' id='word_1_20' title='bbox 1143 517 1315 588; x_wconf 90' lang='lat' dir='ltr'><strong>Rapot</strong></span> <span class='ocrx_word' id='word_1_21' title='bbox 1351 533 1416 570; x_wconf 90' lang='lat' dir='ltr'><strong>ex</strong></span> <span class='ocrx_word' id='word_1_22' title='bbox 1455 532 1551 569; x_wconf 91' lang='lat' dir='ltr'><strong>sua</strong></span> <span class='ocrx_word' id='word_1_23' title='bbox 1587 518 1738 586; x_wconf 89' lang='lat' dir='ltr'><strong>parte</strong></span> <span class='ocrx_word' id='word_1_24' title='bbox 1773 511 2067 568; x_wconf 88' lang='lat' dir='ltr'><strong>iuraverat¹</strong></span> <span class='ocrx_word' id='word_1_25' title='bbox 2103 515 2207 568; x_wconf 91' lang='lat' dir='ltr'><strong>No-</strong></span> 
     </span>
     <span class='ocr_line' id='line_1_4' title="bbox 264 607 2208 683; baseline -0.001 -19"><span class='ocrx_word' id='word_1_26' title='bbox 264 611 441 665; x_wconf 87' lang='lat' dir='ltr'><strong>variae</strong></span> <span class='ocrx_word' id='word_1_27' title='bbox 480 611 674 665; x_wconf 90' lang='lat' dir='ltr'><strong>dudum</strong></span> <span class='ocrx_word' id='word_1_28' title='bbox 715 613 1000 683; x_wconf 91' lang='lat' dir='ltr'><strong>episcopis:</strong></span> <span class='ocrx_word' id='word_1_29' title='bbox 1054 613 1194 682; x_wconf 91' lang='lat' dir='ltr'><strong>„hoc</strong></span> <span class='ocrx_word' id='word_1_30' title='bbox 1232 629 1344 666; x_wconf 89' lang='lat' dir='ltr'><strong>esse</strong></span> <span class='ocrx_word' id='word_1_31' title='bbox 1382 611 1557 679; x_wconf 86' lang='lat' dir='ltr'><strong>regiae</strong></span> <span class='ocrx_word' id='word_1_32' title='bbox 1594 610 1904 678; x_wconf 79' lang='lat' dir='ltr'><strong>voluntatiS,</strong></span> <span class='ocrx_word' id='word_1_33' title='bbox 1953 613 2013 662; x_wconf 87' lang='lat' dir='ltr'><strong>ut</strong></span> <span class='ocrx_word' id='word_1_34' title='bbox 2051 607 2208 663; x_wconf 89' lang='lat' dir='ltr'><strong>Gote-</strong></span> 
     </span>
     <span class='ocr_line' id='line_1_5' title="bbox 263 704 2208 774; baseline -0.001 -15"><span class='ocrx_word' id='word_1_35' title='bbox 263 706 429 760; x_wconf 86' lang='lat' dir='ltr'><strong>fridus</strong></span> <span class='ocrx_word' id='word_1_36' title='bbox 468 706 902 761; x_wconf 87' lang='lat' dir='ltr'><strong>consecraretur“</strong></span> <span class='ocrx_word' id='word_1_37' title='bbox 932 738 1001 746; x_wconf 91' lang='lat'><em>-</em></span> <span class='ocrx_word' id='word_1_38' title='bbox 1041 725 1147 761; x_wconf 91' lang='lat' dir='ltr'><strong>non</strong></span> <span class='ocrx_word' id='word_1_39' title='bbox 1185 708 1351 761; x_wconf 91' lang='lat' dir='ltr'><strong>solum</strong></span> <span class='ocrx_word' id='word_1_40' title='bbox 1390 710 1572 760; x_wconf 88' lang='lat' dir='ltr'><strong>contra</strong></span> <span class='ocrx_word' id='word_1_41' title='bbox 1594 706 1736 774; x_wconf 89' lang='lat' dir='ltr'><strong>leges</strong></span> <span class='ocrx_word' id='word_1_42' title='bbox 1763 705 1967 758; x_wconf 90' lang='lat' dir='ltr'><strong>divinas</strong></span> <span class='ocrx_word' id='word_1_43' title='bbox 1996 709 2048 758; x_wconf 90' lang='lat' dir='ltr'><strong>et</strong></span> <span class='ocrx_word' id='word_1_44' title='bbox 2073 704 2208 757; x_wconf 89' lang='lat' dir='ltr'><strong>chri-</strong></span> 
     </span>
     <span class='ocr_line' id='line_1_6' title="bbox 265 802 2208 871; baseline -0.002 -16"><span class='ocrx_word' id='word_1_45' title='bbox 265 802 556 856; x_wconf 87' lang='lat' dir='ltr'><strong>stianorum</strong></span> <span class='ocrx_word' id='word_1_46' title='bbox 593 820 775 871; x_wconf 89' lang='lat' dir='ltr'><strong>regum</strong></span> <span class='ocrx_word' id='word_1_47' title='bbox 813 820 1030 871; x_wconf 91' lang='lat' dir='ltr'><strong>morem,</strong></span> <span class='ocrx_word' id='word_1_48' title='bbox 1074 806 1154 857; x_wconf 89' lang='lat' dir='ltr'><strong>set</strong></span> <span class='ocrx_word' id='word_1_49' title='bbox 1191 803 1350 856; x_wconf 86' lang='lat' dir='ltr'><strong>etiam</strong></span> <span class='ocrx_word' id='word_1_50' title='bbox 1389 805 1571 855; x_wconf 90' lang='lat' dir='ltr'><strong>contra</strong></span> <span class='ocrx_word' id='word_1_51' title='bbox 1607 805 1952 871; x_wconf 82' lang='lat' dir='ltr'><strong>tyrannorum</strong></span> <span class='ocrx_word' id='word_1_52' title='bbox 1991 816 2208 853; x_wconf 90' lang='lat' dir='ltr'><strong>consue-</strong></span> 
     </span>
     <span class='ocr_line' id='line_1_7' title="bbox 263 895 2209 968; baseline -0.002 -17"><span class='ocrx_word' id='word_1_53' title='bbox 263 897 528 968; x_wconf 92' lang='lat' dir='ltr'><strong>tudinem,</strong></span> <span class='ocrx_word' id='word_1_54' title='bbox 568 900 775 953; x_wconf 88' lang='lat' dir='ltr'><strong>vivente</strong></span> <span class='ocrx_word' id='word_1_55' title='bbox 815 898 994 967; x_wconf 79' lang='lat' dir='ltr'><strong>altem,</strong></span> <span class='ocrx_word' id='word_1_56' title='bbox 1033 898 1317 952; x_wconf 85' lang='lat' dir='ltr'><strong>investivit.</strong></span> <span class='ocrx_word' id='word_1_57' title='bbox 1468 896 1569 950; x_wconf 93' lang='lat' dir='ltr'><strong>Hic</strong></span> <span class='ocrx_word' id='word_1_58' title='bbox 1605 896 1727 949; x_wconf 90' lang='lat' dir='ltr'><strong>talis</strong></span> <span class='ocrx_word' id='word_1_59' title='bbox 1765 895 2209 949; x_wconf 88' lang='lat' dir='ltr'><strong>Mediolanensem</strong></span> 
     </span>
     <span class='ocr_line' id='line_1_8' title="bbox 263 990 2207 1060; baseline -0.002 -13"><span class='ocrx_word' id='word_1_60' title='bbox 263 994 506 1049; x_wconf 88' lang='lat' dir='ltr'><strong>vastabat</strong></span> <span class='ocrx_word' id='word_1_61' title='bbox 543 996 828 1049; x_wconf 89' lang='lat' dir='ltr'><strong>ecclesiam.</strong></span> <span class='ocrx_word' id='word_1_62' title='bbox 905 993 1041 1048; x_wconf 91' lang='lat' dir='ltr'><strong>Huic</strong></span> <span class='ocrx_word' id='word_1_63' title='bbox 1080 992 1360 1047; x_wconf 88' lang='lat' dir='ltr'><strong>Guibertus</strong></span> <span class='ocrx_word' id='word_1_64' title='bbox 1398 991 1672 1060; x_wconf 86' lang='lat' dir='ltr'><strong>Hugonem</strong></span> <span class='ocrx_word' id='word_1_65' title='bbox 1714 990 2008 1045; x_wconf 86' lang='lat' dir='ltr'><strong>Candidum</strong></span> <span class='ocrx_word' id='word_1_66' title='bbox 2045 991 2207 1060; x_wconf 85' lang='lat' dir='ltr'><strong>misit,</strong></span> 
     </span>
     <span class='ocr_line' id='line_1_9' title="bbox 265 1087 2209 1159; baseline -0.002 -15"><span class='ocrx_word' id='word_1_67' title='bbox 265 1090 410 1144; x_wconf 92' lang='lat' dir='ltr'><strong>cuius</strong></span> <span class='ocrx_word' id='word_1_68' title='bbox 449 1091 664 1144; x_wconf 90' lang='lat' dir='ltr'><strong>consilio</strong></span> <span class='ocrx_word' id='word_1_69' title='bbox 698 1107 876 1159; x_wconf 87' lang='lat' dir='ltr'><strong>regem</strong></span> <span class='ocrx_word' id='word_1_70' title='bbox 904 1089 1072 1143; x_wconf 90' lang='lat' dir='ltr'><strong>adiret</strong></span> <span class='ocrx_word' id='word_1_71' title='bbox 1096 1093 1148 1142; x_wconf 93' lang='lat' dir='ltr'><strong>et</strong></span> <span class='ocrx_word' id='word_1_72' title='bbox 1174 1089 1285 1142; x_wconf 91' lang='lat' dir='ltr'><strong>eius</strong></span> <span class='ocrx_word' id='word_1_73' title='bbox 1312 1088 1546 1141; x_wconf 91' lang='lat' dir='ltr'><strong>animum</strong></span> <span class='ocrx_word' id='word_1_74' title='bbox 1574 1087 1640 1141; x_wconf 89' lang='lat' dir='ltr'><strong>ad</strong></span> <span class='ocrx_word' id='word_1_75' title='bbox 1666 1087 1975 1141; x_wconf 89' lang='lat' dir='ltr'><strong>deteriorem</strong></span> <span class='ocrx_word' id='word_1_76' title='bbox 2003 1091 2209 1159; x_wconf 89' lang='lat' dir='ltr'><strong>partem</strong></span> 
     </span>
     <span class='ocr_line' id='line_1_10' title="bbox 262 1185 1229 1250; baseline -0.001 -11"><span class='ocrx_word' id='word_1_77' title='bbox 262 1185 566 1241; x_wconf 88' lang='lat' dir='ltr'><strong>inflecteret.</strong></span> <span class='ocrx_word' id='word_1_78' title='bbox 625 1186 772 1250; x_wconf 84' lang='lat' dir='ltr'><strong>Quod</strong></span> <span class='ocrx_word' id='word_1_79' title='bbox 812 1189 864 1240; x_wconf 93' lang='lat' dir='ltr'><strong>et</strong></span> <span class='ocrx_word' id='word_1_80' title='bbox 899 1186 1096 1238; x_wconf 85' lang='lat' dir='ltr'><strong>factum</strong></span> <span class='ocrx_word' id='word_1_81' title='bbox 1136 1189 1229 1238; x_wconf 91' lang='lat' dir='ltr'><strong>est.</strong></span> 
     </span>
    </p>

    <p class='ocr_par' dir='ltr' id='par_1_3' title="bbox 260 1277 2398 2408">
     <span class='ocr_line' id='line_1_11' title="bbox 411 1277 2398 1352; baseline -0.002 -16"><span class='ocrx_word' id='word_1_82' title='bbox 411 1282 470 1335; x_wconf 94' lang='lat' dir='ltr'><strong>In</strong></span> <span class='ocrx_word' id='word_1_83' title='bbox 507 1282 597 1335; x_wconf 92' lang='lat' dir='ltr'><strong>illo</strong></span> <span class='ocrx_word' id='word_1_84' title='bbox 635 1286 871 1352; x_wconf 89' lang='lat' dir='ltr'><strong>tempore</strong></span> <span class='ocrx_word' id='word_1_85' title='bbox 909 1297 1067 1349; x_wconf 88' lang='lat' dir='ltr'><strong>grave</strong></span> <span class='ocrx_word' id='word_1_86' title='bbox 1106 1284 1158 1334; x_wconf 95' lang='lat' dir='ltr'><strong>et</strong></span> <span class='ocrx_word' id='word_1_87' title='bbox 1193 1279 1487 1334; x_wconf 91' lang='lat' dir='ltr'><strong>inauditum</strong></span> <span class='ocrx_word' id='word_1_88' title='bbox 1521 1277 1785 1348; x_wconf 88' lang='lat' dir='ltr'><strong>flagicium</strong></span> <span class='ocrx_word' id='word_1_89' title='bbox 1809 1279 2006 1334; x_wconf 90' lang='lat' dir='ltr'><strong>Romae</strong></span> <span class='ocrx_word' id='word_1_90' title='bbox 2031 1282 2209 1350; x_wconf 79' lang='lat' dir='ltr'><strong>patra-</strong></span> <span class='ocrx_word' id='word_1_91' title='bbox 2236 1295 2328 1334; x_wconf 73' lang='lat' dir='ltr'><strong>Deo.</strong></span> <span class='ocrx_word' id='word_1_92' title='bbox 2349 1297 2398 1333; x_wconf 85' lang='lat'><strong>24</strong></span> 
     </span>
     <span class='ocr_line' id='line_1_12' title="bbox 263 1375 2211 1446; baseline -0.001 -15"><span class='ocrx_word' id='word_1_93' title='bbox 263 1381 376 1431; x_wconf 91' lang='lat' dir='ltr'><strong>tum</strong></span> <span class='ocrx_word' id='word_1_94' title='bbox 415 1382 509 1432; x_wconf 89' lang='lat' dir='ltr'><strong>est.</strong></span> <span class='ocrx_word' id='word_1_95' title='bbox 568 1378 703 1431; x_wconf 90' lang='lat' dir='ltr'><strong>Nam</strong></span> <span class='ocrx_word' id='word_1_96' title='bbox 741 1377 852 1431; x_wconf 92' lang='lat' dir='ltr'><strong>Deo</strong></span> <span class='ocrx_word' id='word_1_97' title='bbox 892 1376 1099 1430; x_wconf 91' lang='lat' dir='ltr'><strong>odibilis</strong></span> <span class='ocrx_word' id='word_1_98' title='bbox 1133 1375 1370 1445; x_wconf 77' lang='lat' dir='ltr'><strong>CenciuS,</strong></span> <span class='ocrx_word' id='word_1_99' title='bbox 1410 1376 1768 1430; x_wconf 90' lang='lat' dir='ltr'><strong>coniuratione</strong></span> <span class='ocrx_word' id='word_1_100' title='bbox 1804 1376 1960 1445; x_wconf 89' lang='lat' dir='ltr'><strong>facta,</strong></span> <span class='ocrx_word' id='word_1_101' title='bbox 1998 1376 2055 1429; x_wconf 94' lang='lat' dir='ltr'><strong>in</strong></span> <span class='ocrx_word' id='word_1_102' title='bbox 2091 1375 2211 1446; x_wconf 91' lang='lat' dir='ltr'><strong>ipsa</strong></span> 
     </span>
     <span class='ocr_line' id='line_1_13' title="bbox 261 1471 2209 1543; baseline -0.001 -17"><span class='ocrx_word' id='word_1_103' title='bbox 261 1476 414 1527; x_wconf 93' lang='lat' dir='ltr'><strong>nocte</strong></span> <span class='ocrx_word' id='word_1_104' title='bbox 451 1474 743 1527; x_wconf 88' lang='lat' dir='ltr'><strong>nativitatis</strong></span> <span class='ocrx_word' id='word_1_105' title='bbox 771 1472 967 1527; x_wconf 90' lang='lat' dir='ltr'><strong>Christi</strong></span> <span class='ocrx_word' id='word_1_106' title='bbox 1003 1489 1215 1543; x_wconf 88' lang='lat' dir='ltr'><strong>papam,</strong></span> <span class='ocrx_word' id='word_1_107' title='bbox 1257 1476 1584 1526; x_wconf 88' lang='lat' dir='ltr'><strong>sacramenta</strong></span> <span class='ocrx_word' id='word_1_108' title='bbox 1622 1472 1988 1540; x_wconf 81' lang='lat' dir='ltr'><strong>celebrantem,</strong></span> <span class='ocrx_word' id='word_1_109' title='bbox 2030 1471 2094 1525; x_wconf 93' lang='lat' dir='ltr'><strong>ab</strong></span> <span class='ocrx_word' id='word_1_110' title='bbox 2134 1471 2209 1525; x_wconf 87' lang='lat' dir='ltr'><strong>al—</strong></span> 
     </span>
     <span class='ocr_line' id='line_1_14' title="bbox 263 1564 2208 1638; baseline -0.001 -16"><span class='ocrx_word' id='word_1_111' title='bbox 263 1572 376 1623; x_wconf 91' lang='lat' dir='ltr'><strong>tare</strong></span> <span class='ocrx_word' id='word_1_112' title='bbox 422 1572 634 1623; x_wconf 87' lang='lat' dir='ltr'><strong>sanctae</strong></span> <span class='ocrx_word' id='word_1_113' title='bbox 679 1569 779 1622; x_wconf 92' lang='lat' dir='ltr'><strong>Dei</strong></span> <span class='ocrx_word' id='word_1_114' title='bbox 826 1568 1093 1637; x_wconf 85' lang='lat' dir='ltr'><strong>genitricis</strong></span> <span class='ocrx_word' id='word_1_115' title='bbox 1131 1567 1356 1637; x_wconf 89' lang='lat' dir='ltr'><strong>Mariae,</strong></span> <span class='ocrx_word' id='word_1_116' title='bbox 1406 1569 1545 1638; x_wconf 89' lang='lat' dir='ltr'><strong>quod</strong></span> <span class='ocrx_word' id='word_1_117' title='bbox 1594 1569 1784 1622; x_wconf 90' lang='lat' dir='ltr'><strong>dicitur</strong></span> <span class='ocrx_word' id='word_1_118' title='bbox 1832 1568 1898 1622; x_wconf 91' lang='lat' dir='ltr'><strong>ad</strong></span> <span class='ocrx_word' id='word_1_119' title='bbox 1935 1564 2208 1638; x_wconf 77' lang='lat' dir='ltr'><strong>Presepe²,</strong></span> 
     </span>
     <span class='ocr_line' id='line_1_15' title="bbox 261 1664 2208 1735; baseline 0 -17"><span class='ocrx_word' id='word_1_120' title='bbox 261 1665 465 1735; x_wconf 89' lang='lat' dir='ltr'><strong>rapuit;</strong></span> <span class='ocrx_word' id='word_1_121' title='bbox 517 1669 569 1720; x_wconf 94' lang='lat' dir='ltr'><strong>et</strong></span> <span class='ocrx_word' id='word_1_122' title='bbox 604 1665 936 1719; x_wconf 86' lang='lat' dir='ltr'><strong>vulneratum</strong></span> <span class='ocrx_word' id='word_1_123' title='bbox 976 1665 1042 1718; x_wconf 91' lang='lat' dir='ltr'><strong>ad</strong></span> <span class='ocrx_word' id='word_1_124' title='bbox 1078 1665 1292 1734; x_wconf 90' lang='lat' dir='ltr'><strong>turrim,</strong></span> <span class='ocrx_word' id='word_1_125' title='bbox 1344 1681 1500 1734; x_wconf 88' lang='lat' dir='ltr'><strong>quam</strong></span> <span class='ocrx_word' id='word_1_126' title='bbox 1537 1664 1734 1718; x_wconf 88' lang='lat' dir='ltr'><strong>Romae</strong></span> <span class='ocrx_word' id='word_1_127' title='bbox 1779 1664 2006 1718; x_wconf 90' lang='lat' dir='ltr'><strong>habebat</strong></span> <span class='ocrx_word' id='word_1_128' title='bbox 2043 1664 2208 1718; x_wconf 89' lang='lat' dir='ltr'><strong>mirae</strong></span> 
     </span>
     <span class='ocr_line' id='line_1_16' title="bbox 261 1743 2208 1831; baseline -0.001 -17"><span class='ocrx_word' id='word_1_129' title='bbox 261 1761 602 1830; x_wconf 89' lang='lat' dir='ltr'><strong>fortitudinis,</strong></span> <span class='ocrx_word' id='word_1_130' title='bbox 642 1761 894 1815; x_wconf 92' lang='lat' dir='ltr'><strong>violenter</strong></span> <span class='ocrx_word' id='word_1_131' title='bbox 919 1778 1084 1830; x_wconf 91' lang='lat' dir='ltr'><strong>usque</strong></span> <span class='ocrx_word' id='word_1_132' title='bbox 1109 1743 1373 1831; x_wconf 88' lang='lat' dir='ltr'><strong>perduxit.</strong></span> <span class='ocrx_word' id='word_1_133' title='bbox 1433 1759 1568 1824; x_wconf 86' lang='lat' dir='ltr'><strong>Quid</strong></span> <span class='ocrx_word' id='word_1_134' title='bbox 1593 1761 1779 1831; x_wconf 83' lang='lat' dir='ltr'><strong>plura?</strong></span> <span class='ocrx_word' id='word_1_135' title='bbox 1836 1760 2059 1814; x_wconf 88' lang='lat' dir='ltr'><strong>Romani</strong></span> <span class='ocrx_word' id='word_1_136' title='bbox 2084 1778 2208 1813; x_wconf 91' lang='lat' dir='ltr'><strong>mox</strong></span> 
     </span>
     <span class='ocr_line' id='line_1_17' title="bbox 261 1856 2397 1927; baseline 0.002 -17"><span class='ocrx_word' id='word_1_137' title='bbox 261 1858 453 1910; x_wconf 89' lang='lat' dir='ltr'><strong>turrim</strong></span> <span class='ocrx_word' id='word_1_138' title='bbox 491 1857 745 1926; x_wconf 88' lang='lat' dir='ltr'><strong>obsident,</strong></span> <span class='ocrx_word' id='word_1_139' title='bbox 785 1874 1040 1926; x_wconf 89' lang='lat' dir='ltr'><strong>maneque</strong></span> <span class='ocrx_word' id='word_1_140' title='bbox 1078 1857 1216 1910; x_wconf 86' lang='lat' dir='ltr'><strong>facto</strong></span> <span class='ocrx_word' id='word_1_141' title='bbox 1245 1857 1298 1909; x_wconf 92' lang='lat' dir='ltr'><strong>vi</strong></span> <span class='ocrx_word' id='word_1_142' title='bbox 1336 1857 1574 1927; x_wconf 84' lang='lat' dir='ltr'><strong>capiunt3</strong></span> <span class='ocrx_word' id='word_1_143' title='bbox 1614 1856 1892 1927; x_wconf 92' lang='lat' dir='ltr'><strong>ipsumque</strong></span> <span class='ocrx_word' id='word_1_144' title='bbox 1931 1856 2207 1911; x_wconf 90' lang='lat' dir='ltr'><strong>scelestum</strong></span> <span class='ocrx_word' id='word_1_145' title='bbox 2235 1871 2397 1914; x_wconf 53' lang='lat' dir='ltr'><strong>nemas</strong></span> 
     </span>
     <span class='ocr_line' id='line_1_18' title="bbox 261 1951 2210 2023; baseline 0 -17"><span class='ocrx_word' id='word_1_146' title='bbox 261 1953 671 2023; x_wconf 81' lang='lat' dir='ltr'><strong>interfecissent,</strong></span> <span class='ocrx_word' id='word_1_147' title='bbox 728 1954 832 2006; x_wconf 92' lang='lat' dir='ltr'><strong>nisi</strong></span> <span class='ocrx_word' id='word_1_148' title='bbox 881 1970 999 2007; x_wconf 93' lang='lat' dir='ltr'><strong>eum</strong></span> <span class='ocrx_word' id='word_1_149' title='bbox 1048 1953 1381 2007; x_wconf 87' lang='lat' dir='ltr'><strong>beatissimus</strong></span> <span class='ocrx_word' id='word_1_150' title='bbox 1432 1951 1740 2021; x_wconf 61' lang='lat' dir='ltr'><strong>Gregorius,</strong></span> <span class='ocrx_word' id='word_1_151' title='bbox 1798 1953 1922 2007; x_wconf 94' lang='lat' dir='ltr'><strong>boni</strong></span> <span class='ocrx_word' id='word_1_152' title='bbox 1969 1953 2210 2021; x_wconf 85' lang='lat' dir='ltr'><strong>magistri</strong></span> 
     </span>
     <span class='ocr_line' id='line_1_19' title="bbox 264 2048 2209 2120; baseline 0 -18"><span class='ocrx_word' id='word_1_153' title='bbox 264 2048 568 2120; x_wconf 92' lang='lat' dir='ltr'><strong>discipulus,</strong></span> <span class='ocrx_word' id='word_1_154' title='bbox 607 2049 849 2120; x_wconf 89' lang='lat' dir='ltr'><strong>precibus</strong></span> <span class='ocrx_word' id='word_1_155' title='bbox 890 2053 942 2103; x_wconf 94' lang='lat' dir='ltr'><strong>et</strong></span> <span class='ocrx_word' id='word_1_156' title='bbox 980 2048 1410 2119; x_wconf 89' lang='lat' dir='ltr'><strong>suplicationibus</strong></span> <span class='ocrx_word' id='word_1_157' title='bbox 1451 2065 1481 2102; x_wconf 92' lang='lat' dir='ltr'><strong>a</strong></span> <span class='ocrx_word' id='word_1_158' title='bbox 1506 2053 1674 2103; x_wconf 91' lang='lat' dir='ltr'><strong>morte</strong></span> <span class='ocrx_word' id='word_1_159' title='bbox 1699 2049 1987 2103; x_wconf 87' lang='lat' dir='ltr'><strong>liberasset.</strong></span> <span class='ocrx_word' id='word_1_160' title='bbox 2103 2048 2209 2103; x_wconf 91' lang='lat' dir='ltr'><strong>De-</strong></span> 
     </span>
     <span class='ocr_line' id='line_1_20' title="bbox 262 2145 2396 2215; baseline 0.001 -17"><span class='ocrx_word' id='word_1_161' title='bbox 262 2145 384 2199; x_wconf 89' lang='lat' dir='ltr'><strong>hinc</strong></span> <span class='ocrx_word' id='word_1_162' title='bbox 422 2161 539 2199; x_wconf 89' lang='lat' dir='ltr'><strong>cum</strong></span> <span class='ocrx_word' id='word_1_163' title='bbox 577 2145 851 2199; x_wconf 88' lang='lat' dir='ltr'><strong>Lateranis</strong></span> <span class='ocrx_word' id='word_1_164' title='bbox 891 2161 1031 2215; x_wconf 91' lang='lat' dir='ltr'><strong>papa</strong></span> <span class='ocrx_word' id='word_1_165' title='bbox 1067 2148 1370 2213; x_wconf 88' lang='lat' dir='ltr'><strong>remeasset,</strong></span> <span class='ocrx_word' id='word_1_166' title='bbox 1410 2145 1650 2214; x_wconf 90' lang='lat' dir='ltr'><strong>sequenti</strong></span> <span class='ocrx_word' id='word_1_167' title='bbox 1675 2145 1758 2199; x_wconf 91' lang='lat' dir='ltr'><strong>die</strong></span> <span class='ocrx_word' id='word_1_168' title='bbox 1783 2145 2006 2199; x_wconf 88' lang='lat' dir='ltr'><strong>Romani</strong></span> <span class='ocrx_word' id='word_1_169' title='bbox 2032 2152 2209 2199; x_wconf 90' lang='lat' dir='ltr'><strong>aucto·</strong></span> <span class='ocrx_word' id='word_1_170' title='bbox 2235 2162 2327 2201; x_wconf 77' lang='lat' dir='ltr'><strong>Dec.</strong></span> <span class='ocrx_word' id='word_1_171' title='bbox 2347 2163 2396 2200; x_wconf 82' lang='lat'><strong>26</strong></span> 
     </span>
     <span class='ocr_line' id='line_1_21' title="bbox 261 2240 2208 2311; baseline 0.001 -17"><span class='ocrx_word' id='word_1_172' title='bbox 261 2258 374 2295; x_wconf 90' lang='lat' dir='ltr'><strong>rem</strong></span> <span class='ocrx_word' id='word_1_173' title='bbox 421 2242 556 2295; x_wconf 90' lang='lat' dir='ltr'><strong>tanti</strong></span> <span class='ocrx_word' id='word_1_174' title='bbox 602 2241 793 2309; x_wconf 87' lang='lat' dir='ltr'><strong>flagicii</strong></span> <span class='ocrx_word' id='word_1_175' title='bbox 842 2257 960 2295; x_wconf 91' lang='lat' dir='ltr'><strong>cum</strong></span> <span class='ocrx_word' id='word_1_176' title='bbox 999 2241 1239 2294; x_wconf 89' lang='lat' dir='ltr'><strong>omnibus</strong></span> <span class='ocrx_word' id='word_1_177' title='bbox 1279 2240 1379 2294; x_wconf 91' lang='lat' dir='ltr'><strong>sibi</strong></span> <span class='ocrx_word' id='word_1_178' title='bbox 1419 2241 1758 2311; x_wconf 86' lang='lat' dir='ltr'><strong>complicibus</strong></span> <span class='ocrx_word' id='word_1_179' title='bbox 1799 2259 1831 2295; x_wconf 92' lang='lat' dir='ltr'><strong>a</strong></span> <span class='ocrx_word' id='word_1_180' title='bbox 1868 2241 2078 2296; x_wconf 87' lang='lat' dir='ltr'><strong>civitate</strong></span> <span class='ocrx_word' id='word_1_181' title='bbox 2119 2258 2208 2295; x_wconf 71' lang='lat' dir='ltr'><strong>ex-</strong></span> 
     </span>
     <span class='ocr_line' id='line_1_22' title="bbox 260 2336 1665 2408; baseline -0.001 -17"><span class='ocrx_word' id='word_1_182' title='bbox 260 2336 463 2408; x_wconf 90' lang='lat' dir='ltr'><strong>pellunt</strong></span> <span class='ocrx_word' id='word_1_183' title='bbox 500 2341 776 2405; x_wconf 89' lang='lat' dir='ltr'><strong>turresque</strong></span> <span class='ocrx_word' id='word_1_184' title='bbox 816 2353 995 2390; x_wconf 90' lang='lat' dir='ltr'><strong>eorum</strong></span> <span class='ocrx_word' id='word_1_185' title='bbox 1036 2336 1145 2390; x_wconf 93' lang='lat' dir='ltr'><strong>solo</strong></span> <span class='ocrx_word' id='word_1_186' title='bbox 1183 2340 1336 2390; x_wconf 89' lang='lat' dir='ltr'><strong>tenus</strong></span> <span class='ocrx_word' id='word_1_187' title='bbox 1376 2337 1665 2390; x_wconf 90' lang='lat' dir='ltr'><strong>destruunt.</strong></span> 
     </span>
    </p>

    <p class='ocr_par' dir='ltr' id='par_1_4' title="bbox 260 2429 2358 3461">
     <span class='ocr_line' id='line_1_23' title="bbox 409 2429 2209 2501; baseline -0.001 -14"><span class='ocrx_word' id='word_1_188' title='bbox 409 2429 542 2487; x_wconf 86' lang='lat' dir='ltr'><strong>Cum</strong></span> <span class='ocrx_word' id='word_1_189' title='bbox 578 2433 674 2487; x_wconf 93' lang='lat' dir='ltr'><strong>hec</strong></span> <span class='ocrx_word' id='word_1_190' title='bbox 710 2433 787 2486; x_wconf 93' lang='lat' dir='ltr'><strong>ita</strong></span> <span class='ocrx_word' id='word_1_191' title='bbox 824 2435 1145 2501; x_wconf 88' lang='lat' dir='ltr'><strong>gererentur,</strong></span> <span class='ocrx_word' id='word_1_192' title='bbox 1186 2431 1420 2486; x_wconf 83' lang='lat' dir='ltr'><strong>Saxones</strong></span> <span class='ocrx_word' id='word_1_193' title='bbox 1458 2432 1794 2487; x_wconf 84' lang='lat' dir='ltr'><strong>rebellavere.</strong></span> <span class='ocrx_word' id='word_1_194' title='bbox 1853 2432 2014 2486; x_wconf 86' lang='lat' dir='ltr'><strong>Cuius</strong></span> <span class='ocrx_word' id='word_1_195' title='bbox 2040 2433 2209 2486; x_wconf 88' lang='lat' dir='ltr'><strong>rebel·-</strong></span> 
     </span>
     <span class='ocr_line' id='line_1_24' title="bbox 260 2528 2208 2599; baseline 0 -16"><span class='ocrx_word' id='word_1_196' title='bbox 260 2529 415 2583; x_wconf 91' lang='lat' dir='ltr'><strong>lionis</strong></span> <span class='ocrx_word' id='word_1_197' title='bbox 456 2546 667 2583; x_wconf 90' lang='lat' dir='ltr'><strong>causam</strong></span> <span class='ocrx_word' id='word_1_198' title='bbox 704 2532 920 2599; x_wconf 90' lang='lat' dir='ltr'><strong>propter</strong></span> <span class='ocrx_word' id='word_1_199' title='bbox 959 2528 1315 2599; x_wconf 85' lang='lat' dir='ltr'><strong>prolixitatem</strong></span> <span class='ocrx_word' id='word_1_200' title='bbox 1357 2529 1583 2582; x_wconf 91' lang='lat' dir='ltr'><strong>scribere</strong></span> <span class='ocrx_word' id='word_1_201' title='bbox 1622 2529 1994 2596; x_wconf 84' lang='lat' dir='ltr'><strong>devitavimus3</strong></span> <span class='ocrx_word' id='word_1_202' title='bbox 2045 2546 2208 2583; x_wconf 92' lang='lat' dir='ltr'><strong>unum</strong></span> 
     </span>
     <span class='ocr_line' id='line_1_25' title="bbox 263 2624 2209 2695; baseline 0 -17"><span class='ocrx_word' id='word_1_203' title='bbox 263 2625 511 2679; x_wconf 87' lang='lat' dir='ltr'><strong>scientes:</strong></span> <span class='ocrx_word' id='word_1_204' title='bbox 554 2625 677 2693; x_wconf 88' lang='lat' dir='ltr'><strong>quia</strong></span> <span class='ocrx_word' id='word_1_205' title='bbox 712 2628 930 2695; x_wconf 87' lang='lat' dir='ltr'><strong>propter</strong></span> <span class='ocrx_word' id='word_1_206' title='bbox 968 2641 1126 2692; x_wconf 86' lang='lat' dir='ltr'><strong>grave</strong></span> <span class='ocrx_word' id='word_1_207' title='bbox 1165 2627 1218 2678; x_wconf 93' lang='lat' dir='ltr'><strong>et</strong></span> <span class='ocrx_word' id='word_1_208' title='bbox 1253 2624 1524 2679; x_wconf 89' lang='lat' dir='ltr'><strong>insolitum</strong></span> <span class='ocrx_word' id='word_1_209' title='bbox 1564 2642 1694 2679; x_wconf 91' lang='lat' dir='ltr'><strong>onus</strong></span> <span class='ocrx_word' id='word_1_210' title='bbox 1735 2625 2028 2693; x_wconf 82' lang='lat' dir='ltr'><strong>servitutiS,</strong></span> <span class='ocrx_word' id='word_1_211' title='bbox 2069 2625 2209 2694; x_wconf 90' lang='lat' dir='ltr'><strong>quod</strong></span> 
     </span>
     <span class='ocr_line' id='line_1_26' title="bbox 263 2720 2208 2791; baseline -0.001 -16"><span class='ocrx_word' id='word_1_212' title='bbox 263 2722 337 2775; x_wconf 89' lang='lat' dir='ltr'><strong>eis</strong></span> <span class='ocrx_word' id='word_1_213' title='bbox 377 2720 589 2790; x_wconf 90' lang='lat' dir='ltr'><strong>quidam</strong></span> <span class='ocrx_word' id='word_1_214' title='bbox 626 2721 878 2791; x_wconf 86' lang='lat' dir='ltr'><strong>inponere</strong></span> <span class='ocrx_word' id='word_1_215' title='bbox 918 2720 1241 2788; x_wconf 87' lang='lat' dir='ltr'><strong>satagebant,</strong></span> <span class='ocrx_word' id='word_1_216' title='bbox 1282 2720 1348 2773; x_wconf 89' lang='lat' dir='ltr'><strong>ad</strong></span> <span class='ocrx_word' id='word_1_217' title='bbox 1385 2724 1497 2774; x_wconf 90' lang='lat' dir='ltr'><strong>tam</strong></span> <span class='ocrx_word' id='word_1_218' title='bbox 1535 2737 1721 2789; x_wconf 85' lang='lat' dir='ltr'><strong>graves</strong></span> <span class='ocrx_word' id='word_1_219' title='bbox 1752 2721 2007 2774; x_wconf 90' lang='lat' dir='ltr'><strong>devenere</strong></span> <span class='ocrx_word' id='word_1_220' title='bbox 2031 2721 2208 2774; x_wconf 93' lang='lat' dir='ltr'><strong>inimi-</strong></span> 
     </span>
     <span class='ocr_line' id='line_1_27' title="bbox 262 2815 2206 2885; baseline 0.001 -15"><span class='ocrx_word' id='word_1_221' title='bbox 262 2817 435 2871; x_wconf 72' lang='lat' dir='ltr'><strong>cicias,</strong></span> <span class='ocrx_word' id='word_1_222' title='bbox 497 2815 589 2870; x_wconf 89' lang='lat' dir='ltr'><strong>Set</strong></span> <span class='ocrx_word' id='word_1_223' title='bbox 625 2816 733 2868; x_wconf 91' lang='lat' dir='ltr'><strong>iam</strong></span> <span class='ocrx_word' id='word_1_224' title='bbox 769 2815 848 2869; x_wconf 90' lang='lat' dir='ltr'><strong>rei</strong></span> <span class='ocrx_word' id='word_1_225' title='bbox 877 2816 1110 2869; x_wconf 90' lang='lat' dir='ltr'><strong>ordinem</strong></span> <span class='ocrx_word' id='word_1_226' title='bbox 1140 2833 1434 2885; x_wconf 89' lang='lat' dir='ltr'><strong>sequamur.</strong></span> <span class='ocrx_word' id='word_1_227' title='bbox 1496 2815 1789 2870; x_wconf 90' lang='lat' dir='ltr'><strong>Saxonibus</strong></span> <span class='ocrx_word' id='word_1_228' title='bbox 1815 2816 2206 2885; x_wconf 78' lang='lat' dir='ltr'><strong>rebellantibuS,</strong></span> 
     </span>
     <span class='ocr_line' id='line_1_28' title="bbox 261 2911 2207 2980; baseline 0 -14"><span class='ocrx_word' id='word_1_229' title='bbox 261 2911 480 2967; x_wconf 87' lang='lat' dir='ltr'><strong>intravit</strong></span> <span class='ocrx_word' id='word_1_230' title='bbox 516 2929 612 2965; x_wconf 90' lang='lat' dir='ltr'><strong>rex</strong></span> <span class='ocrx_word' id='word_1_231' title='bbox 639 2911 918 2965; x_wconf 87' lang='lat' dir='ltr'><strong>Saxoniam</strong></span> <span class='ocrx_word' id='word_1_232' title='bbox 959 2911 1015 2964; x_wconf 92' lang='lat' dir='ltr'><strong>in</strong></span> <span class='ocrx_word' id='word_1_233' title='bbox 1051 2928 1212 2964; x_wconf 88' lang='lat' dir='ltr'><strong>manu</strong></span> <span class='ocrx_word' id='word_1_234' title='bbox 1250 2911 1424 2965; x_wconf 90' lang='lat' dir='ltr'><strong>valida</strong></span> <span class='ocrx_word' id='word_1_235' title='bbox 1462 2915 1514 2965; x_wconf 91' lang='lat' dir='ltr'><strong>et</strong></span> <span class='ocrx_word' id='word_1_236' title='bbox 1550 2912 1884 2966; x_wconf 92' lang='lat' dir='ltr'><strong>multitudine</strong></span> <span class='ocrx_word' id='word_1_237' title='bbox 1910 2913 2075 2980; x_wconf 87' lang='lat' dir='ltr'><strong>gravi,</strong></span> <span class='ocrx_word' id='word_1_238' title='bbox 2114 2913 2207 2966; x_wconf 89' lang='lat' dir='ltr'><strong>ha-</strong></span> 
     </span>
     <span class='ocr_line' id='line_1_29' title="bbox 261 3003 2209 3064; baseline -0.001 0"><span class='ocrx_word' id='word_1_239' title='bbox 261 3009 388 3064; x_wconf 91' lang='lat' dir='ltr'><strong>bens</strong></span> <span class='ocrx_word' id='word_1_240' title='bbox 429 3024 603 3061; x_wconf 92' lang='lat' dir='ltr'><strong>secum</strong></span> <span class='ocrx_word' id='word_1_241' title='bbox 644 3007 895 3060; x_wconf 91' lang='lat' dir='ltr'><strong>eximium</strong></span> <span class='ocrx_word' id='word_1_242' title='bbox 933 3003 1143 3061; x_wconf 84' lang='lat' dir='ltr'><strong>ducem³</strong></span> <span class='ocrx_word' id='word_1_243' title='bbox 1160 3007 1451 3061; x_wconf 78' lang='lat' dir='ltr'><strong>&#39;Rodulfum</strong></span> <span class='ocrx_word' id='word_1_244' title='bbox 1491 3011 1544 3061; x_wconf 93' lang='lat' dir='ltr'><strong>et</strong></span> <span class='ocrx_word' id='word_1_245' title='bbox 1581 3008 1765 3062; x_wconf 90' lang='lat' dir='ltr'><strong>ducem</strong></span> <span class='ocrx_word' id='word_1_246' title='bbox 1793 3004 2129 3062; x_wconf 82' lang='lat' dir='ltr'><strong>Guelfonem⁴</strong></span> <span class='ocrx_word' id='word_1_247' title='bbox 2156 3013 2209 3063; x_wconf 90' lang='lat' dir='ltr'><strong>et</strong></span> 
     </span>
     <span class='ocr_line' id='line_1_30' title="bbox 260 3099 2205 3176; baseline -0.001 -18"><span class='ocrx_word' id='word_1_248' title='bbox 260 3104 556 3176; x_wconf 87' lang='lat' dir='ltr'><strong>preclarum</strong></span> <span class='ocrx_word' id='word_1_249' title='bbox 596 3100 806 3156; x_wconf 85' lang='lat' dir='ltr'><strong>ducem⁵</strong></span> <span class='ocrx_word' id='word_1_250' title='bbox 848 3101 1171 3157; x_wconf 87' lang='lat' dir='ltr'><strong>Gotefridum</strong></span> <span class='ocrx_word' id='word_1_251' title='bbox 1183 3099 1219 3171; x_wconf 84' lang='lat'><strong>⁶,</strong></span> <span class='ocrx_word' id='word_1_252' title='bbox 1266 3103 1622 3157; x_wconf 90' lang='lat' dir='ltr'><strong>nobilissimae</strong></span> <span class='ocrx_word' id='word_1_253' title='bbox 1661 3102 1876 3157; x_wconf 92' lang='lat' dir='ltr'><strong>Matilde</strong></span> <span class='ocrx_word' id='word_1_254' title='bbox 1915 3103 2205 3173; x_wconf 87' lang='lat' dir='ltr'><strong>coniugem,</strong></span> 
     </span>
     <span class='ocr_line' id='line_1_31' title="bbox 262 3196 2206 3255; baseline -0.001 0"><span class='ocrx_word' id='word_1_255' title='bbox 262 3204 316 3255; x_wconf 90' lang='lat' dir='ltr'><strong>et</strong></span> <span class='ocrx_word' id='word_1_256' title='bbox 353 3196 564 3254; x_wconf 90' lang='lat' dir='ltr'><strong>ducem⁷</strong></span> <span class='ocrx_word' id='word_1_257' title='bbox 591 3198 968 3253; x_wconf 90' lang='lat' dir='ltr'><strong>Theodericum</strong></span> <span class='ocrx_word' id='word_1_258' title='bbox 1007 3204 1058 3253; x_wconf 91' lang='lat' dir='ltr'><strong>et</strong></span> <span class='ocrx_word' id='word_1_259' title='bbox 1094 3199 1530 3253; x_wconf 89' lang='lat' dir='ltr'><strong>innumerabilem</strong></span> <span class='ocrx_word' id='word_1_260' title='bbox 1566 3200 1928 3253; x_wconf 88' lang='lat' dir='ltr'><strong>marchionum</strong></span> <span class='ocrx_word' id='word_1_261' title='bbox 1968 3203 2020 3253; x_wconf 91' lang='lat' dir='ltr'><strong>et</strong></span> <span class='ocrx_word' id='word_1_262' title='bbox 2046 3200 2206 3253; x_wconf 91' lang='lat' dir='ltr'><strong>comi-</strong></span> 
     </span>
     <span class='ocr_line' id='line_1_32' title="bbox 260 3294 2358 3366; baseline 0.001 -16"><span class='ocrx_word' id='word_1_263' title='bbox 260 3300 374 3350; x_wconf 92' lang='lat' dir='ltr'><strong>tum</strong></span> <span class='ocrx_word' id='word_1_264' title='bbox 419 3295 824 3349; x_wconf 91' lang='lat' dir='ltr'><strong>multitudinem.</strong></span> <span class='ocrx_word' id='word_1_265' title='bbox 903 3294 1003 3358; x_wconf 83' lang='lat' dir='ltr'><strong>Qui</strong></span> <span class='ocrx_word' id='word_1_266' title='bbox 1053 3295 1333 3365; x_wconf 90' lang='lat' dir='ltr'><strong>derepente</strong></span> <span class='ocrx_word' id='word_1_267' title='bbox 1373 3295 1606 3349; x_wconf 83' lang='lat' dir='ltr'><strong>Saxones</strong></span> <span class='ocrx_word' id='word_1_268' title='bbox 1642 3296 1912 3366; x_wconf 87' lang='lat' dir='ltr'><strong>inparatos</strong></span> <span class='ocrx_word' id='word_1_269' title='bbox 1951 3296 2207 3349; x_wconf 88' lang='lat' dir='ltr'><strong>invadunt</strong></span> <span class='ocrx_word' id='word_1_270' title='bbox 2235 3314 2314 3352; x_wconf 80' lang='lat' dir='ltr'><strong>Iun.</strong></span> <span class='ocrx_word' id='word_1_271' title='bbox 2335 3316 2358 3352; x_wconf 86' lang='lat'>9</span> 
     </span>
     <span class='ocr_line' id='line_1_33' title="bbox 263 3391 2206 3461; baseline -0.001 -15"><span class='ocrx_word' id='word_1_272' title='bbox 263 3395 339 3461; x_wconf 90' lang='lat' dir='ltr'><strong>et,</strong></span> <span class='ocrx_word' id='word_1_273' title='bbox 388 3391 626 3461; x_wconf 88' lang='lat' dir='ltr'><strong>quamvis</strong></span> <span class='ocrx_word' id='word_1_274' title='bbox 666 3391 1113 3458; x_wconf 88' lang='lat' dir='ltr'><strong>cruentissimam,</strong></span> <span class='ocrx_word' id='word_1_275' title='bbox 1161 3395 1338 3445; x_wconf 93' lang='lat' dir='ltr'><strong>tamen</strong></span> <span class='ocrx_word' id='word_1_276' title='bbox 1375 3391 1603 3445; x_wconf 89' lang='lat' dir='ltr'><strong>habuere</strong></span> <span class='ocrx_word' id='word_1_277' title='bbox 1641 3392 1941 3458; x_wconf 83' lang='lat' dir='ltr'><strong>victoriam3</strong></span> <span class='ocrx_word' id='word_1_278' title='bbox 1989 3408 2115 3444; x_wconf 88' lang='lat' dir='ltr'><strong>nam</strong></span> <span class='ocrx_word' id='word_1_279' title='bbox 2150 3392 2206 3445; x_wconf 91' lang='lat' dir='ltr'><strong>in</strong></span> 
     </span>
    </p>
   </div>
   <div class='ocr_carea' id='block_1_3' title="bbox 261 3535 2205 3746">
    <p class='ocr_par' dir='ltr' id='par_1_5' title="bbox 261 3535 2205 3746">
     <span class='ocr_line' id='line_1_34' title="bbox 381 3535 2205 3601; baseline 0.001 -15"><span class='ocrx_word' id='word_1_280' title='bbox 381 3543 422 3586; x_wconf 89' lang='lat'><strong>1.</strong></span> <span class='ocrx_word' id='word_1_281' title='bbox 462 3555 581 3588; x_wconf 89' lang='lat' dir='ltr'><strong>anno</strong></span> <span class='ocrx_word' id='word_1_282' title='bbox 621 3544 760 3601; x_wconf 79' lang='lat'>10723</span> <span class='ocrx_word' id='word_1_283' title='bbox 800 3556 843 3587; x_wconf 90' lang='lat' dir='ltr'><strong>v.</strong></span> <span class='ocrx_word' id='word_1_284' title='bbox 883 3555 1021 3599; x_wconf 87' lang='lat' dir='ltr'><strong>supra</strong></span> <span class='ocrx_word' id='word_1_285' title='bbox 1058 3555 1102 3598; x_wconf 91' lang='lat' dir='ltr'><strong>p.</strong></span> <span class='ocrx_word' id='word_1_286' title='bbox 1125 3542 1226 3586; x_wconf 84' lang='lat'><strong>654.</strong></span> <span class='ocrx_word' id='word_1_287' title='bbox 1385 3544 1426 3588; x_wconf 82' lang='lat'><strong>2.</strong></span> <span class='ocrx_word' id='word_1_288' title='bbox 1468 3543 1686 3587; x_wconf 88' lang='lat' dir='ltr'><strong>ecclesiae</strong></span> <span class='ocrx_word' id='word_1_289' title='bbox 1725 3541 1772 3587; x_wconf 88' lang='lat' dir='ltr'><strong>S.</strong></span> <span class='ocrx_word' id='word_1_290' title='bbox 1802 3542 1971 3587; x_wconf 87' lang='lat' dir='ltr'><strong>Mariae</strong></span> <span class='ocrx_word' id='word_1_291' title='bbox 2009 3535 2205 3588; x_wconf 83' lang='lat' dir='ltr'><strong>maioris.</strong></span> 
     </span>
     <span class='ocr_line' id='line_1_35' title="bbox 261 3614 2204 3673; baseline 0.001 -12"><span class='ocrx_word' id='word_1_292' title='bbox 261 3616 304 3661; x_wconf 88' lang='grc'><strong>3.</strong></span> <span class='ocrx_word' id='word_1_293' title='bbox 336 3614 543 3661; x_wconf 84' lang='lat' dir='ltr'><strong>Sueviae.</strong></span> <span class='ocrx_word' id='word_1_294' title='bbox 691 3617 735 3661; x_wconf 88' lang='lat'><strong>4.</strong></span> <span class='ocrx_word' id='word_1_295' title='bbox 768 3616 866 3671; x_wconf 93' lang='lat' dir='ltr'>(IV)</span> <span class='ocrx_word' id='word_1_296' title='bbox 895 3616 919 3659; x_wconf 98' lang='lat' dir='ltr'>I</span> <span class='ocrx_word' id='word_1_297' title='bbox 949 3615 1111 3660; x_wconf 84' lang='lat' dir='ltr'><strong>ducem</strong></span> <span class='ocrx_word' id='word_1_298' title='bbox 1140 3616 1377 3660; x_wconf 85' lang='lat' dir='ltr'><strong>Bavariae.</strong></span> <span class='ocrx_word' id='word_1_299' title='bbox 1535 3616 1578 3660; x_wconf 86' lang='lat'><strong>5.</strong></span> <span class='ocrx_word' id='word_1_300' title='bbox 1619 3615 1939 3673; x_wconf 85' lang='lat' dir='ltr'><strong>Lotharingiae</strong></span> <span class='ocrx_word' id='word_1_301' title='bbox 1968 3614 2204 3662; x_wconf 82' lang='lat' dir='ltr'><strong>inferioris.</strong></span> 
     </span>
     <span class='ocr_line' id='line_1_36' title="bbox 262 3687 1401 3746; baseline 0 -13"><span class='ocrx_word' id='word_1_302' title='bbox 262 3690 304 3733; x_wconf 91' lang='grc'><strong>6.</strong></span> <span class='ocrx_word' id='word_1_303' title='bbox 337 3687 601 3733; x_wconf 84' lang='lat' dir='ltr'><strong>Gibbosum.</strong></span> <span class='ocrx_word' id='word_1_304' title='bbox 722 3691 762 3734; x_wconf 84' lang='lat'><strong>7.</strong></span> <span class='ocrx_word' id='word_1_305' title='bbox 795 3689 1113 3746; x_wconf 87' lang='lat' dir='ltr'><strong>Lotharingiae</strong></span> <span class='ocrx_word' id='word_1_306' title='bbox 1144 3689 1401 3746; x_wconf 82' lang='lat' dir='ltr'><strong>superioris.</strong></span> 
     </span>
    </p>
   </div>
  </div>
 </body>
</html>
