2722 4172
492 303 563 357 22
1037 313 1310 354 GREGORn
1345 313 1425 350 vn
1461 311 1725 351 Rncxs'rm
1760 312 1782 349 1
1808 311 1868 347 11.

332 439 447 484 1073
490 435 832 503 iactaverunt,
870 434 976 486 iam
1013 447 1150 485 nunc
1186 431 1252 484 ad
1277 428 1676 484 subvertendam
1701 427 2005 496 religionem
2031 433 2083 483 et
2105 427 2424 483 immobilem

315 500 395 537 Μ’
415 499 464 538 24
493 535 702 584 sanctae
727 530 990 583 Romanae
1015 527 1263 582 ecclesiae
1287 531 1492 597 petram
1518 524 1927 593 concutiendam,
1965 541 2070 578 non
2095 525 2249 579 dubie
2273 540 2424 595 prae-

492 643 726 681 cursores
754 624 1045 679 antichristi
1083 627 1136 678 et
1167 622 1367 692 antiqui
1397 621 1560 675 hostis
1588 620 1854 688 satelliteS,
1891 621 1948 674 in
1975 625 2211 691 apertum
2234 620 2425 675 furoris

493 723 574 776 sui
623 738 866 792 campum
912 718 1281 790 prosiluerunt.
1349 717 1544 781 Quibus
1591 717 1767 770 favere
1815 715 1900 770 vel
1942 717 2231 772 consentire
2269 733 2426 786 quam

490 818 842 889 periculosum
880 817 972 885 sit,
1021 815 1300 886 prudentia
1336 818 1511 868 vestra
1557 813 1679 867 inde
1715 812 2030 883 perpendat,
2070 802 2206 883 quod
2244 813 2425 867 beatus

492 912 772 982 Gregorius
812 913 963 966 dicit:
1010 912 1226 966 Talibus
1265 930 1368 964 non
1406 929 1674 981 sumopere
1714 910 1945 975 obviare,
1988 912 2115 980 quid
2151 910 2300 963 aliud
2337 921 2423 976 est,

491 1013 599 1063 nisi
621 1011 784 1078 fidem
821 1028 1024 1080 neyare.
1082 1007 1231 1061 Unde
1268 1006 1593 1060 nobilitatem
1632 1009 1859 1059 vestram
1889 1005 2158 1058 hortamur
2196 1009 2249 1059 et
2274 1004 2427 1059 valde

490 1122 736 1173 rogamus
753 1146 768 1173 ,
806 1109 868 1158 ut
904 1104 1320 1158 communionem
1356 1103 1567 1156 illorum
1605 1102 1799 1156 evitare
1839 1106 1891 1156 et
1928 1101 2186 1155 declinare
2223 1100 2429 1155 studeat

491 1218 587 1254 1166
632 1200 943 1255 factionibus
983 1216 1163 1254 eorum
1201 1199 1418 1253 consilia
1453 1198 1537 1252 vel
1576 1198 1875 1251 adiumenta
1911 1198 2173 1268 praebeat.
2249 1197 2428 1266 Neque

491 1314 614 1350 vero
662 1297 717 1349 in
765 1297 864 1350 hac
911 1313 968 1350 re
1017 1296 1192 1365 aliqua
1236 1295 1391 1348 huius
1438 1294 1620 1347 mundi
1665 1294 1828 1363 ratio,
1879 1311 2009 1364 quae
2048 1294 2257 1363 quidem
2294 1310 2429 1348 vana

492 1392 797 1446 transitoria
847 1397 900 1446 et
936 1392 1204 1462 deceptiva
1243 1395 1349 1460 est,
1391 1407 1483 1444 vos
1522 1394 1867 1457 commoveat3
1916 1390 2163 1460 quoniam
2198 1407 2292 1461 per
2329 1390 2427 1443 mi-

494 1488 829 1542 sericordiam
866 1488 967 1542 Dei
1018 1493 1070 1543 et
1118 1488 1284 1541 sancti
1320 1487 1465 1541 Petri
1512 1486 1657 1540 nulla
1693 1502 1785 1540 vos
1832 1486 2162 1540 inimicorum
2197 1485 2430 1540 versutia

492 1583 698 1638 laedere
735 1584 952 1655 poterit,
1009 1584 1054 1638 si
1090 1588 1321 1638 mentem
1357 1587 1588 1637 vestram
1623 1582 1790 1636 libera
1827 1583 2143 1636 conscientia
2179 1582 2425 1637 defendit.

640 1680 721 1734 De
753 1680 915 1734 electo
941 1696 1064 1734 vero
1089 1676 1341 1734 Lucensi¹
1365 1695 1471 1732 non
1510 1678 1651 1731 aliud
1675 1679 1822 1732 vobis
1859 1679 2281 1749 respondendum
2316 1695 2429 1733 esse

492 1777 829 1848 pervidimuS,
869 1777 972 1829 nisi
1011 1776 1148 1846 quod
1184 1776 1241 1828 in
1281 1791 1340 1829 eo
1378 1778 1582 1828 tantam
1621 1774 1917 1828 divinarum
1945 1775 2238 1829 litterarum
2264 1775 2429 1828 scien-

492 1875 621 1928 tiam
661 1877 713 1926 et
748 1872 1008 1926 rationem
1046 1871 1372 1926 discretionis
1413 1887 1526 1924 esse
1562 1871 1907 1941 percepimUS,
1946 1875 2021 1940 ut,
2061 1888 2191 1940 quae
2218 1871 2432 1925 sinistra

494 1987 626 2040 quae
666 1969 735 2022 sit
772 1969 1005 2037 dextera,
1044 1969 1159 2038 ipse
1195 1986 1301 2022 non
1339 1968 1558 2037 ignoret.
1637 1967 1832 2032 Quodsi
1870 1967 1936 2021 ad
1974 1967 2244 2021 dexteram
2279 1966 2430 2021 incli-

491 2066 711 2134 naverit,
752 2064 904 2119 valde
942 2065 1253 2133 gaudemus3
1299 2066 1380 2119 sin
1417 2082 1541 2119 vero
1581 2064 1718 2135 quod
1751 2064 1888 2118 absit
1914 2064 1980 2117 ad
2005 2064 2289 2133 sinistram,
2326 2063 2430 2116 uti-

494 2179 593 2233 que
641 2161 903 2228 dolemus3
956 2161 1048 2215 sed
1092 2161 1286 2215 nullius
1335 2178 1590 2232 personae
1628 2161 1800 2230 gratia
1836 2160 1920 2215 vel
1955 2160 2134 2215 favore
2170 2159 2431 2230 impietati

495 2274 765 2312 assensum
803 2257 1058 2311 dabimus,

641 2353 722 2407 De
761 2350 912 2422 rege²
953 2357 1144 2422 autem,
1183 2357 1244 2407 ut
1281 2356 1436 2407 antea
1459 2354 1515 2406 in
1540 2351 1730 2407 litteris
1756 2351 1948 2406 nostris
1976 2351 2264 2422 accepistiS,
2302 2351 2431 2406 haec

498 2454 578 2505 est
613 2449 853 2504 voluntas
892 2454 1090 2518 nostra,
1129 2453 1189 2502 ut
1228 2449 1293 2502 ad
1333 2467 1451 2503 eum
1489 2448 1759 2516 religiosos
1797 2448 1936 2501 viros
1974 2448 2263 2516 mittamuS,
2304 2461 2431 2517 quo-

493 2564 612 2600 rum
669 2545 1129 2599 ammonitionibus
1185 2545 1477 2615 inspirante
1523 2545 1635 2598 Deo
1685 2545 1751 2598 ad
1799 2560 2028 2598 amorem
2074 2547 2284 2598 sanctae
2328 2543 2431 2598 Ro-

493 2660 681 2696 manae
730 2646 968 2695 nostrae⁸
1018 2646 1070 2695 et
1115 2658 1240 2695 suae
1284 2642 1470 2694 matris
1518 2641 1765 2695 ecclesiae
1812 2658 1930 2694 eum
1977 2657 2220 2695 revocare
2267 2644 2320 2695 et
2366 2640 2432 2694 ad

496 2739 805 2807 condignam
842 2738 1067 2791 formam
1108 2737 1424 2807 suscipiendi
1461 2737 1671 2808 imperii
1707 2738 1967 2791 instruere
2006 2742 2058 2791 et
2085 2736 2317 2807 expolire
2340 2753 2430 2790 va-

494 2835 710 2890 leamus.
781 2833 975 2897 Quodsi
1011 2850 1135 2902 nos,
1190 2833 1328 2903 quod
1364 2850 1470 2886 non
1509 2839 1773 2904 optamuS,
1827 2834 2005 2887 audire
2043 2832 2429 2903 contempserit,

494 2949 588 2986 nos
639 2935 816 2984 tamen
856 2947 887 2984 a
923 2934 1092 2984 matre
1130 2934 1311 2983 nostra
1346 2928 1581 2984 Romana
1619 2930 1860 2999 ecclesia,
1913 2947 2043 2999 quae
2081 2946 2175 2983 nos
2213 2928 2431 2982 nutrivit

497 3033 548 3082 et
586 3044 740 3098 saepe
778 3025 1006 3080 filiorum
1045 3043 1257 3079 suorum
1296 3027 1547 3094 sanguine
1586 3026 1715 3081 alios
1753 3027 2022 3095 generavit
2057 3024 2219 3093 filios,
2258 3028 2429 3078 custo-

497 3125 670 3178 diente
720 3123 831 3177 Deo
887 3122 1181 3177 exorbitare
1227 3139 1324 3176 nec
1369 3139 1647 3192 possumus
1693 3140 1790 3177 nec
1839 3122 2099 3176 debemus.
2175 3121 2246 3174 Et
2291 3124 2430 3175 certe

495 3220 659 3274 tutius
697 3219 847 3273 nobis
887 3222 992 3288 est,
1033 3219 1354 3273 defendendo
1392 3220 1667 3273 veritatem
1703 3235 1799 3290 pro
1839 3219 1920 3271 sui
1956 3218 2120 3287 ipsius
2159 3216 2325 3270 salute
2364 3217 2430 3270 ad

496 3333 660 3385 usque
709 3316 1015 3383 sanguinem
1052 3319 1288 3369 nostrum
1327 3315 1427 3369 sibi
1462 3316 1731 3383 resistere,
1784 3331 1963 3383 quam,
2015 3313 2082 3366 ad
2119 3312 2430 3383 explendam

499 3412 608 3466 eius
655 3411 978 3465 voluntatem
1025 3411 1291 3481 iniquitati
1337 3411 1731 3479 consentiendO,
1780 3425 1955 3463 secum
2005 3409 2142 3478 quod
2190 3408 2326 3462 absit
2362 3409 2429 3462 ad

498 3507 768 3561 interitum
805 3524 972 3561 ruere.
1013 3507 1195 3562 Valete
1234 3508 1289 3561 in
1315 3506 1538 3576 Christo,
1579 3506 1923 3572 clarissimae3
1965 3509 2017 3559 et
2052 3505 2108 3558 in
2145 3508 2324 3558 nostra
2350 3505 2428 3558 di-

614 3643 647 3669 a.
680 3633 830 3669 nostrae
858 3631 1006 3669 addidi.

617 3711 658 3755 1.
691 3709 919 3754 Anselmo.
979 3765 983 3771 .
1096 3711 1137 3754 2.
1168 3709 1378 3755 Heinrico
1406 3710 1487 3756 IV.
