2730 4198
299 416 410 460 1081

266 476 373 513 Mart.
395 478 442 515 15

473 282 583 335 460
983 294 1255 333 GREGORH
1294 295 1371 330 vn
1408 292 1671 331 REGISTRI
1708 294 1807 330 vm
1833 294 1893 329 21.

473 415 804 482 peccatorum
842 409 1090 463 vinculis·
1129 410 1183 462 in
1222 408 1321 462 Dei
1367 408 1557 461 iudicio
1609 407 1874 461 absolutus
1913 412 2187 478 appareat,
2237 426 2406 464 sacer-

473 507 607 560 dotis
657 522 807 575 opem
859 504 1079 574 supplex
1132 520 1191 557 ac
1239 502 1564 556 miserandus
1612 502 1844 571 requirit.
1923 502 2047 567 Quis
2089 507 2264 557 autem
2301 520 2406 558 non

471 601 623 654 modo
672 600 998 654 sacerdotum
1036 616 1217 652 verum
1267 599 1423 652 etiam
1470 597 1750 665 laicorum,
1800 598 1855 650 in
1901 599 2147 652 extremis
2185 599 2405 669 posituS,

470 713 565 766 pro
604 694 759 749 suaeh
788 695 991 748 animae
1030 694 1197 747 salute
1230 693 1423 747 terreni
1452 693 1587 760 regis
1613 692 1914 762 imploravit
1940 693 2224 746 auxilium?
2281 693 2406 757 Quis

470 807 591 843 vero
639 807 821 858 regum
858 789 940 843 vel
986 790 1360 859 imperatorum
1411 788 1635 857 aliquem
1681 787 2019 841 christianum
2058 805 2123 842 ex
2159 788 2406 858 imposito

471 885 570 938 sibi
609 884 776 939 officio
815 885 954 938 valet
993 901 1138 937 sacro
1178 884 1490 937 babtismate
1530 900 1592 936 ex
1629 882 1822 936 diaboli
1846 887 2103 952 potestate
2130 883 2328 953 eripere
2356 887 2408 938 et

468 980 606 1033 inter
650 978 783 1032 filios
822 979 921 1032 Dei
966 995 1338 1032 connumerare
1377 983 1656 1046 sanctoque
1695 978 1974 1031 chrismate
2011 978 2407 1048 praemunire⁶?

468 1073 540 1127 Et
579 1074 716 1143 quod
752 1074 1041 1128 maximum
1082 1078 1160 1127 est
1197 1076 1252 1127 in
1291 1074 1578 1128 christiana
1615 1073 1880 1140 religione,
1921 1073 2035 1141 quis
2065 1090 2245 1127 eorum
2268 1073 2409 1128 valet

470 1168 713 1238 propriod
754 1186 842 1222 ore
892 1186 1078 1239 corpus
1129 1173 1181 1222 et
1218 1170 1522 1236 sanguinem
1562 1168 1774 1222 Domini
1815 1167 2096 1222 conficere?
2159 1168 2286 1222 Vel⁹
2324 1169 2405 1223 cui

471 1279 647 1316 eorum
689 1264 811 1316 data
850 1268 929 1317 est
964 1267 1195 1334 potestas
1233 1264 1430 1331 ligandi
1470 1264 1805 1332 solvendique
1829 1264 1885 1316 in
1912 1263 2052 1316 coelo
2080 1263 2210 1317 etin
2236 1264 2407 1318 terra?

468 1357 550 1410 Ex
591 1358 775 1425 quibus
815 1363 993 1427 aperte
1032 1358 1308 1426 colligitur,
1349 1363 1544 1427 quanta
1579 1362 1837 1428 potestate
1877 1358 2157 1428 praecellat
2181 1359 2408 1426 dignitas

469 1453 810 1506 sacerdotum.
870 1452 979 1507 Aut
1018 1454 1133 1521 quis
1173 1470 1352 1507 eorum
1391 1458 1563 1522 potest
1602 1454 1826 1522 aliquem
1866 1453 2109 1507 clericum
2146 1455 2200 1507 in
2229 1458 2410 1508 sancta

470 1547 744 1600 aecclesia‘
782 1548 1056 1600 ordinare?
1107 1552 1299 1616 quanto
1343 1548 1516 1600 minus
1555 1565 1650 1618 pro
1691 1549 1865 1618 aliqua
1903 1548 2056 1619 culpa
2094 1566 2209 1603 eum
2250 1549 2407 1620 depo—

466 1659 605 1695 nere.
665 1642 902 1710 Namque
940 1643 995 1695 in
1035 1642 1430 1696 aecclesiasticis
1470 1643 1737 1697 ordinibus
1771 1644 1984 1697 maioris
2013 1649 2092 1698 est
2116 1646 2406 1715 potestatiS,

468 1738 727 1807 deponere
767 1754 920 1806 quam
962 1738 1219 1791 ordinare.
1288 1737 1538 1807 Episcopi
1578 1739 1748 1791 enimg
1784 1743 2005 1808 possunt
2042 1739 2171 1793 alios
2210 1741 2424 1811 episco-·

468 1849 563 1903 pos
604 1833 871 1901 ordinare,
913 1834 1003 1887 sed
1040 1834 1183 1886 nullo
1223 1833 1376 1886 modo
1418 1834 1530 1886 sine
1570 1834 1877 1887 auctoritate
1915 1835 2231 1904 apostolicae
2269 1836 2407 1890 sedis

465 1928 738 1998 deponere.
799 1928 923 1992 Quis
961 1929 1150 1997 igitur,
1190 1929 1304 1982 vel¹¹
1343 1930 1570 1982 tenuiter
1610 1929 1815 1998 sciolus,
1857 1930 2169 1984 sacerdotes*
2207 1931 2410 1986 dubitet

464 2024 672 2092 regibus
723 2024 1034 2078 anteferrik?
1111 2023 1306 2087 Quodsi
1352 2042 1500 2093 reges
1549 2042 1643 2095 pro
1688 2026 1915 2094 peccatis
1955 2026 2062 2079 suis
2103 2044 2134 2079 a
2171 2027 2408 2082 sacerdo—

465 2119 604 2174 tibus
653 2124 776 2185 sunt
820 2120 1111 2188 iudicandi,
1162 2137 1193 2173 a
1240 2136 1339 2188 quo
1388 2120 1581 2174 rectius
1631 2137 1788 2189 quam
1827 2138 1858 2174 a
1894 2121 2127 2175 Romano
2165 2121 2407 2192 pontifice

464 2215 687 2269 iudicari
725 2215 964 2269 debent'?

612 2310 698 2364 Ad
738 2327 1012 2378 summam,
1054 2310 1312 2379 quoslibet
1347 2310 1509 2363 bonos
1549 2311 1856 2364 christianos
1896 2312 2058 2364 multo
2099 2312 2406 2365 convenien-

465 2406 587 2473 tius,
614 2423 771 2474 quam
797 2406 961 2459 malos
987 2406 1267 2475 principeS,
1294 2423 1475 2473 reges
1501 2405 1723 2473 intelligi
1751 2406 1910 2460 decet.
1950 2406 2044 2460 Isti
2069 2407 2208 2460 enim
2219 2415 2265 2474 ¹¹¹,
2297 2407 2407 2475 glo-

465 2502 600 2554 riam
638 2500 739 2554 Dei
777 2501 1056 2570 querendo,
1097 2509 1182 2553 se¹¹
1220 2501 1362 2570 ipsos
1402 2505 1610 2554 strenue
1649 2506 1861 2569 regunt3
1903 2506 1958 2555 at
1993 2501 2097 2569 illi,
2132 2518 2238 2555 non
2276 2518 2408 2571 quae

466 2595 567 2649 Dei
618 2600 740 2649 sunt
788 2596 879 2649 sed
926 2612 1021 2649 sua
1068 2599 1372 2665 quaerentes
1389 2593 1417 2664 ¹,
1466 2596 1674 2650 sibimet
1710 2597 1910 2665 hosteS,
1960 2597 2089 2650 alios
2135 2598 2408 2667 tyrannice

467 2691 785 2762 opprimunt.
845 2691 915 2744 Hi
942 2692 1082 2745 veri⁰
1108 2691 1246 2759 regis
1274 2691 1485 2759 Christi,
1525 2692 1603 2744 illi
1628 2709 1750 2745 vero
1783 2692 1975 2747 diaboli
2014 2710 2201 2763 corpus
2241 2689 2404 2746 sunt'.

465 2787 557 2840 Isti
597 2786 662 2840 ad
700 2787 798 2840 hoc
825 2787 924 2840 sibi
949 2786 1226 2857 imperant,
1266 2769 1326 2840 ut
1361 2804 1478 2840 cum
1506 2804 1708 2840 summo
1733 2788 2050 2858 imperatore
2077 2788 2407 2843 aeternaliter

465 2886 709 2950 regnent3
748 2882 959 2935 illorum
996 2900 1118 2936 vero
1157 2883 1213 2936 id
1249 2886 1481 2953 potestas
1517 2883 1640 2951 agit,
1680 2887 1739 2936 ut
1764 2900 1882 2937 cum
1907 2884 2234 2938 tenebrarum
2263 2884 2407 2954 prin-

465 2978 595 3048 cipe,
637 2978 725 3047 qui
762 2994 856 3031 rex
897 2982 977 3031 est
1014 2995 1170 3049 super
1209 2995 1387 3032 omnes
1423 2977 1559 3032 filios
1595 2975 1883 3049 superbie³,
1922 2983 2133 3034 aeterna
2157 2979 2406 3049 dampna-

463 3073 605 3127 tione
643 3073 985 3144 dispereant&

611 3168 720 3223 Nec
756 3169 909 3223 valde
948 3186 1072 3223 sane
1110 3169 1408 3223 mirandum
1447 3174 1572 3239 estq,
1612 3170 1750 3240 quod
1783 3169 1909 3223 mali
1935 3167 2204 3239 pontifices
2227 3168 2406 3237 iniquo

464 3264 576 3332 regi
615 3290 683 3300 —-
726 3281 905 3333 quem,
960 3265 1162 3336 adeptis
1210 3264 1346 3320 male
1384 3281 1478 3335 per
1526 3281 1644 3319 eum
1686 3264 1993 3332 honoribUS,
2040 3263 2263 3331 diligunt
2300 3280 2408 3317 me-

582 3392 614 3418 a.
650 3381 800 3419 vinculo
828 3382 864 3418 2.
1005 3381 1044 3419 b.
1081 3382 1139 3419 sui
1166 3382 1273 3427 cod.,·
1302 3395 1371 3418 om.
1391 3383 1427 3419 3.
1570 3392 1602 3418 c.
1637 3380 1864 3418 communire
1892 3381 1927 3416 3.
2070 3379 2107 3416 d.
2142 3378 2344 3417 christiano
2372 3381 2408 3417 2.

467 3457 498 3482 e.
526 3461 597 3482 om.
619 3448 655 3484 3.
777 3447 804 3484 f.
830 3446 871 3484 in
898 3449 1064 3484 sanctam
1093 3447 1289 3485 ecclesiam
1317 3448 1353 3484 2.
1476 3458 1510 3494 g.
1540 3460 1608 3485 om.
1627 3447 1663 3492 2,
1689 3456 1789 3483 nunc
1815 3447 1851 3482 3.
1971 3444 2009 3482 h.
2037 3459 2107 3481 om.
2123 3446 2157 3482 2.
2273 3445 2300 3482 i.
2327 3445 2406 3494 epi-

467 3521 603 3559 scopos
630 3512 690 3549 vel
718 3512 933 3550 sacerdotes
961 3514 997 3550 3.
1113 3512 1150 3549 k.
1179 3511 1363 3549 anteferre
1389 3512 1425 3548 4.
1543 3512 1569 3549 1.
1598 3512 1686 3548 sunt
1710 3510 1902 3548 iudicandi
1927 3511 1953 3547 4
1974 3524 2045 3558 pro
2072 3510 2230 3548 iudicari
2257 3510 2407 3548 debent.

465 3586 515 3613 m.
541 3577 656 3623 igitur
682 3578 718 3614 3.
847 3589 885 3615 n.
913 3579 1031 3615 semet
1059 3580 1094 3615 3.
1116 3579 1152 3616 4.
1284 3590 1318 3615 o.
1346 3589 1434 3615 vero
1464 3579 1547 3615 cod.
1676 3587 1714 3624 p.
1740 3576 1898 3624 pereant
1923 3577 1959 3612 3.
2089 3586 2125 3623 q.
2153 3590 2224 3612 om.
2247 3578 2282 3613 2.

585 3655 626 3697 1.
659 3652 726 3699 ef.
748 3654 939 3712 Philipp.
962 3656 1003 3712 2,
1025 3657 1097 3700 21.
1247 3657 1288 3700 2.
1321 3653 1389 3700 Of.
1414 3656 1438 3698 1
1462 3652 1660 3699 corinth.
1687 3654 1757 3710 12,
1781 3654 1852 3698 27.
2002 3654 2044 3697 3.
2074 3652 2156 3699 1010
2185 3653 2259 3710 41,
2284 3654 2356 3698 25.
