2644 4166
410 292 442 345 8
996 305 1267 345 GREGORII
1303 306 1381 342 vn
1419 303 1742 343 REGISTRUM

407 442 608 476 morum
623 424 927 494 pontificum
952 434 1084 476 tomo
1113 423 1214 476 III
1231 421 1558 487 549-885,
1602 421 1800 474 Romae
1831 424 1888 473 in
1913 422 2124 475 aedibus
2141 421 2334 492 populi

409 519 640 572 Romani
675 519 834 572 1591.
897 518 1042 585 Quae
1080 521 1286 589 quidem
1324 519 1504 581 editi0,
1560 516 1673 568 licet
1719 534 1824 568 non
1860 519 1928 569 sit
1962 520 2205 571 vitiorum
2243 536 2329 570 ea-

399 633 548 684 pers,
599 625 654 667 at
698 617 872 667 ceteris
919 615 1097 667 saltem
1145 615 1293 685 lonqe
1330 622 1579 684 praestat.
1643 610 1948 681 Quicunque
1986 616 2120 666 enim
2148 623 2332 683 postea

403 710 764 781 proponebant
800 729 954 780 opus,
1003 712 1048 763 ii
1085 729 1278 775 omnes,
1329 709 1476 761 illam
1522 725 1682 759 unam
1720 708 1990 760 editionem
2036 719 2127 762 aut
2162 711 2332 779 ipsam

406 815 497 859 aut
531 808 639 858 iam
674 808 942 876 repetitam
978 809 1035 859 in
1072 825 1222 859 usum
1259 823 1408 857 suum
1455 813 1818 868 convertentes,
1867 806 2112 856 mutando
2160 815 2331 856 trans-

389 902 616 971 ferendo
665 903 939 955 omittendo
987 912 1138 972 atque
1188 904 1339 954 etiam
1387 900 1689 970 corriqendo
1739 901 1893 968 quasi
1939 902 2169 952 attritum
2214 901 2331 952 diu-

405 1008 559 1050 turna
606 999 908 1050 tractatione
956 997 1143 1050 librum
1181 998 1529 1050 tradiderunt:
1580 996 1772 1047 Binius
1813 1013 1948 1046 anno
1988 995 2133 1047 1606
2169 995 2332 1046 Pari-

405 1095 497 1145 siis
547 1103 594 1145 et
638 1090 880 1145 Coloniae
927 1092 1286 1163 Aqrippinae,
1341 1091 1571 1146 Concilia
1616 1091 1881 1161 qeneralia
1937 1089 1995 1142 T.
2029 1089 2132 1142 III
2168 1090 2234 1142 P.
2272 1089 2343 1142 II

406 1188 551 1241 1154
572 1219 640 1226 -—
663 1187 812 1240 1278
822 1207 840 1250 ,·
901 1191 1037 1258 reqii
1097 1190 1312 1240 editores
1375 1206 1512 1240 anno
1576 1187 1722 1240 1644
1777 1187 2036 1251 Parisiis,
2103 1183 2335 1238 Concilia

413 1282 472 1335 T.
500 1282 703 1336 XXVI
730 1282 768 1336 8
778 1283 970 1336 -520
979 1303 998 1346 ,·
1035 1284 1272 1336 Labbeus
1312 1294 1358 1336 et
1388 1282 1676 1341 Cossartius
1716 1301 1851 1335 anno
1891 1282 2038 1335 1671
2079 1281 2331 1347 Lutetiae,

408 1378 755 1432 Sacrosancta
794 1379 1013 1432 concilia
1058 1379 1118 1432 T.
1147 1380 1204 1431 X
1238 1380 1274 1433 6
1286 1380 1502 1443 —306;
1541 1380 1852 1432 Harduinus
1889 1396 2024 1430 anno
2051 1377 2197 1430 1714
2222 1378 2334 1430 Pa-

402 1476 563 1539 risiis,
605 1474 742 1526 Acta
771 1476 1106 1528 conciliorum
1139 1475 1198 1527 T.
1231 1475 1313 1528 VI
1330 1476 1396 1527 P.
1419 1476 1458 1527 I
1476 1474 1884 1537 1195—15103
1924 1468 2171 1526 Coletius¹
2197 1492 2333 1526 anno

404 1570 550 1624 1728
585 1570 803 1622 Venetiis
814 1589 832 1632 ,⁸
870 1571 1055 1623 Mansi
1077 1589 1214 1623 anno
1242 1571 1386 1624 1775
1422 1571 1658 1636 Venetiis,
1690 1570 1975 1624 Sacrorum
2002 1570 2336 1622 conciliorum

405 1665 629 1719 collectio
676 1665 736 1718 T.
763 1665 876 1718 XX
910 1666 1217 1728 60-373,·
1261 1667 1442 1736 Miqne
1481 1686 1618 1719 anno
1658 1667 1802 1720 1853
1838 1667 2094 1731 Parisiis,
2141 1666 2334 1719 Patro-

406 1762 546 1832 loqia
590 1761 650 1814 T.
680 1759 980 1815 CXLVIII
1007 1761 1334 1815 283—644.

550 1858 811 1927 Equidem
835 1859 892 1910 in
915 1858 1182 1910 recolendo
1215 1855 1460 1928 Greqorii
1481 1861 1698 1928 reqistro
1725 1859 1848 1911 haec
1874 1860 1975 1911 duo
2011 1861 2337 1929 potissimum

404 1964 601 2006 secutus
649 1972 763 2006 sum
774 1993 790 2020 ,
849 1964 907 2006 ut
952 1964 1000 2006 et
1042 1955 1339 2021 universum
1386 1973 1572 2024 corpus
1619 1975 1652 2007 a
1699 1973 1911 2007 numero
1969 1965 2015 2007 et
2062 1956 2243 2007 ordine
2293 1965 2339 2008 et

404 2052 741 2121 dispositione
779 2052 1007 2120 capitum
1044 2051 1322 2102 secundum
1360 2051 1584 2102 codicem
1620 2050 1769 2102 illum
1792 2053 2106 2103 restituerem
2145 2061 2191 2104 et
2226 2053 2334 2103 sin-

400 2147 529 2217 qula
554 2165 734 2198 rursus
755 2148 946 2216 capita,
977 2164 1196 2215 quorum
1213 2147 1615 2216 unumquodque
1629 2149 1873 2217 primitus
1886 2147 2153 2217 peculiare
2161 2147 2337 2216 fuisse

406 2244 582 2313 liquet,
626 2253 672 2295 et
708 2263 741 2295 a
777 2244 918 2295 vitiis
943 2260 1266 2307 removerem,
1309 2253 1558 2311 quantum
1580 2243 1754 2312 ferret
1774 2243 2028 2312 facultas,
2071 2253 2117 2295 et
2151 2223 2336 2295 manca

404 2339 711 2409 supplerem.

552 2434 726 2504 Atque
751 2435 822 2486 ad
847 2434 1252 2503 coqnoscendum
1279 2434 1501 2486 codicem
1537 2433 1843 2486 Vaticanum
1869 2452 1983 2485 cum
2007 2436 2115 2486 iam
2142 2436 2335 2505 oppido

403 2531 620 2583 multum
648 2530 941 2582 contulisset
972 2529 1252 2582 I‘Villelmus
1283 2526 1604 2583 Giesebreclit
1641 2530 1773 2582 edito
1802 2529 1988 2594 libello,
2033 2532 2126 2599 qui
2147 2532 2335 2583 inscri-

406 2628 569 2680 bitur:
619 2627 704 2679 De
747 2623 991 2695 Greqorii
1024 2625 1139 2678 VII
1167 2627 1383 2694 reqistro
1424 2626 1764 2690 emendandO,
1806 2626 2135 2696 Brunsviqae
2172 2626 2333 2692 1858,

405 2734 461 2776 ut
497 2723 656 2777 multo
698 2724 849 2774 etiam
889 2722 1202 2773 commodius
1239 2721 1520 2790 meliusque
1567 2740 1627 2773 ex
1667 2723 1839 2774 eodem
1861 2722 2017 2791 fonte
2054 2722 2334 2788 haurirem,

405 2821 543 2873 idem
578 2821 661 2871 vir
697 2836 892 2870 mecum
920 2827 1174 2887 perqrata
1210 2817 1577 2868 necessitudine
1615 2820 1912 2870 coniunctus
1937 2821 2147 2888 reqistri
2171 2836 2335 2871 exem-

397 2916 568 2986 plum,
612 2915 752 2984 quod
778 2914 976 2966 Romae
1012 2914 1201 2982 viqinti
1224 2912 1408 2964 abhinc
1435 2931 1597 2964 annos
1637 2932 1661 2964 e
1698 2914 1943 2966 Vaticano
1980 2917 2333 2984 castiqaverat,

406 3012 538 3064 milii
563 3011 812 3082 praebuit
848 3010 1221 3079 beniqnissime.
1285 3007 1398 3073 Quo
1422 3008 1632 3077 factum
1671 3020 1743 3062 est
1764 3020 1835 3074 ut,
1878 3011 2110 3062 adhibita
2137 3026 2338 3079 quoque

404 3109 644 3178 principe
684 3107 919 3170 editione,
960 3107 1016 3157 in
1055 3105 1148 3157 hoc
1186 3104 1534 3156 subsidiorum
1568 3124 1753 3174 qenere
1789 3105 1924 3156 nihil
1945 3106 2333 3175 relinqueretur.

555 3203 667 3255 Nec
703 3220 821 3255 vero
862 3202 997 3253 alius
1032 3201 1234 3270 qeneris
1274 3200 1492 3265 auxilia,
1535 3211 1680 3253 eatra
1716 3203 1888 3270 ipsum
1912 3202 2186 3269 reqistrum
2221 3218 2335 3252 ver-

408 3301 608 3364 santia,
659 3299 844 3368 quibus
881 3297 962 3349 vel
998 3295 1406 3348 emacularentur
1442 3296 1524 3348 vel
1561 3296 1883 3366 explerentur
1920 3296 2127 3365 sinqula
2167 3298 2335 3365 operis

410 3398 608 3465 capita,
661 3394 953 3463 defecerunt
998 3394 1202 3445 omnino
1213 3411 1230 3453 ,·
1279 3391 1395 3443 licet
1437 3394 1608 3444 minor
1654 3409 1828 3444 eorum
1871 3409 2112 3443 numerus
2143 3391 2333 3460 fuerit,

412 3509 568 3561 quam
615 3490 985 3542 desiderabam.
1051 3486 1325 3540 Nonnulla
1374 3489 1507 3538 enim
1554 3487 1764 3539 aliunde
1811 3504 1967 3555 quam
1994 3461 2074 3538 'ex
2119 3488 2334 3555 reqistro

410 3596 575 3639 tracta
613 3588 720 3638 iam
756 3587 922 3655 ipsius
961 3583 1156 3636 saeculi
1187 3582 1281 3634 XI
1311 3592 1357 3635 et
1391 3585 1643 3652 sequentis
1680 3584 1952 3652 scriptores
1991 3582 2332 3647 tradiderunt,

527 3708 566 3752 1.
597 3706 729 3751 huius
760 3706 1001 3750 editionem
1032 3718 1121 3750 non
1150 3703 1257 3749 vidi.
