2730 4198
371 421 487 464 1080

338 480 447 518 Mart.
468 482 517 518 24

388 2689 503 2732 1080

360 2750 450 2798 Apr.
470 2751 519 2787 12

547 287 654 339 408
1016 299 1288 337 GREGORn
1326 298 1403 334 vn
1443 295 1705 334 REGISTRI
1743 296 1822 332 v11
1851 296 1909 332 17.
1940 297 2000 333 18.

546 420 695 485 gatus
733 420 908 468 noster
935 414 1127 481 H(ugo)
1155 412 1363 466 Diensis
1405 412 1706 481 episcopus:
1749 412 1887 480 quod
1925 429 2017 465 vos
2055 428 2151 483 pro
2189 412 2286 466 hac
2324 428 2480 466 causa

546 512 611 565 ad
650 512 749 563 duo
790 509 1035 575 concilia,
1065 507 1261 560 scilicet
1297 511 1356 559 ut
1392 506 1529 560 inter
1554 523 1645 559 vos
1673 510 1725 560 et
1750 522 1909 576 supra
1932 506 2152 561 libatum
2180 508 2481 578 episcopum

546 606 730 660 exinde
769 604 998 657 iustitiae
1035 602 1191 655 finem
1231 605 1589 671 componeret,
1642 601 1937 668 admonuit3
1989 602 2103 670 sed,
2151 606 2211 656 ut
2246 604 2359 673 ipse
2399 619 2480 656 as-

545 701 685 768 serit,
726 699 922 752 nullam
963 698 1218 751 iustitiam
1258 713 1349 750 seu
1388 696 1736 750 obedientiam
1764 696 2006 750 exhibere
2033 697 2286 751 voluistis.
2345 697 2480 761 Qua-

542 799 757 866 propter
797 793 1061 864 synodalis
1101 796 1383 846 conventus
1423 792 1667 859 decrevit,
1707 795 1766 844 ut
1802 791 2040 860 praefata
2075 793 2394 846 monasteria
2425 793 2482 846 in

542 894 881 960 potestatem⁰
907 888 1291 942 Lemovicensis
1333 887 1581 941 ecclesiae
1616 887 1786 940 redire
1813 886 2035 940 debeant
2061 890 2113 940 et
2138 887 2250 941 sine
2275 892 2482 942 contra-

544 985 767 1038 dictione
805 988 980 1037 vestra
1029 1000 1119 1037 seu
1158 988 1448 1036 vestrorum
1497 999 1660 1052 usque
1699 982 1764 1035 ad
1804 982 2083 1035 adventum
2120 982 2279 1050 legati
2316 983 2483 1036 nostri

545 1080 716 1148 quiete
757 1079 821 1132 ab
859 1079 977 1148 ipsa
1016 1078 1230 1132 ecclesia
1269 1078 1648 1148 possideantur.
1708 1078 1814 1131 Nos
1853 1078 2044 1146 itaque,
2085 1078 2234 1132 iuxta
2260 1078 2482 1132 fratrum

543 1178 840 1228 nostrorum
887 1191 1195 1228 consensum
1235 1178 1389 1244 atque
1429 1175 1702 1228 consilium
1742 1174 1879 1243 quod
1917 1190 2077 1244 supra
2113 1173 2365 1228 libatum*
2405 1178 2485 1228 est

544 1268 934 1337 confirmanteS,
976 1269 1282 1322 mandamus
1321 1270 1468 1323 vobis
1509 1275 1661 1339 atque
1700 1270 2078 1340 praecipimus:
2119 1273 2178 1322 ut
2214 1286 2378 1338 usque
2417 1269 2485 1323 ad

543 1364 831 1434 praefixum
882 1364 1164 1417 terminum
1201 1365 1518 1434 permittatis
1563 1365 1885 1436 praedictam
1936 1365 2207 1419 ecclesiam
2243 1364 2484 1419 Lemovi-

544 1476 750 1513 censem
788 1460 904 1529 ipsa
942 1460 1260 1512 monasteria
1297 1460 1537 1514 retinere.
1597 1459 1654 1514 Si
1687 1477 1808 1514 vero
1847 1461 1901 1513 in
1929 1461 2002 1514 eis
2031 1461 2228 1530 aliquid
2252 1461 2485 1516 iustitiae

543 1571 635 1607 vos
661 1553 852 1607 habere
880 1552 1155 1621 confiditiS,
1194 1554 1355 1622 legati
1381 1555 1545 1608 nostri
1573 1556 1854 1609 adventum
1880 1561 2231 1626 expectanteS,
2274 1573 2485 1610 causam

543 1653 774 1703 vestram
811 1648 889 1701 illi
929 1652 1183 1718 oportuno
1221 1649 1334 1702 loco
1374 1653 1426 1703 et
1464 1655 1725 1720 tempore,
1765 1651 1856 1704 ubi
1892 1652 2060 1721 possit
2096 1651 2483 1706 Lemovicensis

543 1744 815 1814 episcopus
853 1744 1131 1812 interesse,
1171 1749 1585 1814 repraesentate3
1629 1750 1747 1799 ante
1787 1746 1931 1799 cuius
1973 1747 2291 1800 audientiam
2329 1764 2487 1801 causa

542 1844 717 1893 vestra
755 1839 1055 1907 diligentius
1093 1839 1347 1893 ventilata
1385 1844 1436 1894 et
1476 1840 1678 1910 plenius
1718 1842 1925 1909 cognita
1962 1842 2198 1896 iusticiae
2221 1841 2378 1895 finem
2403 1843 2485 1896 in-

544 1936 721 1989 veniat
759 1939 825 2003 et,
864 1935 1002 1988 inter
1039 1951 1132 1987 vos
1172 1935 1313 1988 omni
1351 1935 1442 1990 lite
1482 1936 1670 2006 sopita,
1715 1937 1933 2006 quisque
1970 1941 2204 1991 vestrum
2242 1954 2334 1991 suo
2372 1938 2487 1992 iure

544 2035 844 2085 contentus⁶
891 2031 1140 2083 iniuriam
1196 2031 1368 2085 facere
1417 2031 1635 2085 desinat.
1714 2030 1854 2086 Data
1900 2032 2095 2087 Romae
2142 2036 2175 2087 9
2223 2033 2485 2088 Kalendas

540 2126 758 2197 Aprilis,
796 2127 1079 2181 indictione
1119 2128 1168 2180 3.

542 2275 647 2337 VII
678 2280 774 2337 18.
826 2282 1138 2334 Wilielmum
1164 2281 1202 2333 I
1220 2282 1671 2352 arehiepiscopum
1693 2282 2026 2335 Ausciensem
2050 2284 2113 2336 de
2137 2283 2485 2336 inobedientia

731 2379 986 2447 obiurqat.
1053 2378 1304 2441 Mandat,
1355 2387 1413 2429 ut
1448 2397 1482 2429 a
1519 2377 1744 2430 Dodone
1782 2379 1962 2431 abbate
1999 2379 2294 2431 Pezanensi
2329 2379 2483 2431 ecele-

731 2474 864 2523 siam
905 2472 963 2526 S.
991 2473 1203 2525 Mariae
1226 2472 1710 2525 Dalmairaeensem
1735 2474 1894 2526 Petro
1922 2474 2101 2527 abbati
2123 2474 2489 2528 Aureliae-enei

727 2570 930 2620 restitui
963 2568 1150 2620 iubeat.

694 2675 976 2743 Gregorius
1004 2677 1276 2747 episcopus
1304 2693 1483 2730 servus
1511 2694 1780 2731 servorum
1805 2677 1905 2731 Dei
1923 2677 2184 2732 Wilielmo
2201 2675 2487 2733 ¹Auxiensi

549 2771 936 2841 archiepiscopo
977 2772 1198 2825 salutem
1239 2776 1291 2825 et
1329 2773 1668 2842 apostolicam
1705 2774 2132 2827 benedictionem.

693 2866 974 2934 Miramur,
1014 2868 1346 2937 prudentiam
1383 2872 1527 2921 tuam
1566 2869 1643 2922 ita
1682 2886 1737 2922 se
1777 2869 2091 2939 apostolicae
2129 2869 2241 2923 sedi
2275 2868 2485 2922 inoboe-

547 2961 776 3015 dientem
815 2962 1128 3031 exhibuisse,
1167 2967 1227 3016 ut
1263 2964 1563 3032 negocium,
1612 2965 1748 3033 quod
1786 2965 1885 3019 tibi
1921 2965 2103 3019 vicarii
2141 2965 2308 3018 nostri
2345 2980 2483 3016 com-

545 3057 801 3110 miserunt
840 3059 906 3111 ad
945 3059 1320 3127 exequendum,
1361 3063 1435 3127 tu,
1474 3076 1579 3113 non
1617 3061 1835 3114 curansd
1871 3078 2073 3131 parere,
2113 3058 2485 3128 contempseris

547 3153 613 3205 ad
663 3152 899 3207 effectum
939 3154 1238 3224 perducere.
1319 3153 1587 3223 Siquidem
1624 3156 1858 3209 iniuncta
1893 3156 1991 3209 tibi
2029 3161 2107 3208 cst
2145 3155 2208 3208 ab
2248 3154 2322 3207 eis
2360 3170 2485 3207 cura

545 3248 799 3301 iustitiam
837 3249 1062 3302 faciendi
1087 3249 1241 3303 Petro
1283 3250 1459 3304 abbati
1483 3251 1868 3304 Aureliacensis
1895 3250 2095 3304 cenobii
2105 3246 2139 3318 ²,
2176 3250 2305 3302 iuris
2331 3249 2484 3302 huius

549 3348 758 3397 sanctae
795 3344 1059 3398 Romanae
1099 3346 1370 3415 ecclesiae,
1412 3347 1475 3399 de
1512 3346 1730 3400 Dodone
1770 3346 1955 3399 abbate
1992 3341 2343 3411 Pezanense³3
2395 3345 2485 3413 qui

663 3464 696 3489 a.
729 3455 917 3501 potestate
946 3456 1028 3492 cod.
1160 3455 1196 3492 b.
1231 3459 1287 3493 sic
1313 3459 1464 3504 scripsit
1490 3457 1719 3494 Giesebrecht
1741 3470 1811 3503 pro
1837 3455 2036 3492 liberatum
2062 3469 2093 3491 c.
2223 3466 2254 3491 c.
2290 3454 2399 3492 alteri
2424 3469 2486 3492 ex-

550 3518 686 3555 cidisse
710 3520 863 3556 videtur.
1019 3521 1055 3557 d.
1087 3532 1195 3558 curas
1222 3537 1254 3558 c.

667 3590 707 3632 1.
746 3590 781 3632 Ι.
931 3592 971 3634 2.
1014 3591 1057 3635 d.
1083 3592 1462 3635 Claromontensis
1494 3592 1615 3648 (post
1645 3591 1688 3634 d.
1712 3590 1865 3635 Sancti
1893 3590 2045 3645 Flori).
2195 3592 2236 3635 3.
2281 3589 2485 3635 coenobii

548 3660 833 3719 Pczancnsis‚
865 3662 908 3707 d.
930 3662 1206 3708 Ausciensis.
