2722 4172
800 261 1071 301 enne-olm
1107 263 1187 300 vn
1222 261 1486 301 REGISTRI
1520 264 1542 300 1
1569 262 1629 299 83.
1655 262 1715 299 84.
2118 249 2219 302 105

297 395 427 449 quae
464 377 563 432 sibi
599 377 923 448 beneplacita
963 384 1106 450 sunt,
1156 397 1243 434 cor
1288 384 1436 434 tuum
1475 380 1665 449 dirigat
1703 383 1754 434 et
1793 396 1854 434 ea
1889 383 1941 434 te
1978 379 2034 432 in
2070 396 2220 450 prae-

296 475 431 529 senti
453 474 563 528 vita
593 476 879 545 promereri
913 477 1085 546 faciat,
1124 477 1260 531 unde
1296 477 1627 547 postmodum
1663 476 1759 530 tibi
1796 476 1879 530 in⁸
1906 476 2222 546 sempiterna

293 571 559 625 retribuat.
618 570 757 626 Data
791 571 986 627 Romae
1027 575 1056 626 7
1096 573 1216 627 Idus
1254 572 1396 642 Maii,
1435 573 1715 627 indictione
1759 574 1840 626 12.

291 741 318 803 Ι
349 746 450 806 84.
492 749 815 804 Herimanno
842 751 882 804 I
912 754 1150 823 episcopo
1188 751 1565 822 Bamberyensi
1600 753 1880 822 siynz'jz'cat,
1921 769 1974 804 80
2011 770 2222 805 caucam

494 848 600 900 eius
626 847 947 901 Herimanno
988 851 1225 919 epi800p0
1251 849 1474 901 Metensi
1507 850 1791 900 iuvandam
1829 849 2218 901 commendasse.

439 955 717 1025 Gregorius
755 958 1024 1028 episcopus
1074 975 1252 1012 servus
1291 975 1560 1012 servorum
1597 957 1697 1012 Dei
1734 954 2084 1012 Herimanno1
2105 958 2221 1038 Ba-

289 1052 628 1121 venbergensi
667 1054 907 1125 episcopo
948 1054 1167 1108 salutem
1206 1059 1258 1108 et
1296 1055 1633 1125 apostolicam
1672 1055 2098 1109 benedictionem.

437 1149 747 1204 Garissimus
787 1151 1045 1205 confrater
1081 1154 1257 1205 noster
1281 1150 1631 1205 Herimannus
1657 1150 1903 1205 Metensis
1931 1153 2220 1223 episcoPUS,

289 1246 557 1300 nobiscum
593 1264 687 1317 per
725 1247 835 1301 dies
875 1247 1072 1317 aliquot
1110 1251 1483 1316 commoratuS,
1522 1247 1745 1301 multum
1781 1265 1876 1302 nos
1914 1265 2009 1319 pro
2047 1253 2100 1303 te
2136 1267 2221 1304 ro-

289 1343 431 1411 gavit
466 1342 758 1412 multasque
797 1348 850 1397 et
884 1345 1096 1398 intimas
1134 1361 1230 1415 pro
1269 1361 1427 1398 causa
1463 1347 1556 1397 tua
1594 1344 1996 1415 supplicationes
2025 1345 2219 1416 effudit,

287 1439 515 1493 referens
553 1439 702 1493 nobis
742 1440 805 1494 de
842 1444 894 1494 te
931 1440 1196 1509 nonnulla,
1237 1440 1421 1509 quibus
1459 1441 1515 1494 in
1546 1458 1692 1511 spem
1729 1444 1848 1496 tuae
1887 1444 2220 1498 correctionis

287 1552 391 1589 non
428 1553 594 1606 parva
618 1537 760 1590 cordi
785 1541 961 1591 nostro
989 1541 1068 1592 est
1094 1537 1273 1591 oborta
1298 1537 1513 1590 laetitia.
1572 1537 1898 1609 Quapropter
1928 1540 2218 1610 consilium,

289 1632 427 1701 quod
464 1633 530 1687 ad
567 1633 787 1688 salutem
824 1638 944 1688 tuae
983 1638 1036 1688 et
1073 1634 1276 1687 animae
1313 1639 1523 1688 nostrae
1562 1635 1799 1704 quodque
1838 1636 1904 1689 ad
1939 1636 2221 1692 utilitatem

289 1728 532 1783 ecclesiae
571 1730 654 1784 cui
692 1747 874 1800 praees
914 1731 1244 1801 aptissimum
1280 1730 1429 1784 nobis
1467 1731 1638 1784 visum
1677 1735 1770 1800 est,
1809 1732 1865 1784 in
1900 1734 2221 1804 experientia

287 1825 628 1879 fraternitatis
668 1843 790 1880 suae
814 1827 1100 1897 posuimus,
1139 1827 1467 1895 iniungentes
1497 1831 1549 1881 et
1574 1829 1952 1883 committentes
1980 1830 2102 1884 sibi:
2142 1836 2217 1901 ut,

289 1922 572 1992 apostolica
607 1922 767 1976 fultus
807 1925 1128 1992 auctoritate,
1167 1924 1333 1978 vicem
1370 1928 1603 1978 nostram
1633 1925 1687 1978 in
1714 1941 1870 1979 causa
1894 1930 1984 1980 tua
2009 1928 2219 1998 explere

289 2018 488 2087 debeat,
528 2019 572 2072 si
609 2020 762 2073 modo
802 2020 868 2074 ad
906 2020 1247 2075 obediendum
1283 2021 1382 2089 his,
1423 2038 1554 2090 quae
1593 2023 1740 2091 quasi
1780 2039 1867 2076 ore
1905 2027 2082 2077 nostro
2121 2025 2219 2079 tibi

285 2116 637 2186 proposuerit,
685 2121 738 2170 te
774 2120 1015 2187 paratum
1051 2117 1297 2172 inveniat.
1362 2117 1421 2172 In
1459 2118 1602 2171 cuius
1640 2119 1916 2188 prudentia
1955 2121 2215 2191 quoniam,

287 2211 353 2265 ad
389 2211 518 2266 bene
543 2213 855 2266 monendum
885 2217 952 2282 te,
992 2218 1291 2285 promptam
1317 2218 1368 2268 et
1394 2213 1734 2268 sufficientem
1758 2215 2077 2271 voluntatem
2105 2235 2216 2273 esse

284 2325 389 2362 non
423 2307 737 2378 dubitamuS,
774 2309 900 2363 nosb
929 2310 1136 2380 quidem
1162 2328 1190 2365 0
1213 2311 1393 2365 multis
1418 2311 1542 2364 hoc⁰
1567 2311 1884 2366 fraternitati
1917 2317 2037 2368 tuae
2076 2314 2216 2368 solli-

285 2405 385 2459 cite
424 2406 792 2460 attendendum
830 2410 882 2460 et
917 2407 1243 2477 pensandum
1282 2409 1581 2463 scribimus:
1623 2410 1760 2478 quod
1798 2410 1864 2463 ad
1895 2409 2052 2464 finem
2077 2411 2217 2466 vitae

286 2502 514 2571 quotidie
560 2504 946 2574 appropinquas
993 2509 1044 2558 et
1090 2509 1380 2558 extremum
1428 2506 1592 2575 diem,
1642 2523 1795 2576 quem
1832 2511 2009 2562 tamen
2046 2510 2215 2563 nescis

287 2614 441 2666 quam
480 2599 580 2652 cito
617 2600 808 2668 veniat,
847 2604 1018 2654 certus
1058 2605 1316 2672 expectas
1375 2602 1614 2672 Ideoque,
1652 2603 1831 2673 frater,
1870 2603 2045 2658 debita
2075 2605 2216 2659 solli-

285 2694 512 2748 citudine
549 2700 600 2748 te
639 2696 990 2767 admonemuS,
1028 2702 1088 2752 ut
1124 2699 1439 2753 horrendum
1479 2717 1698 2753 examen
1737 2704 1789 2754 et
1811 2701 2111 2756 inevitabile
2136 2703 2216 2756 iu—

285 2791 477 2845 dicium
516 2792 739 2846 districti
774 2794 960 2847 iudicis
1000 2799 1117 2850 ante
1157 2795 1329 2850 oculos
1354 2813 1518 2867 ponas
1554 2801 1607 2850 et
1629 2797 1817 2851 faciem
1841 2797 1982 2852 illius
2010 2815 2071 2852 ea
2096 2815 2215 2853 con-

285 2888 528 2943 scientiae
565 2893 684 2942 tuae
723 2890 1041 2945 confessione
1080 2896 1131 2945 et
1156 2909 1371 2962 operum
1397 2894 1784 2947 conversatione
1808 2894 2217 2966 praeoccupare²

283 2985 512 3054 festineS,
541 2990 804 3055 ¹quatenus
841 2987 898 3039 in
935 2992 1212 3058 conspectu
1246 2989 1451 3043 divinae
1489 2990 1830 3060 praesentiae,
1871 2991 2015 3045 cuius
2054 2992 2215 3046 oculis

285 3082 456 3135 omnia
481 3083 621 3136 nuda
655 3087 706 3136 et
737 3087 917 3154 aperta
942 3079 1107 3152 sunt³,
1145 3101 1250 3138 non
1276 3090 1327 3140 te
1353 3086 1623 3157 culparum
1647 3087 1804 3139 timor
1830 3091 1881 3140 et
1904 3089 2216 3143 verecundia

283 3178 542 3249 deprimat
587 3180 677 3233 sed
723 3180 862 3234 laeta
908 3181 1236 3250 recipiendae
1284 3199 1379 3253 pro
1426 3183 1575 3236 bonis
1623 3183 1819 3237 actibus
1857 3184 2214 3244 retributionis

281 3273 470 3329 fiducia
493 3277 828 3330 manifestum
846 3280 909 3335 ,et
931 3278 1338 3347 imperterritum
1365 3279 1564 3333 reddat.
1622 3279 1761 3333 Data
1784 3280 1840 3333 in
1867 3281 2211 3351 expeditione,

285 3371 350 3424 ad
385 3375 614 3426 montem
653 3371 874 3427 (3111111114
912 3375 944 3427 2
984 3373 1104 3428 Idus
1143 3374 1293 3444 Iunii,
1331 3375 1614 3429 indictione
1656 3377 1738 3429 12.

397 3508 429 3534 a.
464 3497 534 3535 tibi
558 3499 598 3535 in
626 3499 775 3536 addidi.
929 3499 965 3536 b.
1000 3511 1068 3538 vos
1101 3515 1131 3537 c.
1286 3511 1316 3538 c.
1350 3501 1497 3538 tantum
1521 3501 1707 3538 excidisse
1731 3501 1887 3539 videtur.

401 3576 440 3619 1.
472 3576 506 3620 Ι.
604 3578 646 3621 2.
667 3578 741 3621 Ps.
764 3578 834 3636 94,
858 3580 898 3623 2.
999 3580 1040 3623 3.
1062 3577 1199 3623 Hebr.
1221 3578 1263 3636 4,
1288 3580 1356 3623 13.
1454 3579 1496 3623 4.
1518 3579 1634 3624 inter
1654 3578 1851 3624 Sutrium
1873 3584 1920 3625 et
1937 3581 2207 3628 Viturvium.

2251 386 2366 430 1074

2248 446 2334 483 Mai.
2353 447 2376 484 9

2268 971 2384 1016 1074

2250 1032 2329 1070 Iun.
2349 1034 2398 1070 12
