2722 4172
314 378 429 423 1074

292 439 383 478 Dee.
403 441 451 478 22

315 1823 430 1867 1074

291 1883 381 1922 Dec.
404 1884 451 1922 31

486 241 589 295 152
979 254 1252 294 GREGORH
1287 254 1366 291 vn
1402 252 1665 291 REGISTRI
1701 252 1743 290 11
1770 253 1830 290 38.
1858 253 1918 291 39.

480 373 758 428 salubriter
795 372 1034 427 ordinare
1071 371 1239 424 modis
1279 386 1397 424 eum
1436 369 1673 423 omnibus
1713 368 1979 424 adiuvetis
2040 369 2095 424 Si
2133 370 2248 440 quis
2284 385 2407 424 vero

480 474 662 525 contra
697 468 987 540 praefatam
1026 466 1295 520 ecclesiam
1335 465 1531 535 aliquid
1567 465 1814 519 iniuriose
1841 466 2100 520 commisit
2125 470 2215 520 aut
2238 466 2408 520 facere

481 569 711 634 conatur,
753 564 945 634 absque
985 562 1232 617 dilatione
1271 562 1545 616 emendare
1584 564 1636 615 et
1671 562 1946 616 restituere
1985 563 2203 617 studeat.
2262 561 2408 627 Quod

481 662 527 716 si
565 679 667 732 qua
702 660 997 715 temeritate
1034 658 1347 728 neglexerit,
1389 660 1542 727 sciat,
1583 675 1638 712 se
1677 675 1742 712 ex
1782 658 2064 728 apostolica
2102 659 2408 714 auctoritate

480 759 536 811 in
572 758 798 812 bannum
827 773 1068 810 casurum
1095 772 1223 824 esse,
1264 756 1309 809 si
1335 756 1477 810 dives
1513 759 1606 823 est,
1645 757 1852 808 centum
1875 754 2142 824 librarum,
2181 756 2263 809 sin
2287 773 2408 810 vero

482 854 545 907 de
581 853 943 921 mediocribuS,
986 852 1043 905 in
1081 852 1445 906 detrimentum
1484 852 1642 906 totius
1682 850 1999 905 substantiae
2038 868 2176 906 suae.
2254 851 2410 921 Agite

482 966 628 1018 erg0,
676 952 736 1004 ut
782 946 1055 1019 appareat,
1106 965 1197 1002 vos
1234 949 1486 1017 ingenuos
1537 953 1588 1002 et
1623 947 1799 1001 fideles
1839 964 1951 1001 esse
1987 952 2190 1001 vestrae
2227 948 2410 1002 matris

483 1045 728 1101 ecclesiae
753 1043 911 1111 filios;
954 1049 1006 1098 et
1039 1045 1229 1114 omnia,
1257 1062 1388 1114 quae
1415 1045 1482 1098 ad
1506 1045 1754 1098 honorem
1779 1047 1831 1098 et
1855 1043 2133 1098 utilitatem
2158 1044 2268 1098 eius
2292 1061 2412 1114 per-

481 1143 675 1211 tinent,
721 1142 797 1196 ita
832 1141 1018 1196 vestris
1068 1141 1252 1194 studiis
1299 1141 1394 1195 sub
1442 1141 1770 1212 providentia
1806 1140 2028 1211 praefati
2066 1140 2414 1194 archidiaconi

482 1243 691 1294 strenue
727 1240 1068 1309 peragantur,
1112 1240 1172 1290 ut
1209 1237 1578 1308 omnipotentis
1614 1237 1714 1291 Dei
1752 1237 1974 1305 gratiam
2012 1240 2064 1290 et
2101 1236 2413 1308 apostolicae

480 1334 854 1390 benedictionis
912 1333 1131 1388 salutem
1185 1333 1505 1387 mereamini.
1591 1333 1731 1388 Data
1783 1333 1979 1387 Romae
2039 1336 2097 1386 11
2153 1333 2413 1388 Kalendas

481 1431 726 1500 Ianuarii,
764 1430 1046 1484 indictione
1089 1431 1171 1483 13.

481 1602 531 1663 II
567 1605 666 1664 39.
696 1608 1035 1661 Dominicum
1073 1608 1252 1659 ducem
1291 1617 1336 1659 et
1368 1608 1623 1677 populum
1659 1607 1914 1674 Venetam,
1954 1619 2012 1661 ut
2041 1609 2414 1678 patriarchalis

703 1704 940 1757 ecelesiae
982 1700 1270 1758 Gradensis
1310 1705 1520 1773 eyestati
1554 1704 1871 1769 subveniant,
1912 1705 2161 1757 hortatur.

630 1812 910 1883 Gregorius
949 1813 1223 1885 episcopus
1263 1830 1441 1867 servus
1480 1830 1747 1867 servorum
1773 1813 1873 1867 Dei
1897 1813 2170 1868 Dominico
2210 1814 2328 1868 duci
2365 1818 2418 1869 et

480 1910 673 1983 populo
711 1910 960 1965 Venetiae
998 1909 1221 1964 salutem
1260 1913 1311 1964 et
1349 1910 1689 1980 apostolicam
1724 1910 2150 1965 benedictionem.

628 2007 824 2061 Notum
862 2024 975 2061 esse
1014 2006 1272 2061 credimus
1309 2023 1414 2060 non
1453 2005 1620 2059 solum
1658 2005 1755 2076 his,
1797 2007 1885 2076 qui
1922 2007 2191 2061 nobiscum
2227 2007 2418 2061 morati

483 2109 620 2174 sunt,
661 2103 754 2158 sed
792 2103 949 2158 etiam
987 2103 1248 2174 plerisque
1287 2106 1534 2171 vestrum,
1576 2103 1714 2172 quod
1750 2104 1858 2157 iam
1897 2104 1961 2158 ab
1997 2105 2210 2158 ineunte
2249 2108 2417 2158 aetate

483 2207 678 2257 terram
705 2204 936 2254 vestram
974 2204 1026 2253 et
1062 2200 1356 2253 libertatem
1381 2199 1534 2253 huius
1560 2200 1730 2267 gentis
1755 2200 1905 2254 valde
1931 2200 2224 2269 dileximus,
2264 2204 2417 2269 atque

483 2300 548 2354 ob
585 2298 640 2352 id
677 2296 1041 2350 nonnullorum
1068 2297 1364 2367 principum
1402 2300 1454 2349 et
1477 2295 1729 2349 nobilium
1753 2313 2093 2367 personarum
2117 2296 2417 2350 inimicitias

484 2394 839 2449 sustinuimus
897 2392 1180 2462 Postquam
1219 2410 1341 2447 vero
1370 2392 1639 2464 apostolici
1662 2393 1931 2460 regiminis
1959 2409 2087 2445 onus
2114 2396 2166 2446 et
2192 2391 2418 2446 officium

483 2492 607 2546 licet
650 2490 859 2558 indigni·
900 2489 1248 2560 suscepimuS,
1300 2492 1447 2542 tanto
1493 2489 1775 2543 ferventius
1822 2489 1878 2542 in
1926 2488 2200 2543 dilectione
2245 2493 2421 2543 vestra

486 2591 662 2642 noster
700 2586 896 2640 exarsit
921 2584 1149 2654 affectuS,
1191 2590 1383 2655 quanto
1409 2603 1503 2656 per
1528 2585 1784 2654 generalis
1811 2602 1964 2639 curae
1990 2586 2222 2640 debitum
2245 2587 2302 2640 in
2327 2586 2418 2640 ad-

486 2683 923 2738 ministrationem
967 2685 1171 2736 vestrae
1228 2682 1409 2736 salutis
1458 2682 1727 2736 sollicitius
1777 2682 1975 2736 astricti
2013 2699 2206 2736 sumus.
2284 2681 2419 2746 Qua-

486 2784 702 2852 propter
725 2779 927 2833 litteras
956 2778 1022 2832 ad
1046 2795 1138 2831 vos
1165 2778 1465 2848 direximus,
1492 2782 1551 2832 ut
1575 2778 1899 2832 nobilitatem
1918 2784 2144 2833 vestram
2165 2778 2230 2832 ad
2253 2779 2418 2849 respi-

489 2877 725 2932 ciendum
765 2876 920 2930 decus
961 2879 1012 2929 et
1049 2874 1420 2929 sublimitatem
1459 2876 1702 2945 antiquae
1741 2876 2008 2944 dignitatis
2044 2892 2165 2929 suae
2192 2875 2418 2928 excitare

487 2973 766 3045 possimuS,
804 2989 870 3026 ne
909 2989 975 3026 ex
1010 2971 1167 3040 longa
1205 2972 1342 3041 quod
1381 2971 1517 3026 absit
1545 2972 1862 3041 negligentia
1887 2972 2144 3042 dilapsum
2169 2971 2416 3024 honorem

488 3073 679 3139 gemat,
719 3086 872 3139 quem
911 3068 1076 3122 adhuc
1114 3071 1354 3136 stantem,
1395 3067 1518 3120 dum
1554 3072 1742 3139 potest,
1781 3069 1947 3122 colere
1985 3072 2035 3121 et
2070 3084 2277 3121 servare
2312 3083 2417 3120 non

487 3166 706 3220 laborat.
858 3165 1012 3220 Scitis
1052 3165 1206 3233 enim,
1247 3165 1491 3233 quoniam
1528 3182 1654 3235 prae
1690 3165 1867 3219 multis
1900 3168 2157 3218 terrarum
2181 3162 2417 3234 partibus

491 3263 667 3316 divina
716 3262 1033 3334 dispensatio
1080 3265 1276 3315 terram
1320 3265 1548 3315 vestram
1595 3261 1973 3332 patriarchatus
2020 3260 2213 3312 honore
2259 3259 2418 3313 subli-

490 3359 676 3426 mavit3
727 3359 872 3412 cuius
911 3358 1179 3426 dignitatis
1218 3358 1502 3412 eminentia
1539 3375 1603 3412 ex
1640 3358 1757 3428 ipsa
1794 3356 1874 3410 sui
1910 3356 2135 3409 nominis
2175 3359 2226 3409 et
2263 3355 2418 3410 officii

490 3455 855 3525 praerogativa
891 3455 1017 3509 adeo
1057 3458 1302 3523 augusta⁰
1350 3458 1402 3508 et
1446 3471 1568 3508 rara
1605 3457 1707 3521 est,
1754 3456 1813 3506 ut
1847 3469 1952 3505 non
2001 3451 2222 3521 amplius
2262 3469 2417 3522 quam

494 3554 712 3619 quatuor
748 3551 805 3603 in
841 3554 948 3604 toto
987 3551 1180 3604 mundo
1218 3551 1560 3621 reperiantur.
1620 3549 1766 3613 Quod
1799 3565 1916 3602 cum
1939 3547 2016 3601 ita
2040 3548 2124 3616 sit,
2164 3548 2301 3618 apud
2325 3564 2416 3601 vos

607 3678 640 3704 a.
676 3669 833 3714 angusta
858 3683 888 3704 c.
