2730 4198
389 411 503 454 1080

359 472 448 520 Apr.
469 473 519 509 24

548 275 658 328 416
1071 288 1345 326 (1113001111
1380 289 1460 324 vn
1498 287 1759 325 REGISTRI
1796 289 1875 324 vn
1901 289 1962 324 23.

548 405 717 460 solum
755 408 928 458 autem
968 444 1203 457 .......
1215 412 1248 471 ”,
1290 402 1382 456 sed
1421 407 1472 456 et
1508 403 1562 455 in
1602 402 1698 456 hoc
1735 403 1927 456 mundo
1966 403 2063 456 tibi
2100 407 2152 456 et
2176 401 2484 456 haeredibus

547 502 650 554 tuis
670 500 902 567 victoria,
924 499 1104 567 honor,
1127 499 1375 568 potentia,
1398 497 1690 551 sublimitas
1718 498 1941 568 amplius
1968 498 2182 551 coelitus
2209 497 2482 550 tribuetur.

546 595 859 664 Exemplum
885 594 982 648 tibi
1006 598 1057 647 te
1082 594 1256 663 ipsum
1282 610 1531 664 propone.
1594 592 1739 647 Sicut
1766 594 1905 647 enim
1930 593 2088 647 velles
2121 593 2183 647 ab
2213 610 2288 661 00,
2330 609 2485 662 quem

547 708 613 745 ex
651 690 839 743 misero
887 693 940 743 et
983 690 1318 759 pauperrimo
1367 706 1515 744 servo
1566 689 1985 758 potentissimum
2034 706 2209 756 regem
2255 688 2484 756 fecisseS‚

546 802 650 839 non
687 785 947 838 immerito
986 784 1256 851 honorari3
1300 785 1374 838 sic
1413 789 1464 838 et
1501 788 1575 852 tu,
1616 800 1770 853 quem
1799 799 1863 836 ex
1893 799 2041 836 servo
2067 784 2267 854 peccati
2292 783 2484 836 misero

547 885 599 935 et
634 880 949 951 pauperculo
989 910 1055 916 —
1096 880 1173 933 ita
1211 881 1404 950 quippe
1443 897 1621 933 omnes
1658 879 1921 932 nascimur
1957 909 2024 914 —
2064 879 2486 948 potentissimum

545 992 720 1043 regem
758 974 900 1028 Deus
939 975 1102 1043 gratis
1140 975 1287 1044 fecit,
1327 975 1692 1029 honoratorem
1731 978 1905 1042 tuum,
1943 978 2291 1044 protectorem
2331 978 2485 1043 atque

546 1071 834 1124 adiutorem
872 1074 1020 1123 tuum
1060 1071 1469 1140 omnipotentem
1507 1070 1677 1124 Iesum
1721 1069 1976 1123 honorare
2015 1086 2220 1139 semper
2257 1069 2486 1123 studiose

543 1166 748 1219 festina.
815 1165 923 1218 Nec
961 1165 1024 1219 ab
1063 1165 1160 1219 hoc
1207 1166 1462 1236 impediat
1497 1169 1548 1219 te
1586 1166 1934 1236 pessimorum
1971 1165 2270 1235 principum
2306 1164 2483 1231 turba3

543 1261 777 1329 nequitia
814 1260 953 1313 enim
991 1260 1277 1314 multorum
1315 1266 1411 1330 est,
1452 1262 1616 1315 virtus
1657 1266 1827 1314 autem
1858 1278 2170 1331 paucorum3
2211 1258 2486 1328 gloriosius

545 1360 624 1410 est
659 1355 877 1425 probato
904 1355 1075 1423 militi,
1114 1356 1293 1409 multis
1319 1357 1654 1425 fugientibuS‚
1694 1358 1749 1410 in
1774 1357 1973 1428 praelio
2002 1362 2168 1423 stare3
2208 1356 2486 1426 pretiosior

542 1450 635 1504 illa
672 1454 751 1504 est
787 1467 1008 1517 gemma,
1050 1467 1182 1518 quae
1220 1452 1390 1505 rarius
1428 1453 1706 1506 invenitur.
1764 1453 1927 1506 Immo
1966 1456 2158 1522 quanto
2185 1452 2353 1519 magis
2391 1467 2485 1522 po-

542 1549 709 1599 tentes
750 1544 902 1597 huius
941 1545 1149 1613 saeculi,
1190 1547 1434 1616 superbia
1461 1565 1554 1600 sua
1581 1551 1632 1601 et
1655 1548 1831 1618 impiis
1860 1548 2058 1601 actibus
2085 1547 2332 1615 excecati,
2373 1563 2485 1600 cor-

542 1644 702 1695 ruunt
737 1641 794 1693 in
831 1640 1165 1710 profundum,
1203 1645 1350 1695 tanto
1390 1643 1555 1709 magis
1594 1647 1661 1711 te,
1705 1644 1793 1711 qui
1830 1660 1957 1713 prae
1994 1643 2097 1696 illis
2124 1642 2347 1695 multum
2371 1641 2484 1696 Deo

543 1753 694 1790 carus
732 1736 974 1789 inventus
1002 1752 1074 1802 03,
1113 1737 1200 1806 pie
1225 1736 1544 1790 humiliando
1572 1737 1720 1791 decet
1746 1739 1876 1805 erigi
1903 1743 1955 1792 et
1980 1738 2298 1792 oboediendo
2325 1737 2485 1791 subli-

542 1832 701 1900 mari,
740 1835 799 1885 ut
836 1831 927 1899 sit,
969 1831 1103 1885 sicut
1140 1833 1388 1902 scriptum
1432 1836 1534 1886 est:
1589 1834 1791 1904 Impius
1829 1837 1990 1905 impie
2034 1844 2158 1904 ayat
2194 1835 2388 1900 adhuc,
2440 1844 2486 1887 et

543 1930 637 1998 qui
671 1930 728 1980 in
765 1929 1004 1980 sordibus
1045 1940 1117 1982 est
1152 1931 1415 1982 sordescat
1451 1930 1637 1995 adhue,
1681 1941 1726 1983 et
1752 1933 1917 1983 iustus
1943 1931 2245 1998 iustificetur
2269 1930 2440 1982 adhuc
2453 1924 2483 1982 ¹.

539 2022 700 2076 Plura
735 2022 833 2076 tibi
870 2023 1038 2076 adhuc
1077 2023 1397 2077 exhortando
1438 2024 1743 2092 scriberem3
1793 2026 1884 2079 sed
1933 2026 2056 2094 quia
2101 2024 2232 2079 tales
2276 2023 2484 2093 misisti,

542 2118 631 2188 qui
668 2136 752 2172 me
791 2119 917 2172 satis
958 2119 1021 2173 de
1060 2123 1151 2173 tua
1189 2120 1468 2190 prudentia
1505 2119 1776 2174 honestate
1813 2121 2015 2174 iustitia
2054 2120 2209 2173 simul
2235 2136 2354 2173 cum
2376 2118 2484 2173 filio
2549 2122 2551 2124 ’

539 2218 717 2267 nostro
757 2212 1020 2268 Huberto²
1058 2214 1496 2283 laetificaverunt,
1549 2216 1773 2286 sapienti
1819 2217 1930 2269 viro
1972 2216 2098 2268 satis
2138 2232 2250 2269 esse
2288 2215 2484 2268 dictum

540 2309 790 2376 iudicavi3
839 2326 1081 2380 sperans,
1123 2311 1246 2379 quia
1284 2312 1612 2380 omnipotens
1651 2310 1811 2379 DeuS‚
1853 2328 2012 2381 supra
2050 2327 2206 2379 quam
2245 2310 2481 2378 dicimuS,

541 2406 597 2458 in
635 2409 687 2458 te
727 2409 779 2458 et
814 2422 910 2475 per
946 2409 999 2459 te
1040 2406 1105 2459 ad
1130 2406 1379 2460 honorem
1408 2423 1559 2459 suum
1587 2406 1886 2473 dignabitur
1913 2406 2132 2476 operari.
2192 2405 2333 2469 Quae
2357 2421 2481 2459 vero

541 2501 595 2553 in
633 2500 821 2554 litteris
848 2501 1020 2553 minus
1048 2501 1274 2571 scriptah
1303 2506 1440 2570 sunt,
1480 2501 1666 2569 legatis
1695 2502 1799 2556 tuis
1825 2502 1923 2556 tibi
1948 2518 2073 2556 voce
2099 2501 2318 2555 dicenda
2343 2517 2484 2554 com-

541 2596 795 2649 misimus.
861 2595 978 2666 Ipse
1019 2601 1194 2650 autem
1233 2598 1560 2667 omnipotens
1587 2598 1728 2651 Deus
1770 2603 1821 2651 et
1858 2602 2009 2667 pater
2043 2601 2220 2650 noster
2257 2597 2355 2650 hoc
2391 2601 2482 2651 tuo

541 2691 710 2760 cordi,
750 2691 1024 2745 karissime
1062 2690 1159 2759 fili,
1199 2692 1275 2745 ita
1311 2693 1570 2764 inspirare
1610 2698 1763 2762 atque
1801 2693 2039 2763 plantare
2077 2682 2484 2746 misericorditer

542 2787 805 2855 dignetur,
857 2787 1100 2856 quatinus
1151 2791 1202 2840 et
1248 2789 1304 2841 in
1351 2789 1448 2843 hoc
1495 2789 1698 2843 saeculo
1749 2789 1935 2842 merito
1977 2790 2227 2842 virtutum
2275 2794 2480 2842 tuarum

540 2900 758 2951 regnum
796 2887 946 2936 tuum
986 2887 1037 2937 et
1073 2884 1363 2953 potentiam
1402 2889 1605 2953 augeat,
1647 2889 1699 2938 et
1727 2885 1783 2938 in
1808 2885 1982 2938 futuro
2021 2901 2137 2938 cum
2170 2884 2361 2937 sanctis
2398 2899 2481 2936 re-

540 2978 689 3046 gibus
730 2978 796 3031 ad
831 2996 994 3047 regna
1044 2979 1445 3049 supercaelestia
1482 2980 1953 3049 inexcogitabiliter
1991 2980 2208 3034 meliora
2245 2983 2326 3032 te⁰
2363 2978 2480 3032 feli-

540 3076 668 3130 citer
703 3075 1014 3129 introducat.
1080 3074 1266 3128 Amen.

688 3171 1104 3225 Cenomannensi
1143 3168 1435 3242 episcopo³,
1476 3173 1579 3226 tuis
1619 3172 1859 3242 precibus
1898 3170 2100 3224 iustitia
2137 3169 2364 3223 dictante
2402 3169 2479 3223 fa-

540 3272 737 3335 venteS‚
777 3266 1004 3320 officium
1043 3267 1336 3337 episcopale
1360 3268 1697 3321 reddidimus.
1757 3262 2047 3320 Abbatem⁴
2073 3281 2274 3333 quoque
2300 3280 2481 3317 mona-

541 3364 686 3417 sterii
713 3362 888 3417 Sancti
914 3362 1073 3429 Petri,
1103 3363 1241 3432 quod
1267 3367 1346 3417 est
1372 3363 1708 3431 Cenomanni,
1741 3361 2069 3416 absolvimus.
2121 3360 2260 3413 Data
2283 3359 2479 3413 Romae

542 3460 573 3511 8
611 3458 872 3512 Kalendas
910 3458 1054 3527 Maii,
1093 3459 1377 3512 indictione
1418 3461 1466 3512 3.

659 3564 691 3590 a.
727 3554 869 3590 aeterni
894 3554 999 3601 regni
1026 3553 1144 3600 gloria
1168 3555 1354 3591 excidisse
1379 3555 1534 3591 videtur.
1671 3553 1707 3590 b.
1742 3553 1882 3600 scripta
1909 3552 2057 3588 addidi.
2195 3561 2228 3587 0.
2262 3551 2300 3587 te
2329 3551 2479 3588 addidi.

659 3617 698 3659 1.
731 3615 917 3672 Apocal.
941 3619 1011 3674 22,
1035 3619 1105 3662 11.
1226 3620 1268 3662 2.
1295 3617 1572 3661 subdiacono
1594 3617 1811 3661 ecclesiae
1831 3616 2075 3659 Romanae.
2195 3615 2236 3659 3.
2262 3614 2477 3660 Arnaldo.

542 3690 597 3735 V.
629 3701 699 3744 ep.
723 3691 779 3733 22
810 3701 946 3746 supra
973 3703 1018 3746 p.
1040 3690 1141 3735 414.
1259 3691 1304 3734 4.
1334 3690 1546 3734 Iohelem.
