2730 4198
528 274 637 327 572
849 288 1123 326 GREGORH
1159 289 1238 324 vn
1275 287 1582 325 EPISTOLAE
1623 287 1965 324 COLLEGTAE.
1995 287 2057 324 45.
2084 288 2144 324 46.

387 409 500 452 1084
529 408 738 458 nostrae
777 405 1034 457 contraire
1070 403 1366 470 tentaverit,
1415 403 1459 454 si
1500 401 1658 454 abbas
1697 401 1780 455 vel
1819 402 2091 472 episcopus
2131 407 2227 471 est,
2264 404 2467 474 proprii

384 470 459 507 1an.
479 471 501 507 ⁷
530 500 725 553 ordinis
773 499 1004 569 periculo
1056 497 1366 563 subiacebit;
1426 496 1470 549 si
1520 512 1639 549 vero
1687 497 1970 550 monachus
2019 497 2247 550 laicusve
2292 498 2465 567 fuerit,

529 595 722 664 absque
761 594 916 647 dubio
953 592 1500 646 excommunicabitur.
1561 590 1757 643 Datum
1782 590 1978 646 Romae
2019 595 2046 644 7
2076 591 2197 646 Idus
2222 591 2466 661 Ianuarii,

530 707 664 743 anno
710 691 768 741 11
811 687 1141 758 pontificatus
1190 687 1368 740 domni
1414 703 1582 757 papae
1621 685 1856 754 Gregorii
1883 687 2003 756 VII,
2054 704 2188 740 anno
2226 687 2469 742 videlicet

528 784 816 838 dominicae
853 783 1226 836 incarnationis
1272 784 1429 850 1084,
1468 781 1751 834 indictione
1793 776 1858 834 75
2095 771 2099 774 ’

528 958 630 1014 46.
677 960 928 1013 Omnibus
941 960 1187 1027 fidelibus
1215 961 1544 1023 demonstrat,
1586 960 1643 1010 in
1669 958 1823 1009 malis
1849 959 1965 1010 ideo
1992 976 2044 1010 se
2067 960 2284 1023 versari,
2326 959 2468 1028 quod

674 1055 937 1107 ecclesiam
975 1055 1108 1107 nolit
1144 1057 1200 1106 in
1240 1057 1531 1106 servitutem
1568 1055 1752 1122 rediyi.
1813 1052 2092 1105 Auxilium
2114 1055 2302 1123 poscit.
2361 1053 2464 1106 Le-·

670 1162 820 1220 qatos
859 1169 978 1202 suos
1019 1151 1339 1202 commendat
1351 1157 1384 1200 ⁸.

381 1268 494 1311 1084
673 1258 953 1326 Gregorius
985 1259 1256 1328 episcopus
1284 1275 1463 1311 servus
1491 1274 1758 1310 servorum
1784 1256 1884 1310 Dei
1912 1257 2152 1311 omnibus
2177 1258 2232 1310 in
2259 1257 2464 1312 Christo

522 1353 760 1407 fidelibus
802 1354 1138 1423 apostolicam
1179 1353 1354 1407 sedem
1391 1370 1447 1406 re
1485 1370 1610 1406 vera
1647 1352 1981 1420 diligentibus
2015 1353 2234 1407 salutem
2263 1358 2315 1407 et
2340 1370 2464 1424 apo-

524 1449 761 1502 stolicam
801 1448 1231 1502 benedictionem.

668 1543 930 1611 Pervenit,
969 1544 1158 1596 fratres
1196 1542 1480 1609 karissimi,
1519 1542 1758 1611 pervenit
1794 1547 1853 1596 ut
1891 1544 2194 1597 estimamus
2234 1544 2300 1597 ad
2327 1545 2464 1598 noti-

520 1639 650 1692 tiam
689 1642 933 1707 vestram,
976 1639 1098 1707 quia
1135 1642 1314 1691 nostro
1353 1642 1586 1707 tempore
1612 1639 1918 1691 innovatum
1945 1643 2039 1707 est,
2080 1640 2218 1708 quod
2241 1640 2297 1692 in
2321 1639 2463 1710 psal-

520 1734 620 1786 mis
658 1734 967 1807 inquirendo
1009 1734 1224 1787 dicitur:
1269 1734 1445 1800 Quare
1467 1735 1805 1803 fremuerunt
1837 1746 2026 1804 yentete,
2069 1746 2114 1788 et
2145 1737 2335 1806 populi
2356 1755 2461 1788 me-

521 1831 678 1883 ditati
713 1841 834 1883 sunt
869 1830 1087 1883 inania?
1143 1829 1438 1883 Astiterunt
1473 1850 1616 1901 reyes
1655 1842 1846 1896 terrae,
1897 1841 1943 1883 et
1970 1833 2242 1901 principes
2281 1850 2461 1884 conve-

519 1937 708 1979 nerunt
742 1929 799 1979 in
837 1946 998 1978 unum
1037 1927 1283 1978 adversus
1323 1927 1613 1979 Dominum
1652 1938 1700 1980 et
1736 1928 1982 1979 adversus
2023 1927 2268 1980 christum
2307 1929 2414 1979 eius
2431 1922 2460 1979 ¹.

517 2019 788 2091 Principes
846 2021 986 2074 enim
1038 2021 1273 2088 gentium
1321 2025 1372 2074 et
1417 2022 1682 2092 principes
1730 2021 2057 2075 sacerdotum
2104 2038 2222 2076 cum
2270 2022 2463 2090 magna

517 2116 851 2170 multitudine
899 2120 1252 2170 convenerunt
1296 2116 1556 2170 inunum
1598 2118 1846 2171 adversus
1886 2117 2177 2186 Christum,
2200 2118 2202 2120 ’
2226 2118 2462 2188 omnipo·
2543 2111 2545 2113 ’

516 2212 675 2265 1611116
714 2212 815 2265 1)61
852 2211 1046 2280 filium,
1089 2221 1140 2266 et
1178 2212 1425 2266 adversus
1467 2213 1761 2282 apostolum
1800 2214 1910 2267 eius
1949 2213 2189 2283 Petrum,
2229 2219 2288 2269 ut
2325 2215 2460 2268 chri-

517 2307 743 2360 stianam
789 2307 1096 2375 religionem
1149 2308 1513 2375 extinguerent
1559 2313 1611 2361 et
1655 2308 1940 2362 hereticam
1986 2310 2301 2379 pravitatem
2338 2327 2458 2380 pro-

515 2406 786 2471 pagarent.
854 2402 957 2456 Sed
994 2402 1105 2456 Deo
1153 2403 1434 2456 miserante
1482 2403 1624 2470 illos,
1677 2404 1765 2472 qui
1811 2402 2076 2457 confidunt
2121 2405 2176 2458 in
2214 2405 2458 2474 DominO,

515 2496 657 2549 nullo
696 2501 895 2551 terrore
932 2497 1178 2566 nullaque
1218 2497 1550 2552 crudelitateb
1578 2498 1662 2552 vel
1686 2499 1980 2553 mundanae
2015 2499 2212 2567 gloriae
2236 2501 2459 2571 promis-

518 2592 662 2645 sione
698 2592 763 2644 ad
790 2610 938 2646 suam
963 2596 1247 2662 potuerunt
1273 2592 1543 2648 deflectere
1568 2594 1908 2664 impietatem.
1966 2594 2068 2647 Pro
2095 2595 2240 2649 nulla
2266 2596 2459 2667 quippe

518 2687 621 2740 alia
659 2687 891 2756 qualibet
926 2689 1129 2742 ratione
1156 2692 1336 2742 contra
1362 2706 1454 2742 nos
1480 2690 1657 2757 inique
1683 2691 2042 2759 conspirantes
2067 2707 2253 2744 manus
2280 2709 2458 2746 erexe-

515 2787 661 2852 runt,
720 2784 823 2836 nisi
881 2785 1003 2853 quia
1048 2784 1339 2854 periculum
1390 2790 1600 2838 sanctae
1650 2785 1894 2840 ecclesiae
1940 2786 2202 2840 noluimus
2250 2787 2456 2841 silentio

514 2879 802 2948 praeterire
844 2882 895 2932 et
932 2879 1013 2932 his
1054 2919 1248 2932 ......
1261 2921 1276 2948 ,
1326 2881 1415 2949 qui
1455 2880 1671 2934 eandem
1711 2896 1954 2952 sponsam
1996 2881 2096 2935 Dei
2133 2899 2236 2935 non
2275 2882 2456 2936 erube-

515 2979 666 3028 scunt
702 2975 757 3028 in
797 2975 1103 3028 servitutem
1139 2975 1391 3043 redigere.
1451 2975 1511 3029 In
1538 2977 1777 3031 omnibus
1805 2978 1944 3030 enim
1969 2978 2124 3030 terris
2149 2978 2271 3031 licet
2295 2978 2453 3031 etiam

512 3070 843 3140 pauperculis
881 3070 1218 3139 111111161611116,
1258 3088 1381 3124 61166
1407 3072 1609 3141 patriae
1635 3072 1750 3140 lege
1777 3090 1971 3141 suaque
1997 3073 2260 3126 voluntate
2283 3073 2455 3126 virum

514 3165 748 3235 accipere
784 3165 1041 3233 legitime;
1083 3170 1292 3219 sanctae
1329 3183 1452 3219 vero
1493 3167 1799 3236 aecclesiae,
1841 3168 2089 3238 quaeest
2122 3163 2317 3238 sponsa
2353 3168 2454 3222 Dei

513 3264 565 3313 et
598 3265 766 3314 mater
799 3265 996 3328 nostra,
1034 3278 1139 3314 non
1173 3261 1295 3315 licet
1330 3263 1615 3316 secundum
1641 3263 1923 3333 impiorum
1948 3267 2125 3316 votum
2153 3267 2204 3316 et
2229 3263 2453 3316 detesta-

511 3354 666 3408 bilem
695 3355 1137 3424 consuetudinem,
1170 3357 1348 3410 divina
1371 3358 1485 3426 lege
1509 3359 1826 3428 propriaque
1852 3358 2115 3412 voluntate
2141 3375 2233 3411 suo
2260 3375 2451 3428 sponso

510 3449 746 3517 legaliter
780 3451 836 3504 in
870 3452 1022 3505 terris
1058 3452 1320 3506 adherere.
1366 3452 1485 3506 Non
1512 3454 1650 3506 enim
1685 3454 1797 3523 pati
1831 3453 2091 3522 debemUS,
2130 3458 2189 3507 ut
2212 3452 2307 3507 filii
2332 3471 2451 3508 san-

630 3585 662 3611 a.
690 3576 842 3625 Legitur
865 3588 926 3623 ap.
945 3576 1138 3625 Hugonem
1158 3578 1383 3621 Flaviniac„
1415 3580 1516 3614 Mon.
1540 3579 1657 3615 Germ.
1683 3578 1752 3615 SS-
1777 3577 1874 3615 VIII
1898 3577 1986 3615 464.
2077 3577 2115 3614 b.
2142 3577 2363 3615 credulitate
2390 3578 2451 3616 ed.

629 3652 669 3695 1.
698 3652 771 3696 Ps.
795 3653 836 3709 2,
860 3653 901 3697 1.
923 3653 964 3696 2.
