2722 4172
786 274 1062 315 GREGORII
1098 278 1178 314 vn
1214 276 1480 316 REGISTRI
1515 279 1558 316 11
1583 279 1647 316 46.
1673 278 1736 316 47.
2133 269 2232 321 161

434 387 742 444 Mandamus
792 392 963 462 vobis,
1016 397 1076 447 ut
1122 394 1398 462 diligenter
1446 395 1768 449 conveniatis
1815 395 2052 450 homines
2100 397 2236 467 illos,

288 485 474 554 quibus
502 485 760 540 Michahel
785 486 1180 543 Pensauriensis
1220 491 1493 561 episcopus
1533 491 1780 546 ecclesiae
1820 508 1944 546 suae
1981 492 2120 546 bona
2156 493 2238 547 in-

286 585 436 635 caute
471 582 672 651 tribuit,
712 583 890 652 eisque
918 586 1227 640 auctoritate
1255 586 1544 656 apostolica
1570 587 1748 640 omnia
1774 587 2020 642 ecclesiae
2047 592 2100 642 et
2125 590 2236 659 epi-

285 693 441 748 scopo
483 678 760 733 restituere
799 681 1134 751 praecipiatis
1173 685 1329 750 atque
1367 686 1526 752 prout
1564 683 1856 752 oportuerit
1893 685 2107 752 cogatis,
2165 684 2237 740 Et

282 774 497 844 insuper
536 774 855 845 episcopum,
897 776 942 829 si
978 777 1335 831 inobedientes
1372 777 1584 846 fuerint,
1626 794 1690 831 ex
1722 782 1872 848 parte
1899 781 2067 834 sancti
2091 779 2236 835 Petri

283 873 335 922 et
370 874 552 924 nostra
589 872 930 942 corporaliter
969 873 1064 926 sub
1102 872 1274 926 banno
1300 873 1551 926 investire
1576 873 1752 943 palam
1780 870 2061 929 studeatiS.
2102 876 2234 930 Eos-

282 982 382 1034 que
419 967 643 1035 gratiam
678 969 846 1022 sancti
869 967 1014 1022 Petri
1053 972 1105 1022 et
1140 973 1377 1022 nostram
1416 968 1718 1038 amissurOS,
1759 970 1805 1023 si
1840 970 2060 1025 rebelles
2101 973 2234 1026 exti-

281 1062 464 1131 terint,
505 1068 685 1133 aperte
722 1064 1015 1118 insinuetis,
1072 1064 1362 1135 Episcopos
1404 1082 1608 1134 quoque
1649 1070 1701 1119 et
1738 1066 1954 1121 comites
1994 1072 2233 1122 cunctos-

281 1174 380 1227 que
427 1160 592 1212 sancti
630 1159 774 1213 Petri
823 1159 998 1213 fideles
1041 1159 1262 1214 firmiter
1300 1161 1681 1231 praecipientes
1719 1166 1926 1232 rogate,
1978 1167 2231 1233 quatenus

279 1255 523 1325 episcopo
549 1254 918 1309 Pensauriensi
946 1256 1013 1309 ad
1041 1273 1128 1310 eos
1170 1258 1544 1327 expugnandos
1586 1258 1852 1329 spirituali
1891 1263 1944 1313 et
1975 1260 2231 1314 saeculari

279 1350 500 1420 auxili0,
539 1356 696 1422 prout
732 1367 943 1405 necesse
980 1352 1164 1421 fuerit,
1204 1351 1427 1406 fideliter
1466 1354 1793 1408 subveniant.
1853 1355 2083 1410 Maxime
2123 1374 2228 1426 eos,

279 1447 383 1516 qui,
432 1447 600 1517 pretio
639 1452 877 1518 recept0,
917 1452 1114 1502 terram
1154 1448 1321 1502 adhuc
1360 1449 1614 1504 violenter
1654 1454 1706 1504 et
1744 1452 1966 1522 superbe
2003 1453 2229 1508 retinere

276 1559 382 1596 non
417 1547 689 1612 verentur,
729 1560 856 1614 prae
896 1546 1081 1598 ceteris
1122 1545 1374 1599 acerrime
1409 1546 1683 1614 corrigatis
1720 1551 1771 1601 et
1809 1547 1945 1602 bona
1980 1549 2229 1604 ecclesiae

276 1639 519 1710 episcopo
554 1648 675 1694 vos⁸
713 1640 1124 1696 intromittentes
1162 1642 1468 1695 restituatis.
1530 1641 1722 1697 Omnes
1761 1644 1920 1697 etiam
1944 1644 2064 1698 lites
2089 1645 2229 1699 inter

276 1736 576 1807 episcopum
617 1740 668 1790 et
707 1737 1031 1791 adversarios
1071 1738 1180 1792 eius
1222 1738 1289 1791 ad
1323 1737 1606 1792 utilitatem
1633 1743 1843 1794 sanctae
1871 1739 2068 1795 Mariae
2093 1740 2227 1795 Pen-

274 1832 557 1886 sauriensis
597 1833 843 1887 ecclesiae
872 1833 1087 1887 definire
1113 1834 1421 1904 procuretiS,
1460 1834 1655 1888 nullius
1687 1835 2036 1904 negligentiae
2062 1838 2225 1891 inter-

274 1928 512 1982 veniente
549 1929 767 1983 incuria.
826 1929 967 1983 Data
1001 1929 1197 1984 Romae
1234 1930 1412 1985 Idibus
1450 1930 1696 2001 Ianuarii,
1735 1932 2022 1987 indictione
2066 1935 2147 1988 13.

273 2092 323 2154 II
354 2097 458 2154 47.
494 2100 747 2153 Rainerio
786 2099 1032 2171 quzonis
1057 2101 1177 2168 filio
1218 2101 1442 2171 aliisque
1481 2100 1707 2155 Clusinis
1746 2104 2037 2169 scribit,·8e
2074 2104 2222 2157 Lan-

477 2197 678 2265 franco
719 2199 958 2267 episcopo
991 2198 1283 2262 mandasse,
1324 2208 1382 2251 ut
1412 2196 1705 2252 Guidoowm
1728 2202 2224 2253 excommunicatum

494 2292 553 2347 S.
590 2293 873 2346 Mustiolae
921 2295 1281 2363 praepositum
1329 2295 1561 2348 deiceret.
1637 2295 1801 2361 Quem
1846 2314 1911 2348 ne
1958 2298 2219 2363 adiuvent,

490 2391 767 2442 interdicit.

416 2483 696 2552 Gregorius
737 2484 1011 2555 episcopus
1052 2501 1232 2538 servus
1271 2502 1540 2539 servorum
1566 2484 1666 2539 Dei
1691 2485 1936 2540 Rainerio
1961 2486 2068 2540 filio
2096 2486 2222 2556 Ugi-

271 2579 415 2633 zonis
444 2585 598 2649 atque
623 2580 866 2634 Rainerio
892 2579 1000 2633 filio
1025 2579 1328 2650 Bulgarelli,
1368 2582 1520 2635 uxori
1549 2599 1752 2652 quoque
1778 2582 2005 2653 Peponis
2033 2584 2221 2638 domne

270 2675 489 2744 Guillae,
530 2675 650 2739 filiis
690 2676 849 2729 etiam
887 2677 1092 2730 comitis
1131 2677 1372 2746 Ardingi,
1414 2678 1758 2748 omnibusque
1795 2678 1851 2732 in
1882 2678 2095 2733 Clusino
2136 2697 2221 2734 co-

269 2769 484 2826 mitatu¹
512 2771 970 2840 commorantibuS,
1010 2776 1119 2825 tam
1158 2774 1441 2827 maioribus
1483 2791 1638 2842 quam
1677 2775 1985 2844 minoribuS,
2026 2775 2220 2830 Christi

267 2869 536 2938 sanctique
572 2867 717 2921 Petri
754 2866 1008 2936 fidelibus,
1055 2869 1276 2923 salutem
1317 2873 1369 2923 et
1406 2870 1747 2940 apostolicam
1784 2871 2216 2926 benedictionem.

415 2963 634 3018 Constat
658 2963 805 3017 vobis
830 2964 970 3017 foreb
997 2965 1355 3018 notissimum:
1397 2964 1719 3019 Guidonem⁰
1748 2967 1996 3021 ecclesiae
2024 2967 2219 3022 Christi

267 3061 514 3131 martyris
555 3065 608 3114 et
644 3060 863 3128 virginis
893 3057 1164 3114 Mustiole2
1190 3061 1479 3131 periurium
1517 3062 1879 3132 multipliciter
1915 3064 2214 3132 incurrisse,

265 3173 361 3210 nec
394 3174 500 3210 non
536 3161 587 3210 et
611 3157 1010 3210 fornicationem
1034 3156 1240 3226 publice
1252 3156 1288 3224 d,
1329 3157 1573 3211 adulterii
1603 3175 1806 3227 quoque
1834 3159 2030 3212 crimen
2059 3161 2216 3213 susti-

265 3253 456 3322 nuisse,
497 3253 907 3313 satisfactionem
942 3253 1164 3321 denique
1197 3253 1440 3306 exhibere
1463 3255 1760 3306 omnimodo
1788 3255 2072 3321 devitasse3
2114 3273 2217 3324 qua

266 3349 328 3402 de
366 3366 423 3403 re
463 3366 494 3402 a
529 3349 696 3403 felicis
733 3349 1016 3403 memoriae
1057 3348 1246 3401 domno
1273 3348 1576 3402 Alexandro
1612 3353 1790 3402 nostro
1816 3351 2215 3420 praedecessore

267 3448 316 3498 et
355 3462 386 3498 a
422 3445 711 3515 prelatione
763 3445 993 3499 eiusdem
1044 3444 1289 3498 ecclesiae
1326 3445 1747 3499 inrevocabiliter
1785 3462 1898 3500 esse
1937 3447 2214 3517 expulsum

380 3550 414 3577 a.
445 3552 514 3578 vos
551 3542 703 3579 addidi.
865 3541 901 3578 b.
936 3540 1020 3578 fieri
1055 3555 1085 3577 c.
1252 3551 1283 3577 c.
1321 3540 1511 3588 quondam
1545 3541 1803 3588 praepositum
1838 3542 2024 3580 excidisse
2056 3544 2213 3580 videtur.

266 3604 301 3641 d.
328 3607 566 3654 perpetrasse
593 3608 780 3645 excidisse
806 3608 961 3645 videtur.

383 3670 423 3713 1.
455 3669 610 3715 Chiusi
639 3671 848 3716 Tusciae.
999 3673 1041 3716 2.
1074 3670 1299 3717 Clusinae.

336 3749 465 3791 suna
493 3753 729 3788 Bibliotheca
754 3754 800 3789 11.
1802 3754 1855 3796 11

2284 405 2399 450 1075

2264 465 2341 502 Ian.
2363 467 2410 503 13

2270 2505 2384 2548 1075

2251 2564 2326 2602 Ian.
2347 2566 2395 2602 13
