2722 4172
477 237 551 289 40
1029 252 1301 291 GREGORH
1338 252 1415 288 vn
1454 250 1716 289 REGISTRI
1751 252 1773 287 1
1799 251 1860 287 23.

312 373 426 418 1073
622 368 762 423 Visis
786 369 1128 423 fraternitatis
1155 372 1275 422 tuae
1299 367 1505 436 litteris,
1535 367 1850 421 fraternam⁶
1877 368 1939 422 de
1964 347 2233 437 molestiis,
2274 384 2406 437 quae

277 434 380 483 88Ρῇ
398 434 447 473 15
479 482 510 518 a
545 466 764 535 paganis
804 469 854 520 et
893 482 924 518 a
959 463 1277 535 pseudofiliis
1318 463 1562 518 ecclesiae
1599 467 1720 516 tuae
1766 464 1862 517 tibi
1898 464 2215 534 inferuntur,
2267 481 2406 518 com-

475 561 771 631 passionem
810 560 1151 615 exhibuimus
1211 559 1586 630 Perpendimus
1626 559 1779 628 enim,
1818 563 1878 613 te
1908 560 2102 631 duplici
2127 561 2406 615 certamine

474 657 709 725 fatigari:
747 661 806 710 ut
844 660 895 710 61
933 656 1157 710 occultas
1198 657 1599 711 christianorum
1636 655 1852 709 insidias
1889 656 2107 726 patiaris
2147 661 2198 711 et
2228 674 2259 710 a
2287 656 2406 710 Sar-

475 770 781 807 racenorum
816 753 1174 824 persecutione
1212 770 1317 806 non
1355 753 1523 806 solum
1559 751 1987 806 sustentationem
2011 752 2267 806 humanae
2302 753 2408 806 fra-

476 849 692 918 gilitatis
739 849 831 903 sed
876 849 1046 919 ipsam
1091 847 1246 903 fidem
1296 849 1513 920 perdere
1550 848 1917 902 miserabiliter
1966 849 2205 916 exigaris,
2275 847 2410 912 Quid

478 945 617 1000 6111111
655 945 796 998 aliud
842 948 946 1013 est,
995 945 1313 1000 sacerdotem
1367 946 1432 999 ad
1476 945 1754 1016 imperium
1800 944 2093 998 mundanae
2137 945 2408 1015 potestatis

475 1041 644 1110 legem
681 1041 782 1095 Dei
818 1041 1117 1111 infringere,
1156 1043 1260 1095 nisi
1296 1041 1452 1096 fidem
1491 1041 1600 1096 eius
1637 1041 1861 1109 negare?
2012 1040 2115 1094 Sed
2145 1040 2255 1094 Deo
2293 1057 2409 1109 gra-

476 1137 595 1207 tias,
637 1137 758 1207 quia
793 1137 849 1190 in
886 1137 1056 1190 medio
1095 1139 1321 1192 nationis
1358 1155 1551 1208 pravae
1590 1141 1641 1191 61
1670 1133 1974 1207 perversae¹
1997 1135 2118 1191 fidei
2143 1140 2263 1191 tuae
2290 1153 2409 1191 con-

479 1234 672 1288 stantia
709 1233 851 1287 velut
882 1233 1138 1287 luminare
1166 1235 1426 1303 quoddam
1451 1234 1688 1288 omnibus
1715 1233 1842 1287 adeo
1866 1233 2107 1302 innotuit,
2147 1237 2221 1303 ut,
2259 1250 2410 1304 prae-

479 1333 709 1384 sentatus
747 1330 921 1398 regiae
961 1330 1279 1399 audientiae,
1330 1331 1502 1401 potius
1553 1329 1791 1383 definires
1841 1330 2058 1383 diversis
2098 1330 2409 1384 cruciatibus

479 1425 616 1480 affici
654 1443 810 1495 quam
846 1427 1198 1496 praecipiente
1223 1443 1344 1494 rege
1379 1430 1559 1480 contra
1584 1430 1786 1480 sanctos
1814 1442 2034 1480 canones
2061 1426 2410 1480 ordinationes

478 1522 729 1578 celebrari
740 1521 776 1575 ¹³.
834 1521 937 1575 Sed
976 1526 1167 1591 quanto
1205 1523 1486 1592 preciosior
1526 1527 1660 1576 esset
1695 1522 1959 1591 religionis
1993 1526 2114 1576 tuae
2139 1522 2408 1592 confessio,

479 1619 524 1673 si
560 1623 680 1690 post
704 1618 938 1687 verbera,
981 1635 1111 1687 quae
1136 1623 1260 1672 tunc
1286 1619 1595 1688 sustinuisti,
1635 1636 1861 1672 errorem
1892 1636 2070 1672 eorum
2096 1619 2409 1673 ostendendo

479 1719 530 1770 et
567 1715 902 1769 christianam
927 1714 1232 1784 religionem
1266 1715 1612 1785 praedicando
1638 1733 1801 1784 usque
1828 1716 1894 1768 ad
1919 1714 2219 1769 effusionem
2243 1716 2409 1786 ipsius

479 1811 682 1866 animae
717 1810 1060 1882 pervenisses.
1120 1810 1269 1874 Quod
1313 1811 1436 1864 licet
1471 1811 1770 1864 huiusmodi
1808 1812 1992 1865 studiis
2029 1812 2411 1866 fraternitatem

475 1912 621 1961 tuam
644 1924 749 1961 non
776 1907 1084 1976 ambigimus
1109 1908 1407 1962 incumbere
1444 1912 1495 1961 61
1518 1925 1613 1978 pro
1639 1908 1935 1962 testimonio
1959 1909 2211 1977 veritatiS,
2251 1925 2411 1977 quan-

476 2007 588 2058 tum
615 2004 682 2057 ad
706 2008 775 2073 te,
802 2020 967 2073 usque
989 2004 1054 2057 ad
1075 2004 1520 2058 detruncationem
1543 2005 1895 2059 membrorum
1921 2005 2210 2073 devenisse3
2237 2009 2413 2059 tamen

478 2101 804 2155 devotionem
841 2105 987 2154 tuam
1026 2118 1230 2171 semper
1266 2101 1332 2154 ad
1356 2101 1574 2155 meliora
1597 2106 1937 2172 provocantes
1964 2102 2315 2170 exhortamur,
2354 2106 2414 2155 ut

476 2201 719 2269 paratum
756 2201 809 2251 te
849 2214 1054 2268 semper
1093 2197 1337 2251 exhibeas
1378 2198 1511 2250 sicut
1549 2198 1611 2251 de
1638 2198 1851 2251 Domini
1878 2198 2228 2252 consolatione
2263 2198 2412 2251 laeti-

477 2293 623 2347 ficari
659 2294 736 2347 ita
774 2297 825 2347 et
863 2294 926 2347 de
963 2293 1298 2347 tribulatione
1334 2311 1438 2347 non
1477 2294 1663 2362 frangi.
1741 2293 1936 2347 Multae
1984 2294 2122 2348 enim
2161 2298 2282 2347 sunt
2316 2294 2412 2347 tri-

477 2389 768 2444 bulationes
806 2389 1078 2459 iustorum,
1120 2390 1211 2443 sed
1249 2390 1311 2444 de
1348 2390 1429 2443 his
1460 2391 1696 2444 omnibus
1731 2390 1973 2444 liberabit
1998 2407 2082 2443 eos
2110 2387 2409 2457 Dominus².

478 2486 574 2539 His
614 2486 828 2554 artibUS,
870 2486 1054 2555 quibus
1081 2487 1259 2555 crevit,
1299 2491 1479 2540 sancta
1511 2490 1785 2556 reparatur
1814 2486 2053 2553 ecclesia3
2093 2486 2228 2540 hanc
2262 2487 2412 2541 nobis

478 2582 821 2636 hereditatem
858 2582 1025 2635 sancti
1060 2586 1236 2652 patres
1274 2582 1546 2651 reliquere,
1587 2582 1783 2636 80111061
1819 2587 1878 2636 111
1915 2600 2007 2652 per
2032 2583 2223 2637 multas
2248 2583 2413 2638 tribu-

478 2678 698 2732 lationes
737 2679 989 2732 intremus
1027 2679 1083 2731 in
1121 2696 1339 2747 regnum
1376 2675 1520 2732 Dei3.
1600 2678 1785 2733 Gravis
1825 2679 2032 2748 quidem
2069 2697 2272 2750 pugna,
2321 2680 2414 2734 sed

479 2773 683 2829 infinita
720 2779 842 2828 sunt
877 2776 1125 2845 praemia.
1183 2775 1301 2828 Non
1340 2775 1479 2828 enim
1515 2779 1635 2829 sunt
1660 2776 1943 2844 condignae
1967 2777 2235 2846 passiones
2260 2776 2412 2829 huius

479 2872 729 2942 temporis
771 2871 836 2925 ad
875 2876 1302 2942 superventuram
1341 2871 1575 2940 gloriam,
1617 2889 1746 2941 quae
1783 2873 2097 2927 revelabitur
2132 2873 2189 2925 in
2216 2872 2366 2926 nobis
2376 2868 2408 2925 ⁴².

479 2967 586 3021 Nos
624 2967 802 3036 igitur,
840 2967 963 3021 licet
1000 2984 1214 3038 corpore
1253 2968 1491 3022 absentes
1531 2969 1720 3039 spiritu
1744 2972 1920 3022 tamen
1945 2973 2260 3039 praesenteS,
2298 2985 2412 3021 mu-

479 3064 583 3118 tuis
620 3063 914 3118 litterarum
953 3064 1415 3133 consolationibUS,
1465 3065 1700 3134 quotiens
1738 3065 1996 3135 permittit
2034 3064 2410 3134 opportunitaS,

479 3161 796 3214 insistamus.
854 3160 926 3214 Et
951 3161 1357 3231 omnipotentem
1384 3161 1554 3214 Deum
1580 3162 1785 3215 assidue
1815 3161 2165 3231 deprecemur,
2203 3164 2263 3213 ut
2297 3160 2412 3230 ipse

482 3257 751 3311 ecclesiam
776 3256 1112 3326 Affricanam,
1153 3274 1218 3311 ex
1249 3256 1404 3326 longo
1430 3259 1537 3310 iam
1560 3261 1794 3328 tempore
1818 3257 2139 3310 laborantem
2166 3260 2217 3309 et
2243 3256 2412 3310 diver-

482 3370 658 3406 sarum
694 3353 1146 3424 perturbationum
1182 3352 1422 3407 fluctibus
1461 3356 1882 3424 conquassatam,
1921 3352 2133 3405 tandem
2171 3352 2412 3420 dignetur

481 3450 755 3520 respicere,
797 3449 1025 3505 dicentes
1053 3467 1167 3504 cum
1193 3450 1492 3521 psalmista:
1531 3453 1761 3522 Exurqe,
1805 3468 1964 3520 quare
1991 3450 2266 3516 obdormis
2294 3450 2410 3503 Do-

597 3622 629 3647 a.
664 3610 734 3648 tibi
759 3612 943 3649 excidisse
969 3613 1123 3649 videtur.
1252 3612 1288 3649 b.
1323 3627 1373 3650 an
1401 3612 1612 3650 celebrare?

601 3698 640 3741 1.
671 3696 859 3754 Philipp.
883 3699 924 3755 2,
948 3699 1017 3742 15.
1125 3700 1168 3742 2.
1199 3699 1272 3742 ΡΒ.
1295 3700 1365 3755 33,
1388 3700 1458 3742 20.
1567 3699 1608 3742 3.
1640 3697 1744 3741 Act.
1767 3697 1836 3754 14,
1859 3697 1929 3740 21.
2048 3697 2090 3740 4.
2122 3698 2250 3741 Rom.
2273 3698 2314 3754 8,
2340 3699 2408 3742 18.
