2722 4172
494 290 563 343 82
998 304 1270 343 GREGORII
1306 305 1386 342 v11
1423 304 1686 343 REGISTRI
1722 306 1743 342 1
1770 305 1831 341 62.
1860 306 1921 344 63.

318 425 434 470 1074
491 422 682 489 neatis3
735 423 1002 490 quoniam,
1052 421 1154 474 nisi
1190 421 1397 474 illorum
1438 425 1490 475 et
1528 421 1748 474 aliorum
1784 420 2015 476 fidelium
2050 422 2424 477 interventibus

287 486 394 523 Mam
416 487 463 524 ¹9
492 517 670 571 divina
715 517 961 585 suffragia
1005 534 1325 586 mereamur,
1374 522 1612 571 nostrum
1659 522 1734 586 et,
1786 519 1924 588 quod
1958 521 2124 587 magis
2163 520 2423 587 timemuS‚

492 613 735 667 ecclesiae
782 613 1070 684 periculum
1118 614 1311 667 evitare
1359 631 1464 667 non
1511 613 1812 683 poterimus,
1882 614 2218 685 Omnipotens
2263 614 2422 684 DeuS‚

493 727 524 763 a
563 727 661 780 quo
710 710 846 763 bona
894 714 1078 763 cuncta
1120 710 1431 780 procedunt,
1482 726 1574 762 vos
1615 725 1675 762 ac
1713 710 2014 764 commissos
2055 711 2198 765 vobis
2235 712 2291 764 in
2326 711 2425 764 hac

489 806 698 859 mortali
735 807 844 859 vita
889 806 964 859 ita
999 805 1174 859 vivere
1220 806 1403 875 faciat,
1450 809 1509 858 ut
1557 805 1623 858 ad
1659 823 1837 859 veram
1876 810 1928 859 et
1961 807 2311 861 immortalem
2347 808 2423 860 vi—

489 906 598 955 tam
635 901 747 955 Deo
786 902 1004 956 ducente
1041 903 1373 972 perveniatis,
1434 901 1573 955 Data
1600 901 1795 955 Romae
1827 904 1893 955 14
1921 902 2179 957 Kalendas
2206 903 2421 974 Aprilis,

488 999 770 1052 indictione
813 1000 895 1052 12.

487 1170 513 1231 I
547 1174 646 1232 63.
692 1175 963 1230 Sanctium
988 1194 1158 1246 reyem
1182 1176 1609 1246 Arayoniensem,
1641 1178 1734 1245 qui
1768 1176 1995 1244 officium
2016 1177 2312 1229 Romanum
2340 1195 2421 1229 re-

691 1275 895 1342 ceperit,
938 1272 1214 1324 collaudat.
1273 1271 1443 1324 Addit
1479 1273 1541 1324 de
1579 1271 1878 1325 Salomonis
1916 1276 2241 1326 accusatione
2279 1284 2327 1326 et
2362 1275 2424 1326 de

688 1371 869 1421 nuntio
909 1370 980 1420 ad
1018 1387 1129 1420 eum
1168 1370 1428 1421 mittendo.

314 1485 428 1528 1074
636 1477 916 1546 Gregorius
955 1479 1228 1549 episcopus
1269 1495 1448 1531 servus
1488 1494 1755 1531 servorum
1781 1478 1881 1531 Dei
1909 1477 2116 1533 Sanctio
2149 1479 2259 1547 regi
2291 1478 2422 1532 Ara-

283 1547 390 1583 Mm‘
410 1546 458 1583 2⁰
488 1574 722 1642 goniensi
762 1574 982 1628 salutem
1020 1579 1074 1628 et
1112 1574 1451 1645 apostolicam
1487 1574 1913 1628 benedictionem.

633 1670 860 1725 Litteras
907 1670 1195 1723 nobilitatis
1244 1674 1364 1723 tuae
1404 1671 1660 1723 suavitate
1700 1671 1882 1741 plenas
1919 1671 2044 1724 laeti
2084 1671 2418 1741 suscepimus,

484 1765 543 1820 ln
583 1767 795 1836 quibUS‚
845 1771 1040 1835 quanta
1074 1765 1324 1820 fidelitate
1364 1782 1487 1833 erga
1523 1767 1784 1836 principes
1824 1768 2174 1838 apostolorum
2209 1767 2420 1821 Petrum

485 1868 537 1916 et
560 1862 794 1933 *Paulum
845 1879 904 1916 ac
940 1862 1231 1916 Romanam
1281 1862 1553 1916 ecclesiam
1590 1863 1816 1932 ferveas,
1869 1864 1995 1917 satis
2032 1864 2419 1934 perspeximus3

485 1976 665 2029 quam,
713 1960 922 2013 tametsi
960 1959 1162 2013 litteras
1200 1963 1318 2012 tuas
1356 1958 1526 2012 nullas
1563 1959 1882 2028 videremus,
1930 1961 2024 2031 per
2061 1960 2259 2028 legatos
2299 1977 2421 2031 apo-

494 2056 705 2111 stolicae
750 2056 887 2109 sedis
935 2056 1199 2110 evidenter
1246 2061 1564 2126 compertam
1607 2056 1940 2110 habebamus,
2000 2056 2060 2109 In
2096 2057 2192 2110 hoc
2231 2062 2420 2125 autem,

488 2153 625 2222 quod
681 2152 774 2206 sub
825 2153 1020 2206 ditione
1066 2157 1158 2206 tua
1205 2152 1427 2205 Romani
1474 2153 1669 2206 ordinis
1721 2152 1947 2207 officium
1992 2152 2106 2205 fieri
2154 2154 2323 2206 studio
2371 2158 2422 2207 et

482 2249 798 2303 iussionibus
847 2250 983 2303 tuis⁰
1024 2248 1235 2317 asseris⁹
1283 2249 1548 2304 Romanae
1598 2251 1841 2304 ecclesiae
1886 2254 1939 2302 te
1975 2247 2140 2301 filium
2180 2249 2322 2302 esseb
2362 2266 2420 2302 ac

485 2363 601 2400 eam
657 2345 987 2399 concordiam
1045 2351 1099 2399 et
1155 2345 1391 2398 eamdem
1449 2347 1732 2400 amicitiam
1789 2350 1840 2400 te
1894 2346 2165 2399 nobiscum
2211 2345 2416 2414 habere„

484 2460 639 2512 quam
679 2441 804 2495 olim
841 2458 989 2509 reges
1027 2441 1328 2511 Hyspaniae
1367 2459 1485 2495 cum
1510 2442 1757 2496 Romanis
1785 2440 2114 2512 pontificibus
2142 2441 2418 2510 habebant,

483 2538 806 2607 cognosceris
820 2547 854 2590 ⁰.
916 2537 1044 2591 Esto
1095 2538 1271 2606 itaque
1321 2543 1560 2592 constans
1610 2544 1661 2593 et
1703 2538 1947 2592 fiduciam
1983 2536 2190 2591 firmam
2226 2537 2417 2591 habeas

483 2640 536 2690 et
583 2635 720 2704 quod
767 2634 953 2704 cepisti
997 2631 1260 2703 perficias3
1311 2635 1433 2703 quia
1469 2635 1524 2687 in
1563 2636 1770 2689 domino
1809 2635 1926 2689 Iesu
1963 2634 2169 2688 Christo
2208 2633 2419 2687 confidi-

481 2748 613 2800 mm,
656 2731 779 2801 quia
815 2730 997 2784 beatus
1022 2728 1207 2783 Petrus
1248 2731 1528 2800 apostoluS,
1571 2748 1723 2801 quem
1751 2732 1989 2784 dominus
2014 2731 2156 2784 Iesus
2183 2730 2417 2784 Christus

480 2845 576 2882 rex
613 2827 807 2896 gloriae
845 2826 1135 2897 principem
1175 2843 1330 2896 super
1368 2844 1529 2895 regna
1566 2828 1747 2881 mundi
1785 2828 2068 2896 constituit,
2110 2828 2193 2880 cui
2216 2831 2268 2880 te
2293 2825 2416 2880 fide-

480 2924 584 2978 lem
624 2923 853 2991 exhibes,
892 2926 945 2976 te
985 2922 1051 2975 ad
1087 2922 1337 2976 honorem
1377 2924 1621 2978 desiderii
1658 2925 1736 2978 tui
1768 2925 2001 2992 adducet,
2041 2924 2153 2994 ipse
2178 2927 2230 2976 te
2255 2923 2416 2976 victo-

480 3038 593 3074 rem
647 3021 711 3074 de
770 3019 1080 3072 adversariis
1130 3020 1234 3072 tuis
1285 3018 1484 3074 efficiet.
1565 3020 1697 3074 Cum
1745 3021 1884 3074 enim
1930 3020 2183 3073 Dominus
2232 3017 2414 3086 filium,
2462 3018 2468 3029 '

484 3115 666 3186 quemd
707 3119 863 3184 amat,
902 3114 1131 3183 flagellat
1170 3120 1221 3169 et
1259 3117 1479 3184 castigat
1494 3113 1522 3185 ¹,
1562 3117 1746 3170 melius
1787 3122 1838 3170 et
1875 3116 2053 3169 utilius
2093 3132 2157 3168 ex
2186 3114 2414 3167 adversis

481 3213 783 3283 pervenitur
830 3212 895 3265 ad
943 3229 1208 3282 prospera.
1278 3211 1376 3275 Qui
1424 3213 1563 3266 enim
1610 3214 1736 3266 dicit
1781 3211 2094 3265 ridentibus:
2146 3211 2215 3264 Ve
2251 3212 2411 3277 υοῖνίε,

485 3313 609 3379 quia
634 3305 873 3379 flebitis²‚
912 3308 1026 3379 ipse
1064 3308 1299 3376 lugentes
1338 3308 1517 3362 beatos
1558 3309 1766 3362 asserit:
1809 3311 2055 3378 quoniam
2091 3309 2199 3377 ipsi
2235 3326 2413 3360 conso-

485 3401 768 3458 labuntur?
922 3404 1001 3458 De
1042 3403 1317 3459 Salomone
1365 3410 1538 3459 autem
1588 3406 1654 3458 ad
1695 3419 1941 3475 praesens
1965 3402 2109 3455 -nihil
2145 3403 2414 3472 respondi-

483 3517 615 3568 muS‚
658 3501 900 3569 quoniam
940 3502 1321 3555 accusationem
1358 3519 1452 3572 per
1489 3502 1690 3555 litteras
1721 3517 1779 3553 eo
1808 3499 2034 3568 absente,
2075 3499 2164 3568 qui
2189 3504 2411 3568 accusat,

598 3636 630 3660 a.
669 3626 754 3661 tuos
784 3639 814 3661 c.
941 3625 978 3662 b.
1006 3637 1089 3663 esse
1117 3627 1266 3663 addidi.
1397 3638 1428 3664 c.
1455 3629 1510 3664 sic
1530 3642 1559 3663 c.
1589 3628 1646 3663 An
1665 3625 1935 3671 cognoscimus
2066 3623 2102 3660 d.
2130 3635 2239 3672 quem
2262 3625 2413 3662 addidi.

601 3704 640 3746 1.
674 3701 739 3747 Of.
762 3701 897 3747 Hebr.
922 3704 990 3760 12,
1013 3705 1053 3748 6.
1204 3706 1245 3748 2.
1277 3706 1386 3749 Luc.
1410 3706 1450 3761 6,
1473 3705 1544 3748 25.
1694 3704 1735 3747 3.
1767 3702 1923 3747 Matth.
1946 3703 1987 3759 5,
2009 3703 2051 3746 5.
