<?xml version="1.0" encoding="UTF-8"?>
<!DOCTYPE html PUBLIC "-//W3C//DTD XHTML 1.0 Transitional//EN"
    "http://www.w3.org/TR/xhtml1/DTD/xhtml1-transitional.dtd">
<html xmlns="http://www.w3.org/1999/xhtml" xml:lang="en" lang="en">
 <head>
  <title>
</title>
<meta http-equiv="Content-Type" content="text/html;charset=utf-8" />
  <meta name='ocr-system' content='tesseract 3.04.00' />
  <meta name='ocr-capabilities' content='ocr_page ocr_carea ocr_par ocr_line ocrx_word'/>
</head>
<body>
  <div class='ocr_page' id='page_1' title='image "bibliothecarerum02wattuoft_0451.png"; bbox 0 0 2730 4198; ppageno 0'>
   <div class='ocr_carea' id='block_1_1' title="bbox 837 295 2260 349">
    <p class='ocr_par' dir='ltr' id='par_1_1' title="bbox 837 295 2260 349">
     <span class='ocr_line' id='line_1_1' title="bbox 837 295 2260 349; baseline 0.005 -7"><span class='ocrx_word' id='word_1_1' title='bbox 837 303 1113 343; x_wconf 82' lang='lat' dir='ltr'><strong>GREGORII</strong></span> <span class='ocrx_word' id='word_1_2' title='bbox 1150 306 1230 343; x_wconf 87' lang='lat' dir='ltr'>vn</span> <span class='ocrx_word' id='word_1_3' title='bbox 1267 306 1532 345; x_wconf 75' lang='lat' dir='ltr'>REGISTm</span> <span class='ocrx_word' id='word_1_4' title='bbox 1569 309 1670 345; x_wconf 86' lang='lat' dir='ltr'>vm</span> <span class='ocrx_word' id='word_1_5' title='bbox 1697 308 1732 345; x_wconf 90' lang='lat'>6.</span> <span class='ocrx_word' id='word_1_6' title='bbox 2151 295 2260 349; x_wconf 81' lang='lat'>435</span> 
     </span>
    </p>
   </div>
   <div class='ocr_carea' id='block_1_2' title="bbox 309 413 2263 783">
    <p class='ocr_par' dir='ltr' id='par_1_2' title="bbox 309 413 2263 783">
     <span class='ocr_line' id='line_1_2' title="bbox 309 413 2263 496; baseline 0.002 -21"><span class='ocrx_word' id='word_1_7' title='bbox 309 413 439 476; x_wconf 86' lang='lat' dir='ltr'>VIII</span> <span class='ocrx_word' id='word_1_8' title='bbox 468 418 523 475; x_wconf 92' lang='grc'>6.</span> <span class='ocrx_word' id='word_1_9' title='bbox 574 421 808 491; x_wconf 69' lang='lat' dir='ltr'>Apuliae</span> <span class='ocrx_word' id='word_1_10' title='bbox 848 433 895 475; x_wconf 75' lang='lat' dir='ltr'>et</span> <span class='ocrx_word' id='word_1_11' title='bbox 931 421 1206 476; x_wconf 72' lang='lat' dir='ltr'>Calabriae</span> <span class='ocrx_word' id='word_1_12' title='bbox 1246 427 1502 495; x_wconf 73' lang='lat' dir='ltr'>episcopis</span> <span class='ocrx_word' id='word_1_13' title='bbox 1541 427 1823 495; x_wconf 68' lang='lat' dir='ltr'>siqnifieat,</span> <span class='ocrx_word' id='word_1_14' title='bbox 1862 426 2120 496; x_wconf 73' lang='lat' dir='ltr'>placitum</span> <span class='ocrx_word' id='word_1_15' title='bbox 2157 428 2263 479; x_wconf 70' lang='lat' dir='ltr'>sibi</span> 
     </span>
     <span class='ocr_line' id='line_1_3' title="bbox 494 518 2258 590; baseline 0.005 -23"><span class='ocrx_word' id='word_1_16' title='bbox 494 534 615 582; x_wconf 77' lang='lat' dir='ltr'>esse,</span> <span class='ocrx_word' id='word_1_17' title='bbox 657 528 716 569; x_wconf 73' lang='lat' dir='ltr'>ut</span> <span class='ocrx_word' id='word_1_18' title='bbox 739 518 995 571; x_wconf 73' lang='lat' dir='ltr'>Michaelz&#39;</span> <span class='ocrx_word' id='word_1_19' title='bbox 1022 519 1137 572; x_wconf 87' lang='lat' dir='ltr'>VII</span> <span class='ocrx_word' id='word_1_20' title='bbox 1167 523 1478 590; x_wconf 75' lang='lat' dir='ltr'>imperatori</span> <span class='ocrx_word' id='word_1_21' title='bbox 1513 524 1704 575; x_wconf 76' lang='lat' dir='ltr'>iniuste</span> <span class='ocrx_word' id='word_1_22' title='bbox 1742 523 1933 574; x_wconf 76' lang='lat' dir='ltr'>deiecto</span> <span class='ocrx_word' id='word_1_23' title='bbox 1963 542 1996 574; x_wconf 84' lang='lat' dir='ltr'>a</span> <span class='ocrx_word' id='word_1_24' title='bbox 2010 523 2258 590; x_wconf 77' lang='lat' dir='ltr'>fidelibus</span> 
     </span>
     <span class='ocr_line' id='line_1_4' title="bbox 495 610 2258 683; baseline 0.003 -18"><span class='ocrx_word' id='word_1_25' title='bbox 495 610 554 665; x_wconf 84' lang='lat' dir='ltr'>S.</span> <span class='ocrx_word' id='word_1_26' title='bbox 582 613 736 665; x_wconf 70' lang='lat' dir='ltr'>Petri</span> <span class='ocrx_word' id='word_1_27' title='bbox 770 615 1119 668; x_wconf 75' lang='lat' dir='ltr'><em>subveniatur.</em></span> <span class='ocrx_word' id='word_1_28' title='bbox 1180 617 1424 681; x_wconf 76' lang='lat' dir='ltr'>Mandat,</span> <span class='ocrx_word' id='word_1_29' title='bbox 1467 617 1735 670; x_wconf 74' lang='lat' dir='ltr'>hortentur</span> <span class='ocrx_word' id='word_1_30' title='bbox 1772 618 1976 683; x_wconf 75' lang='lat' dir='ltr'>milites,</span> <span class='ocrx_word' id='word_1_31' title='bbox 2020 637 2135 670; x_wconf 81' lang='lat' dir='ltr'>cum</span> <span class='ocrx_word' id='word_1_32' title='bbox 2165 619 2258 671; x_wconf 74' lang='lat' dir='ltr'>illo</span> 
     </span>
     <span class='ocr_line' id='line_1_5' title="bbox 493 709 2255 783; baseline 0.003 -24"><span class='ocrx_word' id='word_1_33' title='bbox 493 717 540 760; x_wconf 79' lang='lat' dir='ltr'>et</span> <span class='ocrx_word' id='word_1_34' title='bbox 578 726 693 760; x_wconf 82' lang='lat' dir='ltr'>cum</span> <span class='ocrx_word' id='word_1_35' title='bbox 722 709 947 763; x_wconf 74' lang='lat' dir='ltr'>Roberto</span> <span class='ocrx_word' id='word_1_36' title='bbox 989 713 1116 763; x_wconf 80' lang='lat' dir='ltr'>duce</span> <span class='ocrx_word' id='word_1_37' title='bbox 1143 711 1588 780; x_wconf 67' lang='lat' dir='ltr'>transfretaturos,</span> <span class='ocrx_word' id='word_1_38' title='bbox 1630 723 1688 764; x_wconf 72' lang='lat' dir='ltr'>ut</span> <span class='ocrx_word' id='word_1_39' title='bbox 1699 713 1862 779; x_wconf 84' lang='lat' dir='ltr'>fidem</span> <span class='ocrx_word' id='word_1_40' title='bbox 1887 715 1955 765; x_wconf 72' lang='lat' dir='ltr'>iis</span> <span class='ocrx_word' id='word_1_41' title='bbox 1973 724 2255 783; x_wconf 73' lang='lat' dir='ltr'>praestent.</span> 
     </span>
    </p>
   </div>
   <div class='ocr_carea' id='block_1_3' title="bbox 292 804 2258 3288">
    <p class='ocr_par' dir='ltr' id='par_1_3' title="bbox 304 804 2258 1065">
     <span class='ocr_line' id='line_1_6' title="bbox 455 804 2258 891; baseline 0.004 -21"><span class='ocrx_word' id='word_1_42' title='bbox 455 815 737 885; x_wconf 81' lang='lat' dir='ltr'>Gregorius</span> <span class='ocrx_word' id='word_1_43' title='bbox 778 820 1053 891; x_wconf 90' lang='lat' dir='ltr'>episcopus</span> <span class='ocrx_word' id='word_1_44' title='bbox 1094 804 1283 874; x_wconf 87' lang='lat' dir='ltr'>servus</span> <span class='ocrx_word' id='word_1_45' title='bbox 1315 838 1586 874; x_wconf 89' lang='lat' dir='ltr'>servorum</span> <span class='ocrx_word' id='word_1_46' title='bbox 1625 821 1725 875; x_wconf 90' lang='lat' dir='ltr'>Dei</span> <span class='ocrx_word' id='word_1_47' title='bbox 1762 821 2012 875; x_wconf 90' lang='lat' dir='ltr'>fratribus</span> <span class='ocrx_word' id='word_1_48' title='bbox 2053 827 2105 876; x_wconf 91' lang='lat' dir='ltr'>et</span> <span class='ocrx_word' id='word_1_49' title='bbox 2143 840 2258 877; x_wconf 88' lang='lat' dir='ltr'>coe-</span> 
     </span>
     <span class='ocr_line' id='line_1_7' title="bbox 304 911 2257 990; baseline 0.005 -26"><span class='ocrx_word' id='word_1_50' title='bbox 304 911 535 982; x_wconf 90' lang='lat' dir='ltr'>piscopis</span> <span class='ocrx_word' id='word_1_51' title='bbox 586 913 641 967; x_wconf 93' lang='lat' dir='ltr'>in</span> <span class='ocrx_word' id='word_1_52' title='bbox 678 914 876 985; x_wconf 83' lang='lat' dir='ltr'><strong>Apulia</strong></span> <span class='ocrx_word' id='word_1_53' title='bbox 924 919 976 970; x_wconf 92' lang='lat' dir='ltr'>et</span> <span class='ocrx_word' id='word_1_54' title='bbox 1015 915 1257 970; x_wconf 85' lang='lat' dir='ltr'>Calabria</span> <span class='ocrx_word' id='word_1_55' title='bbox 1296 916 1737 971; x_wconf 83' lang='lat' dir='ltr'>commorantibus</span> <span class='ocrx_word' id='word_1_56' title='bbox 1779 917 2000 972; x_wconf 91' lang='lat' dir='ltr'>salutem</span> <span class='ocrx_word' id='word_1_57' title='bbox 2041 923 2093 972; x_wconf 93' lang='lat' dir='ltr'>et</span> <span class='ocrx_word' id='word_1_58' title='bbox 2132 936 2257 990; x_wconf 92' lang='lat' dir='ltr'>apo—</span> 
     </span>
     <span class='ocr_line' id='line_1_8' title="bbox 304 1007 1012 1065; baseline 0.007 -5"><span class='ocrx_word' id='word_1_59' title='bbox 304 1007 546 1062; x_wconf 88' lang='lat' dir='ltr'>stolicam</span> <span class='ocrx_word' id='word_1_60' title='bbox 584 1009 1012 1065; x_wconf 84' lang='lat' dir='ltr'>benedictionem.</span> 
     </span>
    </p>

    <p class='ocr_par' dir='ltr' id='par_1_4' title="bbox 292 1104 2257 3288">
     <span class='ocr_line' id='line_1_9' title="bbox 452 1104 2257 1177; baseline 0.004 -20"><span class='ocrx_word' id='word_1_61' title='bbox 452 1104 649 1158; x_wconf 91' lang='lat' dir='ltr'>Notum</span> <span class='ocrx_word' id='word_1_62' title='bbox 689 1123 802 1160; x_wconf 89' lang='lat' dir='ltr'>esse</span> <span class='ocrx_word' id='word_1_63' title='bbox 841 1106 1149 1177; x_wconf 80' lang='lat' dir='ltr'>prudentiae</span> <span class='ocrx_word' id='word_1_64' title='bbox 1187 1110 1392 1160; x_wconf 87' lang='lat' dir='ltr'>vestrae</span> <span class='ocrx_word' id='word_1_65' title='bbox 1431 1124 1536 1160; x_wconf 93' lang='lat' dir='ltr'>non</span> <span class='ocrx_word' id='word_1_66' title='bbox 1577 1108 1901 1177; x_wconf 71' lang='lat' dir='ltr'>dubitemne,</span> <span class='ocrx_word' id='word_1_67' title='bbox 1943 1109 2257 1177; x_wconf 89' lang='lat' dir='ltr'>gloriosissi-</span> 
     </span>
     <span class='ocr_line' id='line_1_10' title="bbox 304 1201 2256 1276; baseline 0.004 -23"><span class='ocrx_word' id='word_1_68' title='bbox 304 1217 447 1253; x_wconf 92' lang='lat' dir='ltr'>mum</span> <span class='ocrx_word' id='word_1_69' title='bbox 486 1201 857 1271; x_wconf 87' lang='lat' dir='ltr'>imperatorem</span> <span class='ocrx_word' id='word_1_70' title='bbox 897 1201 1549 1272; x_wconf 88' lang='lat' dir='ltr'>Constantinopolitanum,</span> <span class='ocrx_word' id='word_1_71' title='bbox 1590 1202 1963 1259; x_wconf 88' lang='lat' dir='ltr'>Michahelem¹</span> <span class='ocrx_word' id='word_1_72' title='bbox 1998 1206 2256 1276; x_wconf 87' lang='lat' dir='ltr'>videlicet,</span> 
     </span>
     <span class='ocr_line' id='line_1_11' title="bbox 305 1295 2257 1370; baseline 0.004 -21"><span class='ocrx_word' id='word_1_73' title='bbox 305 1295 368 1349; x_wconf 90' lang='lat' dir='ltr'>ab</span> <span class='ocrx_word' id='word_1_74' title='bbox 418 1296 706 1366; x_wconf 91' lang='lat' dir='ltr'>imperialis</span> <span class='ocrx_word' id='word_1_75' title='bbox 756 1297 1093 1351; x_wconf 89' lang='lat' dir='ltr'>excellentiae</span> <span class='ocrx_word' id='word_1_76' title='bbox 1140 1297 1365 1351; x_wconf 89' lang='lat' dir='ltr'>culmine</span> <span class='ocrx_word' id='word_1_77' title='bbox 1411 1299 1624 1367; x_wconf 86' lang='lat' dir='ltr'>indigne</span> <span class='ocrx_word' id='word_1_78' title='bbox 1672 1301 1846 1370; x_wconf 91' lang='lat' dir='ltr'>potius</span> <span class='ocrx_word' id='word_1_79' title='bbox 1898 1306 1950 1355; x_wconf 93' lang='lat' dir='ltr'>et</span> <span class='ocrx_word' id='word_1_80' title='bbox 1997 1301 2257 1357; x_wconf 84' lang='lat' dir='ltr'>malitiose</span> 
     </span>
     <span class='ocr_line' id='line_1_12' title="bbox 304 1392 2255 1465; baseline 0.004 -21"><span class='ocrx_word' id='word_1_81' title='bbox 304 1408 460 1460; x_wconf 90' lang='lat' dir='ltr'>quam</span> <span class='ocrx_word' id='word_1_82' title='bbox 490 1393 626 1446; x_wconf 89' lang='lat' dir='ltr'>iuste</span> <span class='ocrx_word' id='word_1_83' title='bbox 657 1397 747 1446; x_wconf 92' lang='lat' dir='ltr'>aut</span> <span class='ocrx_word' id='word_1_84' title='bbox 770 1393 1150 1447; x_wconf 86' lang='lat' dir='ltr'>rationabiliter</span> <span class='ocrx_word' id='word_1_85' title='bbox 1178 1411 1290 1447; x_wconf 89' lang='grc'>0880</span> <span class='ocrx_word' id='word_1_86' title='bbox 1318 1394 1574 1448; x_wconf 93' lang='lat' dir='ltr'>deiectum</span> <span class='ocrx_word' id='word_1_87' title='bbox 1588 1392 1621 1448; x_wconf 81' lang='lat'>².</span> <span class='ocrx_word' id='word_1_88' title='bbox 1682 1395 1797 1465; x_wconf 87' lang='lat' dir='ltr'>Qui,</span> <span class='ocrx_word' id='word_1_89' title='bbox 1835 1397 2091 1451; x_wconf 90' lang='lat' dir='ltr'>auxilium</span> <span class='ocrx_word' id='word_1_90' title='bbox 2117 1398 2255 1452; x_wconf 90' lang='lat' dir='ltr'>beati</span> 
     </span>
     <span class='ocr_line' id='line_1_13' title="bbox 301 1478 2253 1563; baseline 0.004 -23"><span class='ocrx_word' id='word_1_91' title='bbox 301 1486 445 1541; x_wconf 89' lang='lat' dir='ltr'>Petri</span> <span class='ocrx_word' id='word_1_92' title='bbox 483 1505 579 1542; x_wconf 88' lang='lat' dir='ltr'>nec</span> <span class='ocrx_word' id='word_1_93' title='bbox 603 1505 707 1541; x_wconf 91' lang='lat' dir='ltr'>non</span> <span class='ocrx_word' id='word_1_94' title='bbox 734 1488 829 1542; x_wconf 92' lang='lat' dir='ltr'>filii</span> <span class='ocrx_word' id='word_1_95' title='bbox 856 1490 1023 1543; x_wconf 92' lang='lat' dir='ltr'>nostri</span> <span class='ocrx_word' id='word_1_96' title='bbox 1060 1489 1424 1558; x_wconf 87' lang='lat' dir='ltr'>gloriosissimi</span> <span class='ocrx_word' id='word_1_97' title='bbox 1465 1491 1608 1545; x_wconf 89' lang='lat' dir='ltr'>ducis</span> <span class='ocrx_word' id='word_1_98' title='bbox 1635 1489 1877 1547; x_wconf 78' lang='lat' dir='ltr'>Roberti³</span> <span class='ocrx_word' id='word_1_99' title='bbox 1906 1478 2253 1563; x_wconf 82' lang='lat' dir='ltr'>flagitaturuS,</span> 
     </span>
     <span class='ocr_line' id='line_1_14' title="bbox 302 1582 2254 1660; baseline 0.003 -22"><span class='ocrx_word' id='word_1_100' title='bbox 302 1584 507 1639; x_wconf 89' lang='lat' dir='ltr'>Italiam</span> <span class='ocrx_word' id='word_1_101' title='bbox 537 1582 732 1656; x_wconf 85' lang='lat' dir='ltr'>petiit⁴.</span> <span class='ocrx_word' id='word_1_102' title='bbox 794 1585 1123 1656; x_wconf 85' lang='lat' dir='ltr'>Quapropter</span> <span class='ocrx_word' id='word_1_103' title='bbox 1152 1603 1264 1655; x_wconf 89' lang='grc'>1108,</span> <span class='ocrx_word' id='word_1_104' title='bbox 1304 1586 1428 1641; x_wconf 92' lang='grc'>11001</span> <span class='ocrx_word' id='word_1_105' title='bbox 1458 1587 1660 1655; x_wconf 92' lang='lat' dir='ltr'>indigni</span> <span class='ocrx_word' id='word_1_106' title='bbox 1688 1589 1826 1642; x_wconf 91' lang='lat' dir='ltr'>sedis</span> <span class='ocrx_word' id='word_1_107' title='bbox 1852 1590 2047 1660; x_wconf 73' lang='lat' dir='ltr'>ipsius⁶</span> <span class='ocrx_word' id='word_1_108' title='bbox 2075 1606 2254 1644; x_wconf 91' lang='lat' dir='ltr'>curam</span> 
     </span>
     <span class='ocr_line' id='line_1_15' title="bbox 300 1682 2253 1754; baseline 0.003 -20"><span class='ocrx_word' id='word_1_109' title='bbox 300 1685 566 1751; x_wconf 81' lang='lat' dir='ltr'>gerenteS,</span> <span class='ocrx_word' id='word_1_110' title='bbox 616 1682 993 1752; x_wconf 81' lang='lat' dir='ltr'>compassionis</span> <span class='ocrx_word' id='word_1_111' title='bbox 1033 1682 1318 1736; x_wconf 87' lang='lat' dir='ltr'>visceribus</span> <span class='ocrx_word' id='word_1_112' title='bbox 1357 1683 1512 1752; x_wconf 91' lang='lat' dir='ltr'>moti,</span> <span class='ocrx_word' id='word_1_113' title='bbox 1552 1684 1795 1754; x_wconf 80' lang='lat' dir='ltr'>precibus</span> <span class='ocrx_word' id='word_1_114' title='bbox 1835 1685 1976 1738; x_wconf 90' lang='lat' dir='ltr'>illius</span> <span class='ocrx_word' id='word_1_115' title='bbox 2016 1702 2111 1739; x_wconf 92' lang='grc'>1100</span> <span class='ocrx_word' id='word_1_116' title='bbox 2148 1703 2253 1739; x_wconf 91' lang='grc'>11011</span> 
     </span>
     <span class='ocr_line' id='line_1_16' title="bbox 302 1777 2254 1848; baseline 0.003 -18"><span class='ocrx_word' id='word_1_117' title='bbox 302 1778 533 1831; x_wconf 88' lang='lat' dir='ltr'>eiusdem</span> <span class='ocrx_word' id='word_1_118' title='bbox 583 1778 728 1831; x_wconf 88' lang='lat' dir='ltr'>ducis</span> <span class='ocrx_word' id='word_1_119' title='bbox 779 1777 1111 1831; x_wconf 88' lang='lat' dir='ltr'>annuendum</span> <span class='ocrx_word' id='word_1_120' title='bbox 1151 1795 1264 1832; x_wconf 90' lang='grc'>0880</span> <span class='ocrx_word' id='word_1_121' title='bbox 1304 1780 1626 1848; x_wconf 88' lang='grc'>00118111111118,</span> <span class='ocrx_word' id='word_1_122' title='bbox 1678 1785 1730 1834; x_wconf 86' lang='grc'>01</span> <span class='ocrx_word' id='word_1_123' title='bbox 1768 1797 1799 1834; x_wconf 87' lang='grc'>0</span> <span class='ocrx_word' id='word_1_124' title='bbox 1834 1779 2075 1834; x_wconf 89' lang='lat' dir='ltr'>fidelibus</span> <span class='ocrx_word' id='word_1_125' title='bbox 2113 1781 2254 1835; x_wconf 91' lang='lat' dir='ltr'>beati</span> 
     </span>
     <span class='ocr_line' id='line_1_17' title="bbox 299 1872 2251 1946; baseline 0.003 -20"><span class='ocrx_word' id='word_1_126' title='bbox 299 1872 442 1927; x_wconf 87' lang='lat' dir='ltr'>Petri</span> <span class='ocrx_word' id='word_1_127' title='bbox 482 1873 891 1927; x_wconf 88' lang='lat' dir='ltr'>subveniendum</span> <span class='ocrx_word' id='word_1_128' title='bbox 935 1874 1035 1927; x_wconf 91' lang='lat' dir='ltr'>sibi</span> <span class='ocrx_word' id='word_1_129' title='bbox 1071 1874 1182 1927; x_wconf 84' lang='lat' dir='ltr'>fore</span> <span class='ocrx_word' id='word_1_130' title='bbox 1221 1875 1537 1944; x_wconf 81' lang='lat' dir='ltr'>putavimus,</span> <span class='ocrx_word' id='word_1_131' title='bbox 1597 1875 1762 1943; x_wconf 87' lang='lat' dir='ltr'>Igitur</span> <span class='ocrx_word' id='word_1_132' title='bbox 1802 1877 1924 1946; x_wconf 88' lang='lat' dir='ltr'>quia</span> <span class='ocrx_word' id='word_1_133' title='bbox 1961 1878 2098 1931; x_wconf 90' lang='lat' dir='ltr'>inter</span> <span class='ocrx_word' id='word_1_134' title='bbox 2137 1893 2251 1931; x_wconf 91' lang='grc'>000-</span> 
     </span>
     <span class='ocr_line' id='line_1_18' title="bbox 300 1968 2252 2042; baseline 0.003 -20"><span class='ocrx_word' id='word_1_135' title='bbox 300 1972 415 2022; x_wconf 89' lang='lat' dir='ltr'>tera</span> <span class='ocrx_word' id='word_1_136' title='bbox 452 1969 763 2023; x_wconf 89' lang='lat' dir='ltr'>multimoda</span> <span class='ocrx_word' id='word_1_137' title='bbox 802 1968 1050 2037; x_wconf 83' lang='lat' dir='ltr'>suffragia</span> <span class='ocrx_word' id='word_1_138' title='bbox 1085 1969 1227 2023; x_wconf 92' lang='lat' dir='ltr'>istud</span> <span class='ocrx_word' id='word_1_139' title='bbox 1265 1987 1372 2023; x_wconf 91' lang='lat' dir='ltr'>non</span> <span class='ocrx_word' id='word_1_140' title='bbox 1409 1971 1583 2024; x_wconf 92' lang='lat' dir='ltr'>minus</span> <span class='ocrx_word' id='word_1_141' title='bbox 1619 1972 1950 2042; x_wconf 87' lang='lat' dir='ltr'>profuturum</span> <span class='ocrx_word' id='word_1_142' title='bbox 1976 1974 2252 2027; x_wconf 87' lang='lat' dir='ltr'>memorati</span> 
     </span>
     <span class='ocr_line' id='line_1_19' title="bbox 299 2064 2250 2138; baseline 0.003 -21"><span class='ocrx_word' id='word_1_143' title='bbox 299 2064 563 2135; x_wconf 79' lang='lat' dir='ltr'>principes</span> <span class='ocrx_word' id='word_1_144' title='bbox 605 2065 962 2134; x_wconf 81' lang='lat' dir='ltr'>exsistimant,</span> <span class='ocrx_word' id='word_1_145' title='bbox 1011 2065 1209 2119; x_wconf 90' lang='lat' dir='ltr'>scilicet</span> <span class='ocrx_word' id='word_1_146' title='bbox 1245 2069 1304 2119; x_wconf 92' lang='lat' dir='ltr'>ut</span> <span class='ocrx_word' id='word_1_147' title='bbox 1341 2066 1534 2120; x_wconf 91' lang='lat' dir='ltr'>milites</span> <span class='ocrx_word' id='word_1_148' title='bbox 1576 2068 1913 2122; x_wconf 83' lang='lat' dir='ltr'>auxiliatores</span> <span class='ocrx_word' id='word_1_149' title='bbox 1952 2073 2095 2123; x_wconf 88' lang='lat' dir='ltr'>recta</span> <span class='ocrx_word' id='word_1_150' title='bbox 2132 2067 2250 2138; x_wconf 89' lang='lat' dir='ltr'>fide,</span> 
     </span>
     <span class='ocr_line' id='line_1_20' title="bbox 298 2160 2252 2229; baseline 0.004 -17"><span class='ocrx_word' id='word_1_151' title='bbox 298 2177 403 2213; x_wconf 91' lang='lat' dir='ltr'>non</span> <span class='ocrx_word' id='word_1_152' title='bbox 442 2160 921 2215; x_wconf 82' lang='lat' dir='ltr'>dissimulantibusb</span> <span class='ocrx_word' id='word_1_153' title='bbox 963 2161 1167 2229; x_wconf 88' lang='grc'>011111118,</span> <span class='ocrx_word' id='word_1_154' title='bbox 1208 2161 1284 2215; x_wconf 89' lang='lat' dir='ltr'>ire</span> <span class='ocrx_word' id='word_1_155' title='bbox 1324 2167 1623 2217; x_wconf 90' lang='lat' dir='ltr'>constanter</span> <span class='ocrx_word' id='word_1_156' title='bbox 1659 2164 1715 2216; x_wconf 93' lang='lat' dir='ltr'>in</span> <span class='ocrx_word' id='word_1_157' title='bbox 1742 2165 2056 2219; x_wconf 90' lang='lat' dir='ltr'>adiutorium</span> <span class='ocrx_word' id='word_1_158' title='bbox 2086 2170 2137 2220; x_wconf 90' lang='lat' dir='ltr'>et</span> <span class='ocrx_word' id='word_1_159' title='bbox 2164 2166 2252 2220; x_wconf 91' lang='lat' dir='ltr'>de-</span> 
     </span>
     <span class='ocr_line' id='line_1_21' title="bbox 296 2255 2250 2330; baseline 0.004 -22"><span class='ocrx_word' id='word_1_160' title='bbox 296 2255 586 2309; x_wconf 88' lang='lat' dir='ltr'>fensionem</span> <span class='ocrx_word' id='word_1_161' title='bbox 642 2257 866 2327; x_wconf 88' lang='lat' dir='ltr'>praefati</span> <span class='ocrx_word' id='word_1_162' title='bbox 918 2257 1250 2326; x_wconf 88' lang='lat' dir='ltr'>imperatoris</span> <span class='ocrx_word' id='word_1_163' title='bbox 1301 2257 1545 2324; x_wconf 81' lang='lat' dir='ltr'>debeant3</span> <span class='ocrx_word' id='word_1_164' title='bbox 1607 2260 1894 2330; x_wconf 90' lang='lat' dir='ltr'>apostolica</span> <span class='ocrx_word' id='word_1_165' title='bbox 1941 2263 2250 2317; x_wconf 86' lang='lat' dir='ltr'>auctoritate</span> 
     </span>
     <span class='ocr_line' id='line_1_22' title="bbox 295 2351 2248 2428; baseline 0.004 -24"><span class='ocrx_word' id='word_1_166' title='bbox 295 2351 670 2422; x_wconf 89' lang='lat' dir='ltr'>praecipimus:</span> <span class='ocrx_word' id='word_1_167' title='bbox 714 2353 957 2422; x_wconf 90' lang='lat' dir='ltr'>quatinus</span> <span class='ocrx_word' id='word_1_168' title='bbox 996 2352 1090 2420; x_wconf 91' lang='lat' dir='ltr'>illi,</span> <span class='ocrx_word' id='word_1_169' title='bbox 1133 2353 1222 2421; x_wconf 93' lang='lat' dir='ltr'>qui</span> <span class='ocrx_word' id='word_1_170' title='bbox 1260 2352 1505 2406; x_wconf 87' lang='lat' dir='ltr'>militiam</span> <span class='ocrx_word' id='word_1_171' title='bbox 1536 2354 1700 2424; x_wconf 90' lang='lat' dir='ltr'>ipsius</span> <span class='ocrx_word' id='word_1_172' title='bbox 1727 2356 1926 2410; x_wconf 90' lang='lat' dir='ltr'>intrare</span> <span class='ocrx_word' id='word_1_173' title='bbox 1953 2359 2248 2428; x_wconf 77' lang='lat' dir='ltr'>statuerint,</span> 
     </span>
     <span class='ocr_line' id='line_1_23' title="bbox 295 2447 2251 2518; baseline 0.004 -18"><span class='ocrx_word' id='word_1_174' title='bbox 295 2447 349 2499; x_wconf 93' lang='lat' dir='ltr'>in</span> <span class='ocrx_word' id='word_1_175' title='bbox 398 2448 714 2501; x_wconf 86' lang='lat' dir='ltr'>contrariam</span> <span class='ocrx_word' id='word_1_176' title='bbox 771 2452 976 2518; x_wconf 90' lang='lat' dir='ltr'>partem</span> <span class='ocrx_word' id='word_1_177' title='bbox 1033 2448 1326 2518; x_wconf 90' lang='lat' dir='ltr'>proditoria</span> <span class='ocrx_word' id='word_1_178' title='bbox 1381 2450 1812 2518; x_wconf 89' lang='lat' dir='ltr'>tergiversatione</span> <span class='ocrx_word' id='word_1_179' title='bbox 1868 2454 2094 2508; x_wconf 90' lang='lat' dir='ltr'>transire</span> <span class='ocrx_word' id='word_1_180' title='bbox 2145 2471 2251 2507; x_wconf 91' lang='lat' dir='ltr'>non</span> 
     </span>
     <span class='ocr_line' id='line_1_24' title="bbox 296 2542 2246 2614; baseline 0.005 -20"><span class='ocrx_word' id='word_1_181' title='bbox 296 2542 538 2612; x_wconf 89' lang='lat' dir='ltr'>audeant,</span> <span class='ocrx_word' id='word_1_182' title='bbox 577 2561 759 2597; x_wconf 83' lang='lat' dir='ltr'>verum</span> <span class='ocrx_word' id='word_1_183' title='bbox 789 2575 850 2580; x_wconf 91' lang='lat'><em>-</em></span> <span class='ocrx_word' id='word_1_184' title='bbox 888 2544 1025 2613; x_wconf 90' lang='lat' dir='ltr'>quod</span> <span class='ocrx_word' id='word_1_185' title='bbox 1065 2543 1377 2599; x_wconf 91' lang='lat' dir='ltr'>christianae</span> <span class='ocrx_word' id='word_1_186' title='bbox 1415 2546 1683 2614; x_wconf 88' lang='lat' dir='ltr'>religionis</span> <span class='ocrx_word' id='word_1_187' title='bbox 1724 2547 1905 2601; x_wconf 90' lang='lat' dir='ltr'>honor·</span> <span class='ocrx_word' id='word_1_188' title='bbox 1925 2554 1980 2603; x_wconf 93' lang='lat' dir='ltr'>et</span> <span class='ocrx_word' id='word_1_189' title='bbox 2018 2549 2246 2604; x_wconf 89' lang='lat' dir='ltr'>debitum</span> 
     </span>
     <span class='ocr_line' id='line_1_25' title="bbox 294 2638 2249 2715; baseline 0.005 -24"><span class='ocrx_word' id='word_1_190' title='bbox 294 2638 526 2708; x_wconf 88' lang='lat' dir='ltr'>postulat</span> <span class='ocrx_word' id='word_1_191' title='bbox 562 2669 630 2675; x_wconf 88' lang='lat'>—</span> <span class='ocrx_word' id='word_1_192' title='bbox 668 2640 716 2693; x_wconf 90' lang='lat' dir='ltr'>ei</span> <span class='ocrx_word' id='word_1_193' title='bbox 753 2640 1076 2710; x_wconf 88' lang='lat' dir='ltr'>praesidium</span> <span class='ocrx_word' id='word_1_194' title='bbox 1111 2639 1336 2694; x_wconf 91' lang='lat' dir='ltr'>fideliter</span> <span class='ocrx_word' id='word_1_195' title='bbox 1373 2641 1676 2712; x_wconf 89' lang='lat' dir='ltr'>inpendant.</span> <span class='ocrx_word' id='word_1_196' title='bbox 1735 2643 2019 2699; x_wconf 89' lang='lat' dir='ltr'>Dilectioni</span> <span class='ocrx_word' id='word_1_197' title='bbox 2046 2663 2249 2715; x_wconf 89' lang='lat' dir='ltr'>quoque</span> 
     </span>
     <span class='ocr_line' id='line_1_26' title="bbox 294 2735 2246 2810; baseline 0.005 -24"><span class='ocrx_word' id='word_1_198' title='bbox 294 2738 500 2788; x_wconf 88' lang='lat' dir='ltr'>vestrae</span> <span class='ocrx_word' id='word_1_199' title='bbox 537 2735 904 2789; x_wconf 91' lang='lat' dir='ltr'>nichilominus</span> <span class='ocrx_word' id='word_1_200' title='bbox 942 2736 1311 2806; x_wconf 91' lang='lat' dir='ltr'>praecipiendo</span> <span class='ocrx_word' id='word_1_201' title='bbox 1351 2739 1688 2792; x_wconf 89' lang='lat' dir='ltr'>mandamus:</span> <span class='ocrx_word' id='word_1_202' title='bbox 1739 2744 1798 2793; x_wconf 91' lang='lat' dir='ltr'>ut</span> <span class='ocrx_word' id='word_1_203' title='bbox 1838 2757 1950 2809; x_wconf 89' lang='grc'>008,</span> <span class='ocrx_word' id='word_1_204' title='bbox 2002 2742 2090 2810; x_wconf 92' lang='lat' dir='ltr'>qui</span> <span class='ocrx_word' id='word_1_205' title='bbox 2129 2758 2246 2795; x_wconf 91' lang='lat' dir='ltr'>cum</span> 
     </span>
     <span class='ocr_line' id='line_1_27' title="bbox 295 2829 2247 2906; baseline 0.004 -23"><span class='ocrx_word' id='word_1_206' title='bbox 295 2829 477 2883; x_wconf 91' lang='lat' dir='ltr'>eodem</span> <span class='ocrx_word' id='word_1_207' title='bbox 516 2830 645 2884; x_wconf 91' lang='lat' dir='ltr'>duce</span> <span class='ocrx_word' id='word_1_208' title='bbox 685 2835 736 2884; x_wconf 90' lang='lat' dir='ltr'>et</span> <span class='ocrx_word' id='word_1_209' title='bbox 772 2831 1006 2901; x_wconf 90' lang='lat' dir='ltr'>predicto</span> <span class='ocrx_word' id='word_1_210' title='bbox 1044 2832 1363 2901; x_wconf 88' lang='lat' dir='ltr'>imperatore</span> <span class='ocrx_word' id='word_1_211' title='bbox 1402 2835 1792 2889; x_wconf 84' lang='lat' dir='ltr'>transfretaturi</span> <span class='ocrx_word' id='word_1_212' title='bbox 1831 2841 1976 2905; x_wconf 91' lang='lat' dir='ltr'>sunt,</span> <span class='ocrx_word' id='word_1_213' title='bbox 2028 2837 2247 2906; x_wconf 89' lang='lat' dir='ltr'>diligen-</span> 
     </span>
     <span class='ocr_line' id='line_1_28' title="bbox 293 2926 2245 3003; baseline 0.005 -25"><span class='ocrx_word' id='word_1_214' title='bbox 293 2926 512 2994; x_wconf 91' lang='lat' dir='ltr'>tissime,</span> <span class='ocrx_word' id='word_1_215' title='bbox 560 2930 619 2980; x_wconf 91' lang='lat' dir='ltr'>ut</span> <span class='ocrx_word' id='word_1_216' title='bbox 655 2930 888 2980; x_wconf 85' lang='lat' dir='ltr'>vestrum</span> <span class='ocrx_word' id='word_1_217' title='bbox 930 2926 1156 2980; x_wconf 85' lang='lat' dir='ltr'>officium</span> <span class='ocrx_word' id='word_1_218' title='bbox 1196 2929 1375 2997; x_wconf 82' lang='lat' dir='ltr'>exigit,</span> <span class='ocrx_word' id='word_1_219' title='bbox 1426 2932 1701 2999; x_wconf 84' lang='lat' dir='ltr'>moneatiS,</span> <span class='ocrx_word' id='word_1_220' title='bbox 1749 2932 2060 3000; x_wconf 90' lang='lat' dir='ltr'>condignam</span> <span class='ocrx_word' id='word_1_221' title='bbox 2098 2935 2245 3003; x_wconf 92' lang='lat' dir='ltr'>peni-</span> 
     </span>
     <span class='ocr_line' id='line_1_29' title="bbox 292 3022 2244 3090; baseline 0.004 -16"><span class='ocrx_word' id='word_1_222' title='bbox 292 3022 513 3075; x_wconf 92' lang='lat' dir='ltr'>tentiam</span> <span class='ocrx_word' id='word_1_223' title='bbox 553 3038 706 3090; x_wconf 90' lang='lat' dir='ltr'>agere</span> <span class='ocrx_word' id='word_1_224' title='bbox 747 3026 799 3076; x_wconf 89' lang='lat' dir='ltr'>et</span> <span class='ocrx_word' id='word_1_225' title='bbox 834 3025 1033 3076; x_wconf 87' lang='lat' dir='ltr'>rectam</span> <span class='ocrx_word' id='word_1_226' title='bbox 1070 3022 1226 3077; x_wconf 91' lang='lat' dir='ltr'>fidem</span> <span class='ocrx_word' id='word_1_227' title='bbox 1267 3025 1401 3078; x_wconf 90' lang='lat' dir='ltr'>sicut</span> <span class='ocrx_word' id='word_1_228' title='bbox 1439 3026 1586 3079; x_wconf 89' lang='lat' dir='ltr'>decet</span> <span class='ocrx_word' id='word_1_229' title='bbox 1624 3026 1936 3080; x_wconf 90' lang='lat' dir='ltr'>christianos</span> <span class='ocrx_word' id='word_1_230' title='bbox 1963 3028 2101 3081; x_wconf 89' lang='lat' dir='ltr'>circa</span> <span class='ocrx_word' id='word_1_231' title='bbox 2126 3028 2244 3082; x_wconf 90' lang='lat' dir='ltr'>illos</span> 
     </span>
     <span class='ocr_line' id='line_1_30' title="bbox 294 3118 2244 3194; baseline 0.004 -24"><span class='ocrx_word' id='word_1_232' title='bbox 294 3133 528 3186; x_wconf 87' lang='lat' dir='ltr'>servare,</span> <span class='ocrx_word' id='word_1_233' title='bbox 575 3118 631 3171; x_wconf 93' lang='lat' dir='ltr'>in</span> <span class='ocrx_word' id='word_1_234' title='bbox 671 3118 910 3172; x_wconf 90' lang='lat' dir='ltr'>omnibus</span> <span class='ocrx_word' id='word_1_235' title='bbox 952 3118 1152 3172; x_wconf 89' lang='lat' dir='ltr'>actibus</span> <span class='ocrx_word' id='word_1_236' title='bbox 1193 3120 1298 3172; x_wconf 89' lang='lat' dir='ltr'>suis</span> <span class='ocrx_word' id='word_1_237' title='bbox 1338 3120 1580 3174; x_wconf 89' lang='lat' dir='ltr'>timorem</span> <span class='ocrx_word' id='word_1_238' title='bbox 1619 3122 1719 3175; x_wconf 89' lang='lat' dir='ltr'>Dei</span> <span class='ocrx_word' id='word_1_239' title='bbox 1759 3127 1810 3176; x_wconf 91' lang='lat' dir='ltr'>et</span> <span class='ocrx_word' id='word_1_240' title='bbox 1849 3140 2079 3177; x_wconf 90' lang='lat' dir='ltr'>amorem</span> <span class='ocrx_word' id='word_1_241' title='bbox 2117 3141 2244 3194; x_wconf 90' lang='lat' dir='ltr'>prae</span> 
     </span>
     <span class='ocr_line' id='line_1_31' title="bbox 293 3212 2243 3288; baseline 0.004 -23"><span class='ocrx_word' id='word_1_242' title='bbox 293 3212 455 3266; x_wconf 90' lang='lat' dir='ltr'>oculis</span> <span class='ocrx_word' id='word_1_243' title='bbox 482 3213 688 3283; x_wconf 88' lang='lat' dir='ltr'>habere,</span> <span class='ocrx_word' id='word_1_244' title='bbox 723 3219 774 3268; x_wconf 90' lang='lat' dir='ltr'>et</span> <span class='ocrx_word' id='word_1_245' title='bbox 805 3215 860 3267; x_wconf 93' lang='lat' dir='ltr'>in</span> <span class='ocrx_word' id='word_1_246' title='bbox 886 3215 1035 3269; x_wconf 88' lang='lat' dir='ltr'>bonis</span> <span class='ocrx_word' id='word_1_247' title='bbox 1063 3215 1306 3285; x_wconf 91' lang='lat' dir='ltr'>operibus</span> <span class='ocrx_word' id='word_1_248' title='bbox 1334 3233 1684 3285; x_wconf 85' lang='lat' dir='ltr'>perseverare.</span> <span class='ocrx_word' id='word_1_249' title='bbox 1747 3217 1935 3287; x_wconf 89' lang='lat' dir='ltr'>Sicque</span> <span class='ocrx_word' id='word_1_250' title='bbox 1960 3219 2096 3288; x_wconf 88' lang='lat' dir='ltr'>illos,</span> <span class='ocrx_word' id='word_1_251' title='bbox 2125 3219 2243 3273; x_wconf 84' lang='lat' dir='ltr'>sulti</span> 
     </span>
    </p>
   </div>
   <div class='ocr_carea' id='block_1_4' title="bbox 290 3322 2242 3742">
    <p class='ocr_par' dir='ltr' id='par_1_5' title="bbox 413 3322 1602 3364">
     <span class='ocr_line' id='line_1_32' title="bbox 413 3322 1602 3364; baseline 0.003 -5"><span class='ocrx_word' id='word_1_252' title='bbox 413 3334 445 3360; x_wconf 84' lang='lat' dir='ltr'>a.</span> <span class='ocrx_word' id='word_1_253' title='bbox 472 3322 509 3360; x_wconf 89' lang='lat' dir='ltr'>b.</span> <span class='ocrx_word' id='word_1_254' title='bbox 527 3323 628 3362; x_wconf 81' lang='lat' dir='ltr'>Petri</span> <span class='ocrx_word' id='word_1_255' title='bbox 655 3326 842 3363; x_wconf 68' lang='lat' dir='ltr'>caecidisse</span> <span class='ocrx_word' id='word_1_256' title='bbox 867 3326 1022 3363; x_wconf 67' lang='lat' dir='ltr'>videtur.</span> <span class='ocrx_word' id='word_1_257' title='bbox 1178 3325 1213 3361; x_wconf 86' lang='lat' dir='ltr'>b.</span> <span class='ocrx_word' id='word_1_258' title='bbox 1243 3325 1490 3363; x_wconf 81' lang='lat' dir='ltr'>dissimilibus</span> <span class='ocrx_word' id='word_1_259' title='bbox 1519 3328 1602 3364; x_wconf 85' lang='lat' dir='ltr'>cod.</span> 
     </span>
    </p>

    <p class='ocr_par' dir='ltr' id='par_1_6' title="bbox 290 3391 2242 3742">
     <span class='ocr_line' id='line_1_33' title="bbox 411 3391 2241 3455; baseline 0.003 -16"><span class='ocrx_word' id='word_1_260' title='bbox 411 3395 452 3438; x_wconf 93' lang='grc'>1.</span> <span class='ocrx_word' id='word_1_261' title='bbox 483 3395 584 3452; x_wconf 88' lang='lat' dir='ltr'>VH,</span> <span class='ocrx_word' id='word_1_262' title='bbox 604 3394 744 3440; x_wconf 90' lang='lat' dir='ltr'>filium</span> <span class='ocrx_word' id='word_1_263' title='bbox 769 3396 1054 3441; x_wconf 86' lang='lat' dir='ltr'>Constantini</span> <span class='ocrx_word' id='word_1_264' title='bbox 1074 3397 1245 3440; x_wconf 85' lang='lat' dir='ltr'>Ducae.</span> <span class='ocrx_word' id='word_1_265' title='bbox 1276 3396 1334 3441; x_wconf 85' lang='lat' dir='ltr'>V.</span> <span class='ocrx_word' id='word_1_266' title='bbox 1357 3397 1408 3440; x_wconf 94' lang='lat' dir='ltr'>L.</span> <span class='ocrx_word' id='word_1_267' title='bbox 1426 3397 1450 3440; x_wconf 96' lang='lat' dir='ltr'>I</span> <span class='ocrx_word' id='word_1_268' title='bbox 1470 3410 1540 3453; x_wconf 90' lang='lat' dir='ltr'>ep.</span> <span class='ocrx_word' id='word_1_269' title='bbox 1561 3399 1616 3442; x_wconf 89' lang='lat'>18</span> <span class='ocrx_word' id='word_1_270' title='bbox 1638 3411 1775 3455; x_wconf 85' lang='lat' dir='ltr'>supra</span> <span class='ocrx_word' id='word_1_271' title='bbox 1795 3413 1838 3455; x_wconf 91' lang='lat' dir='ltr'>p.</span> <span class='ocrx_word' id='word_1_272' title='bbox 1858 3391 1936 3443; x_wconf 57' lang='lat'>31(</span> <span class='ocrx_word' id='word_1_273' title='bbox 2049 3401 2090 3443; x_wconf 80' lang='lat'>2.</span> <span class='ocrx_word' id='word_1_274' title='bbox 2124 3413 2241 3444; x_wconf 83' lang='lat' dir='ltr'>anno</span> 
     </span>
     <span class='ocr_line' id='line_1_34' title="bbox 294 3467 2242 3530; baseline 0.004 -20"><span class='ocrx_word' id='word_1_275' title='bbox 294 3467 421 3511; x_wconf 84' lang='lat'>1078.</span> <span class='ocrx_word' id='word_1_276' title='bbox 551 3469 592 3512; x_wconf 90' lang='grc'>3.</span> <span class='ocrx_word' id='word_1_277' title='bbox 627 3469 879 3514; x_wconf 80' lang='lat' dir='ltr'>Guiscardi.</span> <span class='ocrx_word' id='word_1_278' title='bbox 1006 3471 1049 3514; x_wconf 89' lang='lat'>4.</span> <span class='ocrx_word' id='word_1_279' title='bbox 1082 3471 1184 3514; x_wconf 92' lang='lat' dir='ltr'>Non</span> <span class='ocrx_word' id='word_1_280' title='bbox 1214 3469 1362 3525; x_wconf 82' lang='lat' dir='ltr'>ipsum</span> <span class='ocrx_word' id='word_1_281' title='bbox 1393 3470 1658 3515; x_wconf 87' lang='lat' dir='ltr'>Michaelem</span> <span class='ocrx_word' id='word_1_282' title='bbox 1679 3473 1766 3517; x_wconf 93' lang='lat' dir='ltr'>VII</span> <span class='ocrx_word' id='word_1_283' title='bbox 1794 3473 2126 3530; x_wconf 85' lang='lat' dir='ltr'>imperatorem,</span> <span class='ocrx_word' id='word_1_284' title='bbox 2159 3473 2242 3517; x_wconf 84' lang='lat' dir='ltr'>sed</span> 
     </span>
     <span class='ocr_line' id='line_1_35' title="bbox 290 3539 2238 3602; baseline 0.003 -18"><span class='ocrx_word' id='word_1_285' title='bbox 290 3539 560 3584; x_wconf 86' lang='lat' dir='ltr'>Raectorem</span> <span class='ocrx_word' id='word_1_286' title='bbox 590 3542 876 3600; x_wconf 86' lang='lat' dir='ltr'>monachum,</span> <span class='ocrx_word' id='word_1_287' title='bbox 908 3543 1378 3600; x_wconf 87' lang='lat' dir='ltr'>Pseudomichaelem,</span> <span class='ocrx_word' id='word_1_288' title='bbox 1410 3556 1514 3587; x_wconf 90' lang='lat' dir='ltr'>cum</span> <span class='ocrx_word' id='word_1_289' title='bbox 1545 3544 1744 3590; x_wconf 88' lang='lat' dir='ltr'>Roberto</span> <span class='ocrx_word' id='word_1_290' title='bbox 1776 3545 1892 3589; x_wconf 87' lang='grc'>(11100</span> <span class='ocrx_word' id='word_1_291' title='bbox 1922 3545 2238 3602; x_wconf 87' lang='lat' dir='ltr'>colludentem,</span> 
     </span>
     <span class='ocr_line' id='line_1_36' title="bbox 290 3611 2238 3675; baseline 0.005 -20"><span class='ocrx_word' id='word_1_292' title='bbox 290 3611 337 3656; x_wconf 92' lang='lat' dir='ltr'>in</span> <span class='ocrx_word' id='word_1_293' title='bbox 367 3613 543 3657; x_wconf 89' lang='lat' dir='ltr'>Italiam</span> <span class='ocrx_word' id='word_1_294' title='bbox 573 3616 754 3661; x_wconf 85' lang='lat' dir='ltr'>venisse</span> <span class='ocrx_word' id='word_1_295' title='bbox 785 3620 977 3661; x_wconf 88' lang='lat' dir='ltr'>constat.</span> <span class='ocrx_word' id='word_1_296' title='bbox 1018 3618 1074 3663; x_wconf 89' lang='lat' dir='ltr'>V.</span> <span class='ocrx_word' id='word_1_297' title='bbox 1098 3617 1281 3662; x_wconf 88' lang='lat' dir='ltr'>Wilken</span> <span class='ocrx_word' id='word_1_298' title='bbox 1311 3618 1415 3661; x_wconf 85' lang='lat' dir='ltr'>Rer.</span> <span class='ocrx_word' id='word_1_299' title='bbox 1446 3631 1473 3661; x_wconf 88' lang='lat' dir='ltr'>a</span> <span class='ocrx_word' id='word_1_300' title='bbox 1504 3617 1747 3663; x_wconf 86' lang='lat' dir='ltr'>Comnenis</span> <span class='ocrx_word' id='word_1_301' title='bbox 1778 3622 2010 3675; x_wconf 85' lang='lat' dir='ltr'>gestarum</span> <span class='ocrx_word' id='word_1_302' title='bbox 2041 3618 2143 3664; x_wconf 89' lang='lat' dir='ltr'>libri</span> <span class='ocrx_word' id='word_1_303' title='bbox 2172 3620 2238 3665; x_wconf 91' lang='lat' dir='ltr'>IV</span> 
     </span>
     <span class='ocr_line' id='line_1_37' title="bbox 290 3686 622 3742; baseline 0.003 -12"><span class='ocrx_word' id='word_1_304' title='bbox 290 3699 334 3742; x_wconf 87' lang='lat' dir='ltr'>p.</span> <span class='ocrx_word' id='word_1_305' title='bbox 360 3686 509 3731; x_wconf 86' lang='grc'>135-</span> <span class='ocrx_word' id='word_1_306' title='bbox 524 3688 622 3732; x_wconf 85' lang='grc'>137.</span> 
     </span>
    </p>
   </div>
   <div class='ocr_carea' id='block_1_5' title="bbox 1789 3771 1885 3817">
    <p class='ocr_par' dir='ltr' id='par_1_7' title="bbox 1789 3771 1885 3817">
     <span class='ocr_line' id='line_1_38' title="bbox 1789 3771 1885 3817; baseline -0.01 0"><span class='ocrx_word' id='word_1_307' title='bbox 1789 3771 1885 3817; x_wconf 57' lang='lat'>28*</span> 
     </span>
    </p>
   </div>
   <div class='ocr_carea' id='block_1_6' title="bbox 2287 831 2422 928">
    <p class='ocr_par' dir='ltr' id='par_1_8' title="bbox 2287 831 2422 928">
     <span class='ocr_line' id='line_1_39' title="bbox 2296 831 2412 874; baseline -0.009 0"><span class='ocrx_word' id='word_1_308' title='bbox 2296 831 2412 874; x_wconf 84' lang='lat'>1080</span> 
     </span>
     <span class='ocr_line' id='line_1_40' title="bbox 2287 891 2422 928; baseline 0.007 -1"><span class='ocrx_word' id='word_1_309' title='bbox 2287 891 2354 928; x_wconf 91' lang='lat' dir='ltr'>Iul.</span> <span class='ocrx_word' id='word_1_310' title='bbox 2374 891 2422 928; x_wconf 82' lang='lat'>25</span> 
     </span>
    </p>
   </div>
  </div>
 </body>
</html>
