2730 4198
485 260 596 313 480
923 274 1198 313 GREGORII
1234 274 1314 310 vn
1350 272 1614 311 REGISTRI
1650 273 1751 310 vm
1778 272 1825 309 29
1855 270 1919 318 (lx
1936 270 1988 318 6).

319 396 430 439 1081
488 394 642 460 atque
683 390 858 444 abbati
882 389 1196 443 Massiliensi
1223 389 1431 456 suisque
1457 388 1839 442 successoribus
1871 389 2181 457 regulariter
2218 405 2426 458 promo-

300 457 457 504 Apr.18
486 486 667 541 vendis
706 487 762 538 in
800 489 1126 556 perpetuum.

634 581 782 634 Licet
820 580 1090 650 apostolici
1128 596 1222 632 nos
1263 578 1423 648 apicis
1464 594 1589 631 cura
1627 595 1723 648 pro
1763 579 1960 632 cunctis
1997 579 2307 647 generaliter
2346 595 2427 633 ec-

489 676 658 730 clesiis
696 676 912 743 vigilare
962 691 1020 729 ac
1066 691 1160 745 pro
1211 674 1441 728 omnium
1489 678 1629 727 statu
1675 673 1758 727 vel
1803 676 2133 744 reparatione
2180 675 2427 728 sollicitos

490 789 603 825 esse
643 772 943 839 admoneat,
982 771 1086 824 illis
1126 775 1302 824 tamen
1342 770 1621 839 praecipue
1659 769 1785 822 locis
1822 775 2055 823 nostram
2095 787 2274 823 curam
2312 787 2428 840 spe-

490 867 672 921 cialius
711 866 1055 920 exhibendam
1090 866 1477 936 perpendimuS,
1516 882 1664 933 quae,
1693 865 1787 918 sub
1815 864 2078 918 Romanae
2103 866 2267 919 tutela
2293 866 2429 919 sedis

490 963 788 1031 constituta,
829 962 1020 1015 scimus
1060 966 1225 1014 status
1266 962 1343 1014 sui
1382 959 1826 1014 confirmationem
1867 964 2201 1028 augmentum
2238 961 2321 1014 vel
2348 978 2430 1015 re-

491 1059 814 1111 stitutionem
856 1057 919 1110 ab
956 1057 1055 1109 hac
1092 1057 1423 1127 potissimum
1474 1056 1745 1124 aecclesia,
1796 1056 1941 1109 cuius
1979 1057 2107 1109 iuris
2147 1060 2292 1124 sunt,
2342 1073 2431 1110 ex-

489 1158 713 1223 pectare.
793 1151 926 1215 Quia
963 1169 1084 1220 ergo
1125 1152 1379 1221 quaedam
1418 1152 1752 1219 monasteria,
1794 1151 2012 1205 alterum
2052 1153 2107 1205 in
2140 1151 2430 1219 Provincia,

491 1248 734 1301 videlicet
771 1249 938 1300 sancti
962 1247 1105 1300 Petri
1143 1248 1280 1315 quod
1318 1247 1507 1300 dicitur
1534 1247 1599 1299 ad
1624 1245 1853 1300 Montem
1880 1247 2132 1300 Maiorem
2148 1244 2177 1315 ยน,
2217 1252 2269 1300 et
2304 1247 2432 1300 alte-

492 1360 610 1395 rum
655 1343 711 1395 in
749 1342 1075 1395 Narbonensi
1124 1342 1573 1412 archiepiscopatu
1621 1347 1828 1396 sanctae
1877 1342 2075 1396 Mariae
2124 1343 2187 1396 de
2226 1342 2431 1410 Crassa,

494 1455 624 1506 quae
664 1438 729 1490 ad
766 1437 920 1490 huius
960 1437 1098 1490 sedis
1138 1437 1488 1490 defensionem
1527 1439 1790 1507 pertinere
1829 1439 2129 1508 propriique
2154 1439 2283 1491 iuris
2324 1439 2432 1491 eius

493 1549 605 1586 esse
642 1537 952 1599 noscuntur,
1001 1532 1105 1584 iam
1155 1532 1351 1585 dudum
1400 1533 1743 1586 saecularium
1793 1534 2160 1587 monachorum
2213 1534 2366 1604 culpa
2404 1551 2434 1587 a

491 1627 759 1695 religionis
806 1627 1016 1680 tramite
1068 1627 1301 1681 deviasse
1348 1628 1727 1696 intelleximUS,
1777 1646 1837 1682 ea
1874 1630 2157 1682 reformare
2197 1631 2262 1682 ad
2298 1630 2433 1700 lapsi

492 1723 692 1776 decoris
731 1723 1010 1792 specimen,
1050 1723 1201 1775 valde
1236 1740 1348 1776 esse
1373 1724 1726 1776 necessarium
1753 1724 2011 1777 duximus,
2075 1725 2227 1778 Scitis
2269 1726 2431 1779 enim:

493 1819 758 1873 decentius
787 1823 941 1887 atque
969 1819 1360 1871 convenientius
1398 1835 1511 1872 esse
1536 1819 1846 1887 decernitur,
1888 1820 2151 1873 destructa
2176 1825 2435 1874 restruere

494 1919 546 1968 et
586 1915 651 1967 ad
689 1915 908 1982 gradum
949 1932 1100 1967 suum
1141 1914 1371 1984 collapsa
1416 1915 1688 1983 reducere,
1738 1933 1895 1984 quam
1932 1917 1987 1968 in
2036 1916 2316 1969 dilatandis
2354 1916 2436 1970 vel

492 2011 695 2064 noviter
735 2010 1067 2064 aedificandis
1108 2028 1320 2080 operam
1361 2011 1499 2064 dare.
1565 2010 1908 2081 Quapropter,
1951 2012 2016 2064 ad
2055 2012 2438 2081 praedictorum

491 2106 724 2159 locorum
762 2106 1196 2159 restaurationem
1234 2106 1501 2174 religionis
1540 2110 1659 2159 tuae
1694 2107 2024 2177 prudentiam
2050 2108 2327 2177 perutilem
2355 2125 2437 2161 ar-

493 2202 775 2270 bitranteS,
813 2202 937 2255 licet
974 2206 1056 2270 tn,
1099 2203 1441 2270 quorumdam
1478 2202 1761 2272 proborum
1797 2204 2030 2256 virorum
2067 2203 2308 2273 precibus
2347 2203 2437 2256 ad-

494 2298 748 2366 hortatus,
791 2298 984 2366 absque
1022 2297 1234 2350 licentia
1271 2302 1449 2350 nostra
1487 2298 1550 2350 de
1591 2315 1769 2350 eorum
1795 2314 1919 2351 cura
1943 2304 1995 2351 te
2022 2298 2249 2351 nolueris
2273 2299 2436 2351 intro-

496 2394 720 2461 mittere,
760 2410 854 2446 nos
894 2397 1069 2446 tamen
1104 2393 1416 2461 censuimUS,
1456 2410 1550 2462 per
1576 2397 1721 2446 tuam
1749 2410 2204 2462 successorumque
2228 2397 2436 2446 tuorum

499 2488 784 2542 sollertiam
831 2488 1080 2541 fratribus
1129 2488 1184 2540 in
1234 2488 1429 2541 eisdem
1476 2489 1703 2542 cenobiis
1742 2490 1983 2559 deinceps
2021 2490 2281 2542 mansuris
2318 2506 2438 2559 per-

498 2588 711 2654 petuam
765 2583 1019 2651 regularis
1079 2584 1218 2637 vitae
1275 2584 1790 2654 circumspectionem
1837 2585 2128 2654 providere.
2214 2584 2439 2638 Proinde

500 2680 639 2734 circa
675 2680 914 2750 praefata
951 2680 1272 2733 monasteria
1321 2680 1683 2733 sollicitudinis
1722 2684 1932 2733 nostrae
1971 2681 2138 2734 vicem
2177 2680 2440 2734 dilectioni

500 2780 706 2829 vestrae
756 2775 1164 2844 committenteS,
1224 2775 1460 2828 volumus
1511 2781 1665 2844 atque
1711 2776 2089 2846 praecipimus:
2148 2780 2208 2829 ut
2260 2777 2316 2828 in
2365 2776 2439 2829 eis

503 2888 634 2941 quae
683 2871 1002 2941 amputanda
1048 2876 1170 2925 sunt
1218 2873 1498 2942 amputetis
1547 2889 1779 2941 quaeque
1829 2872 2135 2940 corrigenda
2171 2876 2292 2925 sunt
2328 2888 2439 2924 cor-

501 2966 684 3034 rigatis
734 2971 808 3035 et,
867 2984 999 3036 quae
1055 2967 1160 3019 illis
1220 2968 1282 3020 de
1340 2968 1646 3038 disciplinae
1701 2973 1881 3021 tenore
1929 2968 2209 3034 defuerint,
2266 2971 2440 3020 vestra

502 3062 776 3130 vigilantia
822 3067 874 3116 et
920 3063 1099 3117 labore
1137 3064 1484 3117 conferantur.
1634 3063 1935 3132 Praeterea,
1986 3064 2222 3133 quotiens
2262 3079 2438 3115 eorum

501 3162 728 3211 rectores
777 3159 1023 3227 obierint,
1081 3160 1242 3213 vestri
1302 3160 1372 3212 sit
1420 3160 1602 3213 studii:
1663 3160 1791 3212 alios
1850 3176 1966 3213 cum
2023 3175 2274 3212 consensu
2320 3174 2439 3227 pro-

503 3253 812 3307 babiliorum
861 3255 1084 3308 fratrum
1141 3255 1205 3308 de
1263 3256 1442 3309 eadem
1501 3255 1923 3323 congregatione,
1983 3254 2026 3306 si
2082 3253 2196 3306 fieri
2251 3257 2439 3323 potest,

505 3349 586 3402 sin
625 3353 815 3418 autem,
858 3351 1065 3404 aliunde
1105 3352 1388 3404 secundum
1414 3351 1583 3405 Deum
1625 3355 1676 3404 et
1713 3351 1945 3418 regulam
1985 3349 2150 3402 sancti
2173 3348 2441 3402 Benedicti

506 3444 718 3499 abbates
774 3446 962 3514 eligere
1020 3446 1195 3515 ibique
1249 3447 1579 3500 substituere.
1658 3446 1795 3509 Quos
1845 3445 1908 3498 ab
1955 3445 2044 3496 illo
2095 3445 2338 3514 episcopo
2386 3445 2443 3497 in

505 3541 651 3593 cuius
690 3541 885 3595 diocesi
921 3542 1132 3610 fuerint,
1174 3543 1219 3595 si
1260 3542 1323 3596 ab
1361 3542 1459 3596 hac
1499 3542 1620 3596 sede
1659 3541 2133 3594 excommunicatus
2162 3540 2244 3593 vel
2270 3557 2442 3611 symo-

624 3649 664 3691 1.
697 3648 741 3691 d.
763 3647 1056 3694 Arelatensis.
