2722 4172
320 427 435 472 1074

288 488 397 526 Mart.
417 489 465 527 17

313 2459 427 2503 1074

282 2520 390 2557 Mart.
411 2521 457 2558 17

498 293 565 346 76
1003 307 1276 346 GREGORII
1311 308 1390 344 vn
1426 306 1689 345 REGIsTm
1725 309 1746 344 1
1772 308 1831 345 56.
1858 307 1919 345 57.

495 428 624 493 ctuS,
664 424 885 479 multum
924 441 1034 494 nOS,
1073 428 1132 477 ut
1168 428 1220 478 te
1259 423 1660 492 absolveremuS,
1700 427 1812 477 tum
1849 442 1943 496 per
1966 425 2168 480 litteras
2193 429 2306 479 tum
2330 442 2425 497 per

493 522 782 590 legatorum
819 521 977 575 verba
1011 522 1228 588 rogavit.
1289 520 1435 584 Quod
1462 520 1670 590 quidem
1705 520 1850 574 salva
1873 522 2074 576 iustitia
2097 539 2425 592 nequaquam

493 618 642 671 nobis
680 618 973 671 faciendum
1012 633 1124 671 esse
1159 617 1495 687 pervidimUS,
1536 616 1660 670 dum
1695 617 1845 670 iuxta
1877 618 2108 686 vigorem
2146 619 2424 673 canonicae

494 714 796 785 disciplinae
833 714 996 767 multo
1036 714 1243 782 gravius
1281 713 1338 766 in
1375 717 1426 767 te
1465 713 1981 767 animadvertendum
2011 731 2124 769 esse
2148 731 2424 784 cognosce-

492 827 682 864 remus
731 809 832 864 Sed
859 810 1025 863 adhuc
1051 809 1334 880 apostolica
1357 810 1753 863 mansuetudine
1783 809 2032 863 iudicium
2056 811 2111 864 in
2135 814 2187 865 te
2211 811 2423 866 ultionis

493 907 695 960 debitae
734 907 1131 977 suspendentes,
1178 906 1441 977 praesenti
1480 907 1785 960 auctoritate
1822 906 1919 959 tibi
1956 907 2327 977 praecipimuS,
2365 911 2425 962 ut

494 1004 840 1072 praesentiam
859 1007 1004 1056 tuam
1032 1003 1217 1056 abhinc
1242 1019 1405 1072 usque
1433 1003 1498 1056 ad
1523 1004 1815 1073 proximam
1835 1003 2173 1057 festivitatem
2194 1004 2425 1057 omnium

494 1096 819 1154 sanctoruml
856 1099 1154 1169 conspectui
1191 1103 1368 1153 nostro
1407 1104 1799 1170 repraesentare
1837 1099 1978 1152 nullo
2013 1099 2166 1152 modo
2192 1103 2423 1170 praeter·-

492 1197 696 1250 mittas:
748 1199 997 1265 quatenus
1048 1196 1323 1249 adversum
1369 1199 1420 1249 te
1458 1196 1647 1249 totiens
1685 1197 1926 1250 iteratam
1964 1195 2426 1266 proclamationem

492 1292 883 1347 Catalaunensis
923 1292 1167 1346 ecclesiae
1204 1293 1342 1345 iusto
1379 1291 1481 1346 fine
1508 1292 1619 1346 Deo
1659 1293 1942 1346 auxiliante
1972 1293 2292 1360 decidamus3
2334 1293 2424 1347 ad-

490 1394 758 1444 monentes
798 1390 1061 1459 equidem,
1111 1406 1176 1442 ne
1213 1389 1424 1442 interim
1461 1389 1518 1442 in
1556 1393 1856 1460 contemptu
1892 1388 1975 1443 vel
2010 1389 2424 1458 transgressione

489 1488 595 1541 iam
634 1491 753 1540 ante
790 1487 941 1539 datae
980 1486 1266 1539 sententiae
1304 1486 1590 1555 periculum
1619 1486 1715 1540 tibi
1742 1490 1799 1540 tu
1825 1486 1938 1556 ipse
1962 1487 2171 1554 gravius
2196 1487 2420 1554 ingeras,

490 1583 685 1647 Quibus
723 1584 779 1636 in
815 1583 970 1636 rebus
1009 1582 1055 1636 si
1091 1582 1240 1636 nobis
1279 1583 1581 1636 inobediens
1628 1582 1789 1636 fueris
1829 1586 1905 1651 et,
1954 1582 2128 1653 aliqua
2172 1583 2423 1651 tergiver-

490 1681 687 1734 satione
744 1683 795 1733 te
855 1695 1132 1746 excusanS,
1200 1678 1339 1731 infra
1393 1678 1740 1749 praelibatum
1795 1679 2079 1732 terminum
2129 1680 2423 1750 praesentie

486 1781 694 1830 nostrae
731 1780 784 1829 te
821 1792 926 1828 non
966 1775 1277 1842 exhibueriS,
1324 1774 1388 1828 de
1424 1779 1516 1828 tua
1554 1775 1886 1828 damnatione
1925 1779 1976 1828 et
2011 1776 2424 1830 incommutabili

488 1873 807 1944 depositione
844 1872 1063 1925 ulterius
1101 1887 1208 1924 non
1233 1870 1507 1924 dubitabis,
1568 1870 1706 1925 Data
1730 1871 1891 1926 Rome
1916 1872 1972 1926 in
1998 1872 2195 1943 synodo
2226 1875 2292 1927 16
2317 1872 2422 1927 Ka-

485 1970 665 2024 lendas
703 1969 921 2039 Aprilis,
960 1968 1243 2022 indictione
1286 1969 1391 2021 12.

485 2143 510 2203 I
546 2146 645 2204 57.
693 2146 1027 2203 Guilielmum
1078 2149 1374 2217 episcopum
1418 2148 1734 2217 Papieusem
1780 2159 1974 2214 monet,
2033 2159 2092 2201 ut
2144 2168 2253 2201 una
2308 2167 2423 2202 cum

688 2244 869 2297 Aeone
904 2244 1217 2309 marchione,
1260 2246 1354 2313 qui
1377 2238 1656 2296 de'z'neesta
1683 2244 2007 2313 copulatione
2032 2264 2147 2297 eum
2171 2245 2424 2298 Mathildi

689 2360 864 2394 sorore
903 2343 1009 2394 eius
1048 2351 1328 2406 accusetur,
1371 2342 1442 2392 ad
1478 2359 1530 2392 se
1567 2343 1753 2393 veniat.

635 2450 914 2519 Gregorius
953 2452 1226 2521 episcopus
1253 2467 1431 2504 servus
1459 2467 1725 2503 servorum
1751 2449 1850 2503 Dei
1876 2448 2151 2504 Guilielmo
2176 2450 2422 2522 Papiensi

488 2549 730 2620 episcopo
769 2547 987 2602 salutem
1028 2550 1079 2600 et
1119 2547 1457 2617 apostolicam
1494 2546 1920 2600 benedictionem.

637 2643 1037 2713 Significandum
1087 2644 1184 2697 tibi
1223 2643 1489 2712 duximUS,
1537 2643 1890 2697 marchionem
1926 2639 2190 2697 Azonem²
2226 2644 2284 2698 in
2319 2643 2422 2698 Ro-

487 2759 644 2795 mana
681 2741 876 2812 synodo
915 2758 1071 2810 super
1107 2741 1306 2794 incesta
1344 2739 1668 2810 copulatione
1707 2740 1898 2793 sororis
1936 2735 2086 2794 tuae³
2126 2745 2422 2795 accusatum

489 2855 616 2892 esse.
658 2838 770 2902 Qua
795 2838 856 2890 de
881 2854 938 2890 re
963 2838 1092 2907 ipse,
1119 2854 1212 2906 per
1237 2836 1554 2907 propinquos
1580 2836 1814 2890 mulieris
1842 2836 2249 2890 satisfactionem
2270 2836 2421 2907 polli-

488 2937 636 3004 citus,
662 2934 896 2988 inducias
921 2933 1219 3004 postulavit.
1277 2932 1556 3003 Propterea
1580 2950 1822 3001 rogamus
1860 2937 1912 2987 et
1937 2933 2221 3004 apostolica
2246 2936 2419 2986 aucto-

487 3033 643 3087 ritate
667 3031 1047 3085 fraternitatem
1072 3035 1213 3083 tuam
1244 3029 1595 3099 admonemus,
1617 3034 1690 3099 ut,
1715 3030 1781 3083 ad
1807 3030 2075 3084 servitium
2095 3029 2260 3082 sancti
2278 3028 2420 3083 Petri

487 3133 700 3200 paratus
740 3132 792 3181 et
828 3130 887 3180 ut
922 3126 1107 3180 melius
1144 3127 1313 3196 possis
1342 3127 1643 3196 instructus,
1684 3143 1802 3180 cum
1829 3127 2006 3180 eodem
2032 3125 2327 3179 marchione
2353 3126 2419 3179 ad

487 3243 581 3279 nos
607 3226 784 3279 venire
808 3223 950 3277 nullo
984 3223 1136 3276 modo
1162 3224 1565 3293 praetermittaS,
1605 3227 1791 3292 certus,
1826 3227 1878 3276 te
1912 3240 1942 3275 a
1966 3222 2114 3275 nobis
2141 3221 2418 3276 honorifice

486 3322 842 3392 recipiendum
868 3324 920 3374 et
943 3320 1352 3389 relinquendum.
1411 3320 1562 3388 Nam,
1590 3320 1687 3373 etsi
1712 3318 2052 3372 fraternitatis
2078 3322 2198 3372 tuae
2224 3318 2419 3372 auxilia

487 3419 542 3471 in
570 3418 683 3471 aliis
703 3418 917 3471 minime
935 3416 1085 3470 nobis
1104 3416 1397 3470 necessaria
1420 3417 1656 3485 fuissent,
1677 3420 1851 3469 tamen
1876 3415 1973 3468 hac
1999 3414 2061 3467 de
2088 3430 2242 3467 causa
2266 3432 2417 3485 prae-

489 3514 710 3567 sentiam
747 3517 892 3567 tuam
928 3514 1078 3568 nobis
1114 3514 1346 3568 exhiberi
1373 3516 1591 3583 oportet,
1629 3516 1689 3566 ut
1714 3514 1919 3565 exortas
1944 3511 2167 3581 praefati
2193 3511 2417 3580 coniugii

607 3645 646 3688 1.
678 3644 791 3688 Nov.
811 3645 849 3687 1.
971 3645 1011 3687 2.
1044 3644 1099 3687 de
1121 3657 1209 3700 quo
1236 3642 1291 3687 cf.
1312 3643 1527 3687 Muratori
1546 3641 1776 3686 Antichita
1796 3641 1977 3685 Estensi
2008 3641 2030 3685 Ι
2060 3642 2130 3685 29.
2250 3643 2291 3686 3.
2323 3643 2414 3686 Ma-

488 3716 653 3761 thildis.
698 3717 754 3762 V.
786 3716 982 3773 Registri
1010 3716 1085 3761 lib.
1106 3718 1150 3760 H
1181 3730 1250 3774 ep.
1273 3718 1329 3760 36
1360 3715 1489 3760 infra.
