2722 4172
798 254 1076 295 GREGORII
1110 257 1191 295 vn
1227 257 1493 297 REGISTRI
1528 259 1571 296 11
1603 257 1695 296 552.
2115 248 2219 302 175

421 368 571 433 Quod
608 370 767 424 solius
805 389 975 443 papae
1013 374 1173 444 pedes
1213 392 1391 429 omnes
1429 376 1694 446 principes
1735 375 2113 430 deosculentur.
2250 386 2364 430 1075

420 464 568 529 Quod
605 466 746 521 illius
785 469 944 523 solius
984 487 1177 524 nomen
1213 471 1270 523 in
1308 471 1538 525 ecclesiis
1576 473 1839 526 recitetur.

418 559 567 625 Quod
603 562 702 617 hoc
738 565 952 618 unicum
991 570 1070 619 est
1107 583 1298 620 nomen
1335 567 1391 619 in
1428 568 1639 621 mundo,

419 655 569 720 Quod
604 659 683 712 illi
719 660 875 715 liceat
911 662 1252 732 imperatores
1292 662 1566 732 deponere.

417 752 565 817 Quod
601 754 680 808 1111
716 756 872 811 liceat
909 757 972 810 de
1011 757 1132 811 sede
1159 758 1225 810 ad
1251 758 1444 826 sedem,
1483 758 1795 811 necessitate
1835 762 2068 827 cogente,
2109 758 2218 828 epi-

270 865 455 920 scopos
492 854 862 906 transmutare.

417 945 566 1010 Quod
600 947 663 1001 de
690 949 831 1001 omni
858 949 1091 1018 ecclesia,
1133 965 1458 1018 quocumque
1489 949 1729 1018 voluerit,
1770 948 2016 1002 clericum
2045 950 2219 1004 valeat

270 1041 527 1096 ordinare.

417 1136 566 1202 Quod
604 1138 668 1192 ab
706 1139 796 1192 illo
836 1140 1104 1193 ordinatus
1145 1140 1263 1194 alii⁸
1305 1140 1553 1194 ecclesiae
1591 1157 1835 1211 praeesse
1884 1145 2083 1211 potest,
2126 1142 2217 1196 sed

266 1250 373 1287 non
409 1235 664 1302 militare3
707 1240 759 1289 et
796 1236 933 1304 quod
973 1236 1037 1290 ab
1078 1236 1251 1305 aliquo
1292 1237 1535 1307 episcopo
1574 1254 1680 1290 non
1710 1237 1862 1291 debet
1894 1239 2218 1308 superiorem

266 1330 488 1398 gradum
527 1332 777 1401 accipere.

414 1424 562 1490 Quod
606 1426 752 1481 nulla
795 1428 1024 1498 synodus
1063 1428 1258 1498 absque
1295 1433 1576 1499 praecepto
1617 1430 1726 1484 eius
1768 1429 1921 1484 debet
1958 1431 2216 1499 generalis

265 1522 456 1576 vocari.

412 1616 560 1682 Quod
596 1618 798 1672 nullum
837 1619 1123 1689 capitulum
1161 1621 1438 1691 nullusque
1474 1621 1608 1676 liber
1646 1622 1924 1676 canonicus
1963 1622 2216 1677 habeatur

265 1713 459 1783 absque
495 1714 638 1768 illius
680 1715 1002 1769 auctoritate.

412 1809 560 1875 Quod
618 1811 878 1865 sententia
932 1811 1074 1865 illius
1133 1830 1164 1866 a
1214 1813 1357 1866 nullo
1407 1813 1594 1868 debeat
1639 1814 1941 1883 retractari,
2003 1818 2055 1868 et
2100 1814 2215 1884 ipse

264 1907 499 1960 omnium
537 1907 677 1960 solus
714 1912 999 1962 retractare
1036 1909 1219 1979 possit.

412 2002 557 2066 Quod
598 2021 629 2057 a
665 2004 874 2057 nemine
911 2005 1026 2075 ipse
1062 2004 1314 2058 iudicarib
1354 2005 1555 2059 debeat.

411 2098 559 2163 Quod
606 2099 781 2154 nullus
833 2100 1023 2155 audeat
1071 2101 1418 2156 condemnare
1467 2101 1806 2172 apostolicam
1854 2101 2030 2156 sedem
2071 2101 2213 2172 apel-

261 2194 475 2249 lantem.

410 2290 558 2355 Quod
582 2291 807 2346 maiores
845 2308 1033 2347 causae
1072 2293 1442 2362 cuiuscumque
1481 2293 1728 2348 ecclesiae
1767 2294 1833 2347 ad
1873 2311 1990 2348 eam
2026 2293 2213 2347 referri

262 2387 501 2443 debeant.

410 2483 560 2548 Quod
587 2483 823 2538 Romana
850 2484 1070 2539 ecclesia
1098 2502 1385 2556 numquam
1423 2486 1620 2540 erravit
1655 2503 1752 2541 nec
1789 2486 1844 2539 in
1882 2489 2211 2556 perpetuum,

262 2581 523 2652 scriptura
558 2583 800 2648 testante,
842 2581 1053 2635 errabit.

409 2676 558 2740 Quod
592 2675 857 2729 Romanus
895 2678 1160 2747 pontifex,
1201 2678 1247 2732 si
1284 2678 1530 2733 canonice
1568 2678 1727 2732 fuerit
1765 2679 2063 2747 ordinatuS‚
2102 2695 2212 2733 me-

259 2773 376 2827 ritis
422 2773 564 2827 beati
600 2772 746 2827 Petri
791 2773 1148 2828 indubitanter
1197 2773 1422 2828 efficitur
1469 2778 1706 2844 361161113,
1759 2778 1985 2829 testante
2031 2779 2211 2828 sancto

258 2868 500 2923 Ennodio
538 2868 785 2939 Papiensi
834 2869 1077 2940 episcopo
1095 2866 1123 2938 ¹,
1172 2870 1221 2924 ei
1258 2870 1437 2924 multis
1477 2871 1671 2924 sanctis
1709 2871 1949 2942 patribus
1988 2871 2210 2925 faventi-

259 2965 373 3036 buS,
415 2966 550 3020 sicut
585 2966 641 3020 in
679 2966 900 3020 decretis
938 2966 1080 3020 beati
1119 2964 1366 3036 Symachi
1403 2963 1602 3037 papae²
1641 2968 1951 3021 continetur.

379 3140 414 3166 a.
447 3128 510 3166 alii
537 3137 714 3166 mutatum
743 3137 798 3167 est
826 3131 863 3166 in
891 3128 980 3180 alie.
1133 3127 1171 3165 b.
1198 3128 1359 3165 iudicari
1386 3137 1565 3166 mutatum
1592 3138 1648 3167 est
1674 3132 1710 3167 in
1737 3129 1917 3166 iudicare.

378 3208 419 3251 1.
459 3207 506 3252 in
542 3207 692 3252 libello
732 3207 1015 3265 apologetico
1053 3219 1136 3263 pro
1175 3207 1352 3264 synodo
1382 3208 1449 3253 IV
1478 3208 1706 3265 Romana,
1737 3207 1891 3252 verbis
1930 3206 2022 3250 his:
2065 3206 2208 3264 „Quis

259 3280 377 3324 enim
410 3285 615 3326 sanctum
647 3294 748 3326 esse
780 3281 980 3338 dubitet,
1024 3293 1157 3337 quem
1195 3293 1313 3336 apex
1342 3284 1498 3325 tantae
1528 3281 1762 3337 dignitatis
1794 3281 1980 3338 attollit3
2022 3281 2068 3324 in
2105 3292 2208 3337 quo,

260 3354 298 3397 si
328 3354 477 3398 desint
516 3354 635 3399 bona
675 3355 897 3411 acquisita
933 3367 1014 3411 per
1052 3354 1286 3410 meritum,
1329 3353 1580 3411 sufficiunt,
1622 3367 1738 3411 quae
1778 3368 1805 3398 a
1843 3354 1931 3399 loci
1971 3354 2209 3398 decessore

259 3426 322 3480 (S.
347 3428 498 3482 Petro)
538 3428 874 3484 praestantur“.
922 3429 980 3473 V.
1012 3427 1208 3470 Ennodii
1249 3427 1361 3483 Opp.
1394 3428 1464 3471 ed.
1498 3427 1763 3471 Sirmondus
1801 3442 1845 3484 p.
1872 3428 1973 3471 324.
2034 3427 2209 3470 Eadem

258 3499 452 3544 Ennodii
480 3501 621 3545 verba
651 3502 802 3546 attulit
831 3501 1078 3557 Gregorius
1099 3501 1188 3545 VII
1216 3514 1337 3556 papa
1365 3501 1412 3544 in
1443 3501 1494 3544 L.
1514 3501 1625 3545 VIII
1655 3513 1725 3557 ep.
1749 3502 1804 3545 21
1837 3499 1966 3544 infra.
2088 3502 2129 3544 2.
2162 3500 2209 3544 in

257 3573 679 3619 Pseudoisidoriana
709 3575 970 3633 Symmachi
1008 3574 1184 3632 synodo
1224 3575 1402 3630 quinta,
1442 3574 1636 3618 Ennodii
1672 3573 1871 3619 libellum
1903 3573 2196 3631 approbante.

257 3645 315 3691 V.
346 3646 605 3693 Decretales
634 3648 1085 3693 Pseudoisidorianae
1115 3648 1187 3693 ed.
1209 3647 1450 3692 Hinschius
1482 3661 1527 3704 p.
1549 3647 1651 3692 675.
