2730 4198
526 277 632 330 688
1009 286 1356 326 ΒΟΝΙΤΗοΝ10
1394 286 1470 322 AD
1511 283 1738 321 AMICUM
1775 284 1883 320 Lm.
1912 283 1975 319 1x

530 406 826 476 Ariuifum⁸
866 406 1203 476 coynoveritis
1252 419 1544 465 excurrere,
1595 418 1684 452 vos
1724 419 1756 451 a
1796 401 1950 451 dorso
1992 401 2098 451 eius
2136 401 2269 452 sicut
2289 400 2462 468 fortes

526 505 666 555 viros
716 504 973 567 condecet,
1027 501 1269 552 laborate.
1348 496 1479 549 Item
1516 492 1712 547 Marcio
1753 497 1805 546 et
1828 489 2050 546 Vitalio¹
2087 493 2224 546 inter
2262 498 2461 548 cetera:

533 595 768 652 Glorioei
789 598 914 664 filii,
957 606 1107 648 estote
1145 595 1357 646 solliciti
1367 613 1384 655 ,-
1426 594 1568 662 quia,
1613 600 1863 660 quantum
1890 592 2131 660 comperi,
2173 590 2331 643 hostie
2358 591 2463 643 col-

530 693 710 745 lectam
746 692 896 744 habet
931 691 1310 743 multitudinem
1350 700 1396 741 et
1428 691 1485 740 in
1513 685 1703 739 armich
1733 687 1924 738 dicitur
1950 687 2188 738 residere.
2251 685 2317 739 Si
2340 686 2465 738 huc‘

530 807 736 840 cursum
761 788 876 839 Deo
918 787 1021 838 sibi
1055 788 1191 838 irato
1230 787 1428 837 mittere
1466 784 1701 847 voluerit,
1743 799 1832 833 vos
1873 781 1986 858 loca
2012 782 2173 847 illius,
2215 792 2467 851 quantum

529 884 791 936 Dominus
843 884 1126 947 adiuverit,
1180 881 1470 951 depredate.
1549 877 1692 931 Idem
1738 876 1794 928 in
1840 875 2150 929 moralibus:
2201 875 2468 929 Crudelem

529 979 809 1046 interficere
845 996 950 1030 non
990 988 1063 1030 est
1099 977 1391 1029 crudelitate.

677 1072 915 1125 Audistis
973 1075 1271 1125 sanctorum
1318 1074 1528 1140 patrum
1578 1068 1913 1133 documenta,
1974 1066 2227 1120 advertite
2276 1071 2328 1120 et
2372 1082 2469 1136 pro

530 1167 750 1220 veritate
786 1167 1132 1240 pugnantium
1171 1166 1426 1235 exempla.
1504 1164 1884 1231 Hermogenem
1923 1161 2237 1231 prefectum,
2276 1161 2471 1215 Pau'lo‘¹

532 1261 1105 1331 Constantinopolitano
1145 1262 1387 1331 episcopo
1428 1260 1539 1313 zelo
1578 1259 1835 1312 Arrianae
1873 1258 2114 1311 hereseos
2152 1258 2471 1328 persecutio-

531 1374 651 1410 nem
688 1357 1014 1425 inferentem,
1051 1357 1272 1424 legimus
1312 1373 1430 1409 cum
1465 1356 1607 1408 omni
1634 1355 1786 1408 domo
1815 1371 1909 1407 sua
1935 1353 1998 1407 ab
2027 1354 2327 1407 orthodoxis
2352 1354 2472 1421 igne

532 1448 872 1525 cremfatum23
922 1468 1017 1504 nec
1055 1451 1153 1504 hoc
1190 1451 1570 1520 vituperatum,
1625 1455 1704 1504 set
1743 1450 1807 1504 ab
1847 1450 2087 1504 omnibus
2127 1450 2320 1503 scimus
2360 1466 2473 1503 esse

530 1543 845 1601 laudatum³.
962 1545 1096 1609 Quid
1135 1562 1257 1598 vero
1298 1546 1361 1599 de
1387 1546 1761 1600 Alexandrinis
1789 1546 1992 1599 dicam?
2049 1546 2233 1599 Nonne
2257 1550 2475 1616 propter

533 1643 705 1696 varias
743 1659 945 1713 pugnas
987 1646 1039 1695 ct
1077 1642 1285 1694 diversa
1324 1642 1635 1708 certamina,
1678 1659 1776 1711 que
1815 1645 1996 1694 contra
2031 1642 2285 1696 Arrianos
2326 1659 2474 1695 exer-

534 1755 702 1807 cuere,
742 1739 799 1791 in
836 1742 945 1791 toto
985 1738 1179 1790 mundo
1219 1734 1565 1790 laudantur‘²‘·.>
1624 1737 1711 1790 An
1747 1754 1854 1790 non
1878 1737 2292 1791 Mediolanenses
2327 1755 2359 1791 a
2391 1739 2476 1791 ca-

533 1834 739 1888 tholicis
779 1834 1036 1901 condigna
1073 1833 1240 1901 gloria
1279 1833 1613 1901 extolluntur,
1655 1833 1744 1902 qui
1784 1833 2097 1886 orthodoxos
2125 1834 2395 1903 episcopos
2420 1833 2478 1886 in

536 1930 807 1983 ecclesiam
844 1930 1101 1996 fugientes
1142 1929 1205 1982 de
1243 1946 1403 1981 manu
1441 1928 1734 1982 Constantii
1771 1929 2093 1982 liberavere?
2167 1929 2352 1983 Nonne
2391 1928 2477 1982 Ci-

533 2025 683 2079 rillus
725 2026 998 2096 episcopus
1037 2025 1454 2098 Alexandrinus,
1496 2025 1639 2078 cuius
1678 2025 1793 2078 laus
1831 2025 1887 2078 in
1923 2024 2190 2095 Ephesino
2230 2020 2476 2079 concilio⁵
2550 2081 2552 2083 ,

537 2124 631 2189 est,
670 2120 955 2173 Amonium
988 2121 1318 2189 monachum,
1359 2122 1448 2190 qui
1474 2121 1711 2175 Orestem
1736 2122 2023 2191 prefectum
2050 2138 2176 2174 saxo
2202 2121 2476 2190 percussit,

538 2216 648 2268 zelo
688 2215 790 2269 Dei
838 2217 1047 2284 ductUS,
1099 2217 1335 2286 quamvis
1383 2233 1488 2269 non
1538 2217 1822 2270 secundum
1869 2217 2152 2286 perfectam
2192 2216 2480 2284 scientiam,

538 2312 628 2380 qui
679 2311 742 2365 ab
791 2311 960 2365 officio
1011 2312 1245 2365 eiusdem
1285 2312 1483 2366 Orestis
1533 2312 1596 2366 ob
1646 2312 1744 2365 hoc
1789 2312 1961 2365 fuerat
2008 2312 2297 2382 lapidatus,
2343 2311 2482 2364 inter

538 2411 794 2476 martyres
834 2404 1169 2461 collocavit⁰i³

684 2501 969 2555 Veniamus
1006 2519 1145 2555 nunc
1186 2503 1251 2555 ad
1289 2506 1470 2555 nostra
1507 2506 1761 2572 tempora,
1803 2506 1854 2556 et
1891 2503 2179 2570 videamuS,
2221 2501 2347 2570 quid
2383 2518 2480 2572 pu-

541 2598 820 2665 gnantibus
861 2602 1042 2651 contra
1079 2598 1406 2651 Normannos
1425 2593 1550 2651 'sub
1589 2615 1729 2668 papa
1766 2597 1940 2652 Leone
1988 2599 2315 2668 omnipotens
2360 2614 2481 2651 con-

540 2693 676 2746 tulit.
755 2691 934 2746 Gloria
972 2694 1112 2747 enim
1151 2698 1203 2747 et
1239 2693 1435 2746 honore
1474 2695 1742 2747 coronavit
1781 2711 1884 2762 000,
1926 2697 1978 2747 et
2015 2694 2177 2762 signis
2218 2698 2269 2747 et
2305 2694 2482 2764 prodi-

541 2789 640 2856 giis
680 2788 780 2842 sibi
818 2789 1191 2858 complacuisse
1231 2786 1631 2859 comprobavit⁷.
1692 2789 1827 2853 Quid
1865 2807 1986 2843 vero
2027 2790 2089 2843 de
2125 2789 2481 2843 Herlimbaldo

542 2884 654 2937 viro
692 2880 964 2952 religioso⁸
1005 2888 1056 2937 et
1095 2884 1157 2937 de
1185 2883 1366 2938 Gentio
1392 2885 1626 2938 Romano
1653 2886 1881 2956 prefecto
1911 2886 2019 2939 viro
2047 2886 2481 2961 christianissimo

545 2980 767 3033 dixerim
778 2976 813 3048 ⁹,
855 2980 921 3033 ad
962 2997 1182 3049 quorum
1220 2981 1497 3050 sepulchra
1533 2982 1701 3035 multa
1739 2981 2001 3035 mirabilia
2037 2981 2180 3035 Deus
2219 2984 2479 3051 operatur.

691 3075 854 3142 Igitur
891 3081 1126 3145 pugnent
1151 3076 1515 3144 gloriosissimi
1540 3077 1641 3131 Dei
1667 3078 1860 3130 milites
1886 3094 1981 3147 pro
2008 3078 2242 3144 veritate,
2283 3079 2484 3130 certent

543 3187 639 3240 pro
677 3171 900 3239 iusticia,
941 3176 1174 3242 pugnent
1211 3190 1335 3226 vero
1377 3174 1549 3226 animo
1591 3174 1839 3227 adversus
1866 3173 2107 3242 heresim,
2149 3172 2483 3226 extollentem

664 3306 697 3331 a.
731 3295 896 3332 Aiulfum
922 3310 952 3332 e.
1080 3296 1116 3333 b.
1152 3297 1192 3334 in
1219 3298 1331 3334 armis
1360 3299 1444 3335 cod.
1468 3312 1538 3346 pro
1565 3299 1716 3335 Narina.
1847 3310 1878 3334 0.
1912 3297 1975 3335 hic
2002 3313 2034 3333 c.
2163 3297 2200 3333 d.
2234 3296 2352 3333 Paulfi
2379 3312 2410 3334 c.

663 3366 703 3409 1.
744 3366 946 3410 Maurilio
977 3370 1024 3410 et
1052 3368 1294 3413 Vitaliano.
1340 3368 1538 3424 Registri
1566 3370 1618 3412 L.
1640 3369 1685 3412 Π
1714 3369 1784 3424 30,
1818 3368 1929 3425 Opp.
1952 3368 2022 3412 ed.
2044 3367 2276 3411 Benedict.
2307 3367 2352 3411 Π
2381 3368 2482 3412 591.

547 3439 588 3482 2.
628 3439 684 3484 V.
716 3452 853 3495 supra
881 3454 925 3496 p.
949 3441 1048 3484 608.
1198 3443 1239 3485 3.
1281 3442 1336 3487 V.
1370 3455 1506 3498 supra
1534 3456 1578 3498 p.
1603 3443 1688 3485 608
1719 3456 1763 3485 n.
1787 3443 1828 3485 2.
1976 3442 2019 3484 4.
2059 3441 2116 3485 V.
2150 3454 2287 3496 supra
2314 3454 2359 3496 p.
2383 3440 2482 3484 608.

547 3511 588 3555 5.
622 3512 727 3555 anni
746 3512 857 3570 4313
891 3526 962 3569 ap.
984 3514 1130 3557 Mansi
1149 3515 1214 3560 IV
1234 3516 1319 3559 567
1342 3528 1409 3571 sq.
1531 3516 1572 3558 6.
1604 3514 1720 3558 Hist.
1742 3514 1864 3570 Trip.
1886 3513 1954 3557 XI
1980 3515 2047 3570 11,
2081 3513 2340 3558 Cassiodori
2370 3512 2482 3569 Opp.

547 3583 617 3627 ed.
651 3584 860 3628 Garetius
890 3586 912 3629 I
941 3600 985 3641 p.
1008 3587 1109 3630 369.
1241 3589 1281 3632 7.
1315 3589 1370 3633 V.
1402 3601 1540 3644 supra
1567 3602 1611 3644 p.
1635 3588 1735 3632 635.
1758 3588 1858 3631 636.
1987 3587 2030 3631 8.
2062 3587 2118 3632 V.
2148 3599 2287 3643 supra
2315 3600 2359 3643 p.
2382 3586 2483 3630 663.

547 3657 588 3700 9.
620 3657 677 3702 V.
710 3670 846 3713 supra
875 3672 919 3714 p.
943 3659 1042 3702 674.
