2722 4172
514 299 585 352 84
1021 313 1293 352 Gssnconn
1329 314 1408 350 vn
1445 311 1707 350 REGISTm
1745 313 1765 350 1
1791 312 1851 349 64.
1878 311 1939 350 65.

338 434 453 479 1074
511 447 616 484 non
656 430 935 486 Toletanae
974 431 1057 484 vel
1095 429 1368 483 cuiuslibet
1407 428 1564 497 aliae,
1606 429 1697 482 sed
1733 429 1900 498 istius,
1942 459 2010 466 —
2052 447 2182 499 quae
2223 447 2254 483 a
2290 429 2443 484 Petro

305 495 414 533 Mart'
434 496 481 533 ¹9
513 531 565 581 et
588 526 748 580 Paulo
790 544 947 597 supra
983 525 1188 579 firmam
1226 529 1431 595 petram
1468 542 1563 595 per
1590 524 1854 578 Christum
1891 525 2108 579 fundata
2145 530 2300 580 estet
2327 542 2443 578 san-

512 623 666 692 guine
705 627 1018 690 consecrata,
1059 622 1142 675 cui
1180 626 1361 692 portae
1397 622 1605 690 inferni,
1646 621 1701 674 id
1740 625 1818 674 est
1848 621 2055 689 linguae
2080 623 2442 690 hereticorum,

511 736 794 788 numquam
831 718 1131 789 praevalere
1171 721 1442 788 poterunt⁰
1460 714 1472 738 ¹
1494 748 1562 754 —
1591 718 1724 770 sicut
1762 721 1933 770 cetera
1969 735 2129 786 regna
2166 718 2444 772 occidentis

512 820 564 869 et
611 815 995 886 septemtrionis
1042 815 1278 868 teneatis.
1344 814 1493 867 Unde
1538 814 1675 867 enim
1715 831 1819 866 non
1859 814 2104 868 dubitatis
2143 832 2234 868 vos
2273 819 2444 869 susce-

510 912 650 982 pisse
697 911 961 979 religionis
1011 911 1304 979 exordium,
1364 914 1526 964 restat
1574 910 1757 978 etiam,
1806 914 1863 963 ut
1909 910 2031 963 inde
2077 911 2343 981 recipiatis
2389 911 2445 964 in

511 1008 857 1061 ecclesiastico
897 1007 1076 1060 ordine
1115 1007 1350 1060 divinum
1388 1006 1630 1075 officium,
1674 1007 1810 1076 quod
1849 1006 2135 1060 Innocentii
2171 1023 2340 1077 papae
2379 1006 2445 1059 ad

508 1102 834 1172 Egubinum2
873 1104 1069 1157 directa
1108 1104 1408 1173 episcopum
1434 1121 1524 1157 vos
1559 1103 1707 1156 docet
1733 1103 1969 1173 epistola,
2011 1103 2149 1172 quod
2176 1102 2445 1156 Ormisdae

511 1200 578 1253 ad
615 1196 1022 1271 Hyspalensem³
1061 1199 1224 1252 missa
1262 1195 1468 1252 decreta
1514 1200 1804 1267 insinuant,
1859 1200 1996 1269 quod
2040 1199 2347 1252 Toletanum
2395 1203 2446 1252 et

507 1295 830 1365 Bragarense
870 1296 1227 1349 demonstrant
1264 1295 1495 1363 concilia,
1538 1296 1674 1365 quod
1715 1296 1873 1349 etiam
1912 1296 2143 1366 episcopi
2183 1295 2341 1349 vestri
2380 1295 2444 1348 ad

507 1410 602 1446 nos
658 1410 825 1463 nuper
870 1393 1134 1447 venientes
1185 1392 1334 1445 iuxta
1383 1393 1805 1445 constitutionem
1855 1392 2059 1445 concilii
2106 1409 2201 1463 per
2251 1393 2445 1462 scripta

509 1506 603 1543 sua
626 1490 796 1543 facere
822 1489 1174 1559 promiserunt
1200 1492 1251 1542 et
1276 1488 1332 1540 in
1357 1505 1516 1541 manu
1540 1493 1721 1541 nostra
1746 1487 2099 1542 firmaverunt.
2149 1488 2442 1558 Praeterea,

509 1586 644 1639 sicut
681 1585 743 1639 de
775 1586 889 1638 aliis
918 1584 1536 1639 excommunicationibus
1563 1602 1657 1654 per
1681 1585 1880 1652 legatos
1906 1585 2170 1639 Romanae
2199 1585 2443 1639 ecclesiae

506 1681 685 1736 factisb
723 1682 957 1750 fecimuS,
997 1681 1371 1751 depositionem
1411 1685 1463 1733 et
1501 1682 2102 1750 excommunicationem,
2151 1699 2306 1751 quam
2343 1680 2444 1735 Ge-

505 1778 683 1832 raldus
724 1778 978 1832 Ostiensis
1028 1777 1299 1848 episcopus
1346 1793 1464 1830 cum
1501 1774 1817 1830 Reinbaldo4
1854 1778 1909 1831 in
1937 1774 2249 1832 'Munionem
2287 1778 2444 1831 simo-

505 1876 737 1943 niacum,
798 1875 886 1944 qui
943 1883 1125 1944 superc
1178 1873 1487 1944 Symeonem
1546 1874 1894 1928 venerabilem
1947 1875 2162 1928 fratrem
2209 1883 2441 1928 nostrum

508 1971 820 2026 Oeensem‘¹5
869 1971 1170 2041 episcopum
1219 1970 1487 2023 ordinatus
1541 1974 1695 2038 erat0,
1743 1975 1913 2024 ratam
1962 1988 2075 2025 esse
2123 1971 2443 2025 decrevimus

508 2072 662 2138 atque
698 2067 1047 2136 firmavimuS,
1098 2084 1260 2136 usque
1299 2066 1423 2119 dum
1461 2066 1771 2136 resipiscens
1812 2068 1874 2121 de
1914 2068 2240 2138 episcopam,
2291 2084 2444 2138 quem

505 2166 735 2219 indebite
783 2165 974 2232 tenuit,
1026 2164 1126 2217 sibi
1175 2163 1462 2216 satisfaciat
1510 2166 1662 2231 atque
1712 2163 1832 2217 inde
1880 2165 2102 2218 recedat.
2167 2163 2307 2217 Data
2341 2163 2443 2216 Ro—

506 2279 624 2316 mae
668 2263 734 2315 14
772 2260 1033 2315 Kalendas
1072 2259 1288 2330 ApriliS,
1327 2259 1608 2313 indictione
1652 2262 1732 2313 12.

506 2434 532 2494 I
567 2438 667 2495 65.
712 2439 979 2509 Rayuseos
1017 2439 1357 2509 reprehendit,
1403 2440 1557 2509 quod,
1597 2438 1758 2492 Vitali
1795 2440 2032 2508 episcopo
2071 2440 2128 2490 iu
2159 2439 2442 2490 custodiam

712 2537 859 2600 dato,
919 2554 1256 2588 successorem
1315 2536 1568 2605 eleyeriut.
1644 2535 1899 2604 Leyatum
1953 2537 2109 2587 mittit
2159 2532 2443 2588 Geraldum

712 2632 1158 2702 archiepiscopum
1205 2631 1571 2703 Sipontinum5
1628 2652 1661 2683 a
1709 2650 1809 2701 quo
1857 2634 1906 2683 si
1951 2650 2031 2682 res
2089 2632 2296 2683 decerni
2337 2649 2442 2684 non

701 2731 949 2799 potuerit,
990 2739 1262 2799 utrumque
1302 2731 1598 2799 episcopum
1638 2728 1860 2780 Romam
1891 2729 2117 2798 perduci
2151 2728 2302 2780 iubet.

311 2853 450 2914 ¹1074
658 2838 936 2907 Gregorius
973 2840 1244 2909 episcopus
1280 2857 1458 2894 servus
1497 2856 1764 2892 servorum
1790 2838 1890 2892 Dei
1928 2838 2165 2892 omnibus
2191 2837 2441 2906 Raguseis

302 2915 410 2951 Mart·
430 2914 478 2950 2⁰
510 2936 731 2990 salutem
770 2939 821 2990 et
859 2936 1198 3006 apostolicam
1236 2935 1664 3003 benedictionem,
1705 2936 1750 2988 si
1788 2935 2088 2989 obedierint.

654 3032 899 3086 Pervenit
939 3032 1005 3085 ad
1044 3049 1193 3085 aures
1232 3036 1455 3100 nostraS,
1494 3049 1584 3086 vos
1614 3031 1839 3086 Vitalem
1878 3032 2176 3102 episcopum
2209 3033 2440 3084 vestrum

621 3163 653 3188 a.
689 3151 894 3199 potuerunt
920 3165 951 3187 c.
1060 3149 1097 3186 b.
1122 3149 1241 3186 factas
1269 3165 1299 3186 c.
1413 3161 1444 3187 c.
1472 3153 1603 3188 Florez
1630 3151 1719 3198 Esp.
1741 3163 1845 3199 sagr.
1866 3149 2008 3186 XXVI
2033 3148 2105 3185 158
2128 3161 2199 3195 pro
2227 3158 2340 3195 super
2360 3162 2442 3196 per-

502 3232 631 3266 peram
659 3219 737 3268 legi
760 3218 839 3255 vult
863 3228 950 3265 pen
987 3229 1098 3266 quam
1124 3216 1203 3251 loci
1229 3215 1529 3263 depravationem
1564 3218 1670 3253 mulli
1691 3229 1827 3253 errores
1854 3217 1929 3251 eius
1956 3216 1993 3251 in
2021 3214 2262 3250 describenda
2288 3216 2440 3252 Oeensis

507 3292 540 3320 et
573 3285 774 3333 Burgensis
809 3284 1086 3331 episcopatuum
1123 3282 1277 3319 historia
1313 3285 1500 3320 consecuti
1532 3290 1625 3320 sunt.
1763 3281 1799 3318 d.
1833 3295 1941 3327 super
1975 3279 2156 3317 Oeensem
2191 3279 2272 3316 alia
2308 3295 2439 3318 manus

503 3351 630 3398 posuit
657 3351 816 3387 litteram
844 3361 882 3395 s;
909 3357 949 3386 ut
974 3349 1154 3399 legeretur
1181 3346 1394 3385 oscensem.
1550 3361 1582 3386 e.
1608 3347 1765 3396 protulit
1789 3348 1974 3384 excidisse
1998 3347 2151 3383 videtur.

627 3429 666 3472 1.
707 3426 774 3472 Of.
796 3427 953 3471 Matth.
977 3428 1046 3484 16,
1071 3428 1140 3471 18.
1299 3428 1339 3470 2.
1381 3427 1441 3471 ad
1477 3427 1746 3471 Decentium
1785 3438 1854 3482 ep.
1885 3424 2188 3480 Eugubinum.
2244 3425 2442 3481 Regesta

507 3497 630 3555 pon't.
661 3500 789 3544 Rom.
820 3515 863 3544 n.
887 3491 986 3545 108.
1155 3501 1196 3544 3.
1238 3500 1297 3543 ad
1336 3499 1609 3544 Sallustium.
1654 3500 1710 3545 V.
1733 3500 1930 3555 Regesta
1959 3502 2082 3554 pont.
2113 3499 2241 3542 Rom.
2271 3513 2314 3542 n.
2337 3499 2438 3542 510.

507 3573 550 3617 4.
592 3573 882 3617 subdiacono.
923 3575 980 3619 V.
1014 3587 1083 3630 ep.
1107 3575 1133 3618 6
1165 3587 1301 3630 supra
1329 3588 1372 3630 p.
1397 3574 1466 3618 14.
1616 3573 1656 3617 5.
1700 3572 1832 3616 sedes
1864 3572 2128 3628 episcopalis
2157 3573 2307 3628 paullo
2337 3576 2441 3628 post

507 3645 638 3689 Auca
669 3647 763 3690 sive
785 3645 877 3690 Oea
907 3648 951 3701 (a
971 3648 1134 3702 Burgis
1165 3647 1223 3690 ad
1245 3649 1480 3700 orientem)
1510 3647 1727 3690 translata
1757 3649 1828 3689 est
1855 3646 2042 3702 Burgos.
2088 3646 2144 3690 V.
2166 3645 2343 3690 tabulas
2367 3659 2438 3702 ap.

507 3719 663 3763 Florez
692 3717 874 3775 Espafia
902 3720 1096 3775 sagrada
1126 3720 1281 3766 XXVI
1308 3721 1395 3764 456
1427 3724 1473 3763 et
1500 3720 1600 3763 458.
