2730 4198
509 269 618 321 504
852 282 1125 319 GREGORII
1165 283 1241 317 vn
1280 281 1542 318 REGrs'rm
1584 283 1679 317 vm
1708 282 1768 316 51.
1789 282 1837 317 52
1866 278 1928 326 (lx
1954 283 2014 318 28.
2034 280 2111 327 29).

332 403 478 447 1082?
510 405 663 452 natus
704 403 797 466 est,
837 415 941 450 non
979 400 1158 450 nostro
1199 402 1476 466 praecepto
1505 397 1613 449 sive
1643 396 1856 450 consilio
1883 414 2101 465 regnum
2128 403 2251 452 tunc
2278 417 2451 454 susce-

509 495 676 564 pisse3
717 495 930 562 insuper
970 493 1128 545 etiam
1165 509 1259 545 nos
1299 492 1351 544 in
1393 492 1589 562 synodo
1630 492 1964 546 decernentes
2002 493 2308 563 firmavisse,
2347 496 2450 549 nisi

511 588 884 659 archiepiscopi
935 592 986 640 et
1033 587 1288 657 episcopi,
1341 588 1427 655 qui
1477 587 1624 640 illum
1674 587 2065 658 ordinaverant,
2113 591 2211 643 hoc
2257 591 2452 645 factum

510 702 659 737 suum
698 687 837 736 recte
877 682 1152 735 defendere
1191 683 1507 752 potuissent,
1556 687 1666 735 tam
1713 683 1855 752 ipsos
1896 701 1926 736 a
1965 685 2302 752 dignitatibus
2344 687 2450 740 suis

510 797 664 848 quam
705 783 756 832 et
794 779 1086 848 praefatum
1126 777 1401 831 Rodulfum
1453 796 1483 832 a
1519 795 1678 846 regno
1719 779 1993 848 deponere.
2051 780 2333 834 Enimvero
2370 781 2451 833 in-

509 875 663 928 terim
704 875 816 942 quis
857 874 990 926 hanc
1027 877 1257 926 nostram
1301 874 1694 944 dispositionem
1734 874 2176 943 interturbaverit,
2218 881 2268 929 et
2298 876 2449 929 multi

508 975 740 1024 vestrum
778 970 948 1023 sciunt
996 974 1047 1022 et
1091 974 1323 1022 nostram
1370 971 1642 1023 scientiam
1680 986 2008 1038 nequaquam
2046 971 2224 1038 fugere
2261 975 2448 1041 potest.

511 1066 565 1119 Si
605 1066 741 1119 enim
781 1065 1074 1132 HeinricuS,
1114 1082 1207 1118 rex
1247 1066 1440 1134 dictuS,
1482 1070 1533 1119 et
1570 1083 1691 1135 pars
1732 1066 1840 1118 eius
1881 1066 2254 1135 obedientiam,
2297 1084 2452 1135 quam

508 1162 821 1231 promiserat
857 1161 1007 1214 nobis
1045 1161 1205 1213 immo
1245 1161 1395 1215 beato
1435 1161 1605 1229 Petr0,
1647 1166 1921 1229 servasset,
1962 1161 2279 1215 confidenter
2318 1163 2449 1232 dico,

508 1257 619 1310 Deo
668 1257 879 1310 iuvante
924 1273 1030 1308 non
1081 1260 1158 1309 tot
1196 1257 1360 1325 mala,
1412 1257 1654 1310 videlicet
1698 1257 1978 1310 homicidia
2024 1258 2254 1327 periuria
2292 1259 2451 1311 sacri-

508 1353 644 1419 legia
683 1351 996 1404 simoniacae
1034 1351 1231 1404 heresis
1270 1352 1597 1422 pestilentiae
1638 1369 1697 1405 ac
1734 1353 2071 1422 proditioneS,
2113 1354 2419 1407 evenissent.

655 1445 760 1499 Vos
798 1447 990 1514 itaque,
1039 1463 1167 1514 quos
1209 1450 1298 1499 aut
1337 1451 1511 1501 tantae
1550 1448 1871 1501 calamitates
1911 1453 2123 1502 movent
2162 1454 2252 1502 aut
2289 1450 2452 1503 divini

506 1542 710 1595 timoris
749 1547 1015 1611 respectus
1057 1541 1120 1593 ad
1155 1541 1267 1594 Deo
1307 1542 1517 1609 dignam
1557 1560 1739 1612 pacem
1780 1548 1830 1597 et
1869 1545 2199 1598 concordiam
2237 1545 2450 1614 animat,

506 1637 735 1690 nitimini
776 1641 827 1690 et
866 1653 1195 1706 summopere
1233 1637 1489 1691 laborate:
1531 1644 1590 1692 ut
1619 1640 1863 1709 synodus,
1906 1641 2112 1708 qualem
2146 1658 2307 1710 supra
2343 1658 2451 1694 me-

506 1733 842 1801 moravimuS,
870 1732 984 1786 fieri
1010 1733 1201 1802 possit3
1232 1733 1475 1801 quatinus
1504 1738 1713 1788 sanctae
1741 1735 1986 1789 ecclesiae
2007 1741 2164 1806 caput
2182 1741 2452 1806 totumque

507 1846 713 1899 corpuS,
754 1829 891 1897 quod
928 1829 1211 1898 impiorum
1249 1829 1551 1898 procellosis
1590 1830 1861 1884 fraudibus
1901 1835 1953 1884 et
1984 1831 2453 1885 machinationibus

506 1924 722 1978 fluctuat
758 1925 1005 1978 nimirum
1047 1929 1098 1979 et
1122 1925 1330 1992 titubat,
1371 1927 1633 1978 communi
1660 1927 1891 1980 omnium
1921 1926 2173 1980 bonorum
2201 1944 2454 1980 consensu

509 2026 561 2075 et
596 2021 782 2075 robore
821 2022 1054 2089 quiescat
1093 2021 1156 2074 de
1196 2024 1367 2074 cetero
1407 2025 1459 2074 et
1498 2021 1753 2075 stabiliter
1793 2023 2156 2076 consolidetur.

506 2191 637 2253 VIII
666 2197 743 2253 52
780 2191 875 2264 (IX
902 2195 1024 2263 29).
1070 2198 1362 2250 Ricardum
1389 2201 1709 2252 cardinalem
1744 2211 1791 2252 et
1815 2201 2049 2253 abbatem
2073 2201 2454 2253 Massilieneem

691 2296 764 2346 ad
801 2295 1044 2346 tuendam
1083 2297 1388 2346 canonicam
1429 2295 1486 2348 S.
1518 2295 1801 2348 Saturnini
1840 2296 2154 2348 Tolosanam
2198 2297 2450 2349 hortatur.

330 2414 477 2457 1082?
658 2403 937 2472 Gregorius
976 2403 1249 2472 episcopus
1290 2420 1469 2457 servus
1510 2421 1778 2458 servorum
1803 2404 1904 2458 Dei
1939 2404 2203 2471 R(icardo)
2243 2410 2454 2460 sanctae

508 2501 774 2554 Romanae
822 2498 1067 2552 ecclesiae
1118 2499 1370 2552 cardinali
1428 2504 1480 2554 et
1526 2500 1701 2554 abbati
1748 2500 2064 2554 Massiliensi
2123 2500 2346 2555 salutem
2402 2506 2456 2555 et

511 2595 853 2666 apostolicam
890 2594 1318 2649 benedictionem.

656 2690 773 2744 Non
811 2691 1018 2758 ignorat
1053 2691 1333 2760 prudentia
1370 2695 1477 2759 tua,
1518 2692 1820 2745 canonicam
1859 2692 2026 2745 sancti
2060 2691 2345 2760 Saturnini,
2385 2693 2455 2746 si-

511 2793 619 2841 tam
656 2787 806 2840 iuxta
844 2786 1156 2839 Tolosanam
1193 2787 1400 2855 urbem,
1450 2788 1765 2858 apostolicae
1804 2788 1915 2841 sedi
1954 2805 2065 2841 esse
2104 2788 2449 2842 commissam.

512 2883 609 2937 Cui
645 2883 769 2936 licet
814 2899 879 2935 ex
929 2883 1160 2950 generali
1211 2883 1443 2935 omnium
1490 2884 1826 2937 ecclesiarum
1872 2900 1996 2937 cura
2040 2884 2311 2937 conveniat
2355 2899 2451 2936 nos

511 2979 746 3032 tuitionis
787 2978 1040 3031 auxilium
1077 2979 1382 3049 providere,
1431 2979 1727 3049 specialiter
1774 2984 1951 3033 tamen
1999 2983 2205 3050 oportet
2247 2995 2342 3033 nos
2391 2995 2450 3032 eo

511 3075 678 3142 magis
716 3074 796 3127 illi
819 3074 932 3127 loco
958 3078 1168 3127 nostrae
1193 3075 1531 3144 protectionis
1558 3076 1823 3129 munimen
1857 3075 2174 3146 impendere,
2215 3091 2315 3143 quo
2341 3090 2452 3127 am-

511 3171 649 3241 plius
689 3174 892 3224 constat
930 3170 1040 3222 eius
1078 3170 1161 3223 vel
1198 3170 1417 3224 iniurias
1456 3171 1539 3224 vel
1575 3172 1791 3238 negocia
1829 3172 1893 3224 ad
1931 3171 2217 3224 Romanam
2257 3169 2449 3238 sedem,

513 3267 657 3320 cuius
706 3267 833 3319 iuris
884 3271 986 3334 est,
1039 3267 1274 3320 attinere.
1348 3266 1591 3320 Praefata
1638 3267 1798 3335 igitur
1844 3266 2085 3332 ecclesia,
2137 3281 2450 3334 quamquam

512 3363 732 3429 noviter,
761 3362 1002 3416 decenter
1027 3366 1204 3415 tamen
1230 3363 1530 3416 canonicam
1552 3363 1715 3417 vitam
1733 3363 1983 3427 instituit3
2013 3365 2166 3429 atque
2184 3360 2451 3430 hactenuS,

514 3458 648 3510 sicut
684 3462 774 3511 tua
813 3458 1047 3511 sollertia
1083 3459 1253 3525 novit,
1307 3475 1371 3511 ex
1409 3463 1534 3512 tunc
1570 3458 1879 3526 regulariter
1916 3456 2110 3509 vixisse
2148 3456 2448 3510 dinoscitur.

513 3552 709 3605 Verum
748 3553 995 3621 quoniam
1035 3554 1236 3623 antiqui
1273 3553 1437 3607 hostis
1476 3571 1588 3607 mos
1629 3558 1732 3620 est,
1784 3570 1843 3606 eo
1892 3552 2057 3619 magis
2106 3552 2279 3606 dolere
2316 3552 2451 3606 invi-

515 3647 732 3716 diaeque
769 3649 968 3702 facibus
1016 3650 1123 3718 uri,
1174 3666 1274 3717 quo
1323 3649 1547 3719 amplius
1585 3649 1728 3702 videt
1765 3647 2101 3702 christianam
2146 3647 2450 3716 religionem
