2730 4198
479 270 589 323 456
991 281 1266 319 GREGORII
1301 281 1381 317 vn
1416 278 1681 318 REGISTRI
1717 280 1818 317 vm
1843 280 1905 316 21.

302 405 415 449 1081
483 401 550 455 Si
585 403 702 470 quis
739 416 857 450 vero
895 415 1075 467 requm
1112 398 1434 448 sacerdotum
1471 397 1703 448 iudicum
1738 406 1892 465 atque
1915 396 2260 449 saecularium
2290 415 2415 467 per-

273 465 381 502 Mart.
402 466 450 503 15
478 513 724 548 sonarum
761 494 894 544 liano
933 493 1309 544 constitutionis
1346 502 1552 544 nostrae
1582 492 1840 561 paqinam
1883 509 2188 561 aqnosoene,
2239 502 2419 545 contra

480 609 591 642 eam
635 590 808 640 venire
856 589 1201 655 temptaverit,
1251 588 1517 657 potestatis
1566 586 1877 655 honorisque
1919 589 2004 639 sui
2040 588 2292 656 diqnitate
2330 605 2417 639 oa-

476 694 604 747 reat,
644 700 890 751 reumque
927 700 980 734 se
1018 684 1195 735 divino
1233 684 1429 735 iudicio
1469 683 1681 734 existere
1710 683 1773 733 de
1805 692 2108 752 perpetrata
2144 683 2420 751 iniquitate

478 787 778 847 eoqnosoat5
818 788 865 829 et
899 779 1008 829 nisi
1045 796 1120 842 ea,
1163 795 1296 847 quae
1332 778 1397 829 ab
1436 777 1528 829 illo
1566 786 1687 829 sunt
1722 776 1858 828 male
1889 776 2081 842 ablata,
2120 779 2415 843 restituerit,

476 874 557 928 uel
593 875 756 943 diqna
785 874 1111 943 poenitentia
1148 873 1328 925 illicite
1366 883 1483 925 acta
1521 873 1802 941 defleverit,
1844 891 1878 923 a
1914 873 2265 925 saeratissimo
2305 890 2418 925 eor-

468 987 604 1039 pore
641 988 703 1020 ao
741 970 995 1037 sanquine
1032 970 1235 1021 domini
1268 969 1604 1038 redemptoris
1642 969 1811 1020 nostri
1846 966 1966 1020 Iesu
1993 965 2186 1020 Christi
2221 967 2420 1019 alienus

465 1065 569 1131 fiat
606 1075 759 1133 atque
795 1066 853 1115 in
891 1074 1095 1116 aeterno
1137 1065 1370 1116 eaamine
1407 1064 1670 1115 districtae
1707 1062 1898 1115 ultioni
1933 1062 2208 1116 subiaceat.

626 1157 847 1221 Quodsi‘·
885 1158 1068 1212 beatus
1108 1156 1417 1225 GregoriuS‚
1458 1157 1636 1211 doctor
1673 1156 1852 1225 utique
1890 1156 2215 1224 mitissimUS‚
2254 1173 2421 1227 regeS,

479 1254 568 1322 qui
607 1257 803 1306 statuta
842 1253 968 1306 suab
1007 1270 1163 1323 super
1200 1262 1392 1305 11111111]ο
1418 1251 1794 1306 xenodochium
1825 1251 2096 1318 violarent,
2135 1268 2241 1305 non
2268 1252 2422 1306 modo

479 1348 671 1417 deponi
727 1348 818 1401 sed
877 1349 1035 1401 etiam
1093 1347 1532 1401 excommunicari
1590 1350 1745 1416 atque
1801 1347 1858 1400 in
1916 1350 2125 1400 aeterno
2184 1347 2423 1401 examine

479 1443 754 1512 dampnari
804 1442 1057 1510 decrevit,
1107 1443 1223 1511 quis
1261 1460 1356 1496 nos
1395 1442 1720 1509 H(enricum)
1733 1442 1769 1511 ἁ,
1816 1459 1922 1495 non
1969 1442 2137 1495 solum
2176 1443 2423 1513 apostoli-

478 1553 658 1591 corum
696 1537 1008 1590 iudiciorum
1035 1541 1445 1607 contemptorem
1469 1554 1651 1591 verum
1679 1537 1837 1591 etiam
1861 1537 2027 1608 ipsius
2052 1537 2236 1591 matris
2263 1538 2424 1592 eccle-

478 1633 603 1700 siae,
644 1635 896 1700 quantum
933 1633 991 1685 in
1027 1633 1143 1702 ipso
1183 1636 1278 1700 est,
1319 1633 1726 1686 conculcatorem
1767 1633 2029 1701 totiusque
2066 1632 2215 1700 regni
2252 1637 2305 1687 et
2343 1649 2424 1687 ec-

477 1727 781 1781 clesiarum⁰
808 1727 1254 1796 improbissimum
1291 1728 1609 1797 praedonem
1649 1731 1701 1781 et
1727 1727 2113 1781 atrocissimum
2139 1728 2425 1782 destructo-

476 1839 585 1876 rem
603 1863 618 1890 ,
661 1822 963 1892 deposuisse
1003 1826 1054 1875 et
1092 1823 1568 1876 excommunicasse
1605 1821 1992 1893 reprehendatf,
2042 1823 2145 1876 nisi
2181 1823 2316 1878 forte
2355 1824 2425 1877 si-

477 1917 617 1971 milis
657 1918 802 1971 eius?
859 1917 1005 1971 Sicut
1041 1918 1193 1971 beato
1231 1917 1420 1972 Petrog
1458 1918 1674 1972 docente
1712 1918 2047 1986 cognovimus
2084 1918 2141 1971 in
2178 1915 2427 1989 epistola¹

480 2014 543 2067 de
583 2014 907 2067 ordinatione
948 2013 1246 2082 ClementiS‚
1284 2014 1342 2067 in
1380 2030 1484 2082 qua
1521 2015 1597 2067 sic
1635 2015 1731 2068 ait:
1776 2015 1843 2069 Si
1879 2017 1996 2085 quis
2031 2017 2228 2068 amicus
2252 2015 2427 2084 fuerit

477 2112 562 2176 iis,
605 2111 791 2180 quibus
829 2113 943 2181 ipse
981 2140 1049 2146 —-
1091 2109 1155 2163 de
1195 2109 1382 2163 eodem·
1417 2109 1683 2164 Clemente
1721 2110 1897 2163 dicens
1931 2139 1998 2146 —
2030 2129 2136 2163 non
2176 2111 2422 2181 loquitur,

477 2225 612 2259 unus
653 2217 726 2259 est
763 2218 810 2260 et
845 2209 959 2277 ipse
997 2225 1059 2259 ea
1095 2207 1221 2272 illis,
1265 2209 1360 2277 qui
1396 2209 1736 2260 exterminare
1772 2206 1882 2259 Dei
1919 2206 2181 2258 eeclesiam
2217 2206 2397 2260 volunt
2405 2226 2424 2269 ,-

480 2312 525 2354 et
564 2321 679 2354 oum
717 2320 933 2372 corpore
968 2303 1235 2355 nobiseum
1274 2320 1379 2354 esse
1415 2303 1678 2367 videatur,
1726 2311 1890 2354 mente
1940 2311 1988 2353 et
2033 2304 2207 2355 animo
2247 2313 2426 2355 eontra

479 2415 574 2449 nos
614 2408 702 2462 est,
747 2408 794 2450 et
831 2408 904 2450 est
927 2398 1087 2450 multo
1113 2400 1333 2467 nequior
1358 2398 1516 2450 hostis
1542 2398 1643 2462 hio,
1686 2414 1844 2466 quam
1879 2397 1978 2462 illi,
2021 2399 2115 2466 qui
2135 2398 2282 2467 foris
2307 2410 2429 2452 sunt

483 2503 530 2545 et
578 2494 834 2545 evidenter
878 2494 1097 2545 inimici.
1165 2493 1271 2546 Hie
1309 2496 1446 2546 enim
1475 2511 1576 2563 per
1613 2494 1963 2545 amicitiarum
2000 2495 2246 2563 speeiem,
2296 2510 2429 2563 quae

482 2589 698 2640 inimica
737 2600 872 2653 sunt,
911 2591 1074 2658 qerit3
1115 2600 1162 2642 et
1199 2590 1462 2641 ecelesiam
1500 2590 1754 2659 disperqit
1790 2606 1852 2640 ao
1876 2598 2059 2640 vastat.
2117 2587 2257 2641 Nota
2286 2604 2426 2657 erg0‚

483 2681 752 2735 carissime
764 2682 801 2750 ¹¹,
844 2683 907 2735 si‘
935 2699 1070 2751 eum,
1111 2682 1232 2751 quik
1259 2683 1491 2736 amicitia
1528 2682 1612 2737 vel
1650 2682 1903 2751 colloquio
1942 2682 2024 2751 iis,
2066 2683 2252 2751 quibus
2290 2700 2430 2754 papa

481 2794 576 2847 pro
628 2777 828 2831 actibus
880 2779 987 2831 suis
1046 2795 1258 2833 aversus
1308 2783 1411 2847 est,
1470 2779 1698 2833 sociatur
1709 2778 1734 2847 ¹,
1784 2782 1893 2831 tam
1942 2779 2171 2847 graviter
2215 2778 2426 2846 iudicat,

484 2877 679 2942 quanta
715 2873 866 2926 illum
904 2875 1106 2944 ipsum,
1157 2876 1241 2928 cui
1278 2893 1373 2946 pro
1414 2876 1614 2930 actibus
1654 2876 1761 2929 suis
1802 2891 2014 2928 aversus
2053 2879 2149 2943 est,
2195 2873 2428 2927 animad-

483 2969 722 3023 versione
761 2969 1028 3039 dampnat.

632 3064 734 3119 Sed
773 3069 831 3118 ut
870 3065 935 3118 ad
972 3083 1081 3120 rem
1122 3066 1422 3134 redeamus3
1462 3067 1605 3121 itane
1634 3067 1878 3135 dignitaS‚
1919 3082 1950 3119 a
1979 3064 2326 3119 saecularibus
2357 3094 2426 3102 -

485 3159 685 3212 etiamm
711 3160 882 3213 Deum
907 3161 1269 3229 ignorantibus
1297 3193 1365 3200 -—
1393 3164 1623 3231 inventa,
1652 3180 1758 3216 non
1787 3161 2069 3216 subicietur
2095 3160 2143 3214 ei
2168 3159 2426 3228 dignitati‚

485 3271 641 3323 quam
680 3257 1083 3327 omnipotentis¹¹
1114 3259 1215 3313 Dei
1251 3258 1609 3329 providentia⁰
1650 3258 1717 3312 ad
1753 3258 2002 3311 honorem
2041 3272 2191 3309 suum
2228 3255 2430 3309 invenit

599 3391 632 3417 a.
661 3379 782 3426 Quare
802 3382 837 3418 3.
941 3382 978 3419 1).
1005 3393 1082 3419 11011
1098 3383 1211 3420 modo
1231 3383 1323 3420 add.
1341 3385 1376 3420 2.
1481 3395 1512 3422 e.
1541 3384 1654 3422 etiam
1678 3384 1771 3420 add.
1788 3384 1822 3419 3.
1928 3381 1964 3418 d.
1990 3380 2090 3418 hunc
2110 3381 2146 3417 2.
2249 3391 2282 3417 e.
2310 3379 2428 3418 eccle-

485 3445 562 3482 siae
590 3447 625 3482 3.
755 3447 780 3484 f.
809 3448 1052 3496 reprehendit
1079 3450 1113 3485 3.
1245 3459 1278 3496 g.
1314 3448 1387 3486 hoc
1415 3450 1509 3487 add.
1532 3451 1568 3486 3.
1698 3447 1736 3485 h.
1773 3446 2017 3484 dilectissime
2045 3446 2080 3482 3.
2208 3445 2235 3482 1.
2263 3444 2366 3493 quod
2393 3446 2429 3482 3.

484 3510 522 3546 k.
557 3521 667 3558 quem
695 3513 779 3548 cod.
909 3514 934 3550 1.
969 3514 1207 3561 coniungitur
1234 3515 1276 3559 3,
1305 3514 1514 3552 associatur
1541 3516 1578 3552 4.
1716 3524 1766 3550 m.
1801 3513 1913 3549 etiam
1945 3531 1986 3536 —
2015 3510 2276 3558 ignorantibus
2302 3524 2369 3548 om.
2393 3512 2429 3548 2.

485 3587 523 3612 n.
558 3577 794 3625 omnipotens
823 3580 857 3615 2.
989 3591 1023 3616 0.
1049 3579 1252 3628 prudentia
1279 3580 1314 3616 3.

605 3648 645 3692 1.
677 3649 1138 3694 Pseudo-isidoriana
1168 3649 1427 3707 Clementis,
1458 3650 1487 3694 l.
1509 3650 1537 3694 l.
1568 3663 1613 3706 p.
1634 3650 1705 3694 36.
