2722 4172
489 238 561 289 44
997 252 1269 291 GREGORII
1307 253 1386 289 vn
1422 252 1684 291 REGISTRI
1720 255 1741 291 1
1768 255 1828 291 26.
1856 255 1915 291 27.

339 342 456 417 '1073
486 371 721 422 nostrum
773 385 831 422 ac
879 372 1109 422 vestrum
1159 369 1224 422 ad
1268 369 1555 439 perfectum
1607 370 1889 440 perducere
1944 373 2198 442 dignetur.
2275 373 2414 428 Data

335 432 415 471 Oct.
435 435 457 471 ⁹
487 462 663 534 Capue
704 466 731 517 7
773 464 892 518 Idus
932 464 1185 534 OctobriS,
1223 465 1503 519 indictione
1545 466 1627 519 12.

485 634 510 694 I
544 638 643 696 27.
686 641 958 695 Albertum
995 643 1204 696 electum
1239 642 1534 714 Aquensem
1572 642 1769 709 laudat,
1813 646 1953 714 quod
1981 643 2256 715 Gotefredo
2295 647 2409 699 Me-

687 739 978 792 diolanensi
1013 758 1117 792 non
1140 740 1344 809 faveat.
1403 740 1598 805 Monet,
1638 740 2059 794 Herlembaldum
2081 744 2220 796 iuvet
2243 745 2301 795 in
2337 744 2409 796 si-

684 837 861 887 monia
898 837 1220 889 destruenda.

304 949 451 1047 0137133
630 942 910 1012 Gregorius
949 945 1221 1016 episcopus
1261 963 1438 1001 servus
1478 964 1744 1001 servorum
1782 946 1882 1000 Dei
1905 945 2121 1001 Alberto
2151 946 2411 1017 Aquensis

375 1038 383 1047 ’
482 1040 727 1095 ecclesiae
766 1041 928 1095 electo
967 1041 1187 1095 salutem
1226 1046 1278 1096 et
1314 1043 1648 1113 apostolicam
1688 1043 2111 1098 benedictionem.

627 1136 871 1190 Pervenit
909 1138 974 1191 ad
1013 1155 1164 1192 aures
1201 1142 1431 1207 nostraS,
1471 1140 1607 1193 unde
1646 1139 2020 1208 aliquantulum
2060 1139 2124 1193 de
2160 1138 2410 1208 religione

482 1236 573 1286 tua
598 1232 964 1302 dubitavimUS,
1000 1238 1052 1288 te
1078 1235 1316 1288 videlicet
1339 1235 1486 1295 illius
1507 1236 1937 1290 excommunicati
1963 1234 2227 1290 Gotefredi
2250 1235 2410 1289 inter-

479 1328 640 1382 fuisse
679 1329 1006 1383 ordinationi.
1086 1329 1189 1384 Sed
1226 1335 1501 1401 postquam
1545 1333 1844 1386 testimonia
1882 1349 2084 1401 eorum,
2134 1332 2224 1402 qui
2259 1332 2408 1387 nobis

480 1441 661 1478 verum
699 1425 867 1479 solent
905 1426 1090 1495 dicere,
1129 1426 1269 1480 fideli
1288 1428 1556 1483 relatione
1593 1434 1645 1483 te
1672 1446 1918 1483 excusare
1943 1429 2265 1497 studuerunt,
2303 1445 2410 1482 non

480 1520 646 1574 solum
686 1520 749 1575 de
786 1526 838 1575 10
876 1539 980 1575 11011
1019 1523 1386 1593 dubitavimuS,
1426 1525 1518 1579 sed
1546 1525 1611 1578 ad
1635 1525 1983 1596 reparandum
2009 1524 2408 1579 Mediolanensis

479 1617 725 1671 ecclesiae
771 1619 954 1672 matris
1003 1622 1123 1673 tuae
1168 1619 1418 1674 honorem
1468 1621 1638 1675 zelum
1683 1626 1765 1675 te¹¹
1802 1621 1992 1675 habere
2038 1621 2405 1676 intelleximus.

477 1713 590 1777 Qua
625 1715 680 1766 in
718 1731 775 1767 re
814 1718 1066 1783 quantum
1101 1716 1249 1769 nobis
1289 1716 1472 1785 religio
1511 1721 1603 1770 tua
1637 1718 1866 1788 placeat,
1913 1718 2236 1772 evidentibus
2273 1718 2408 1772 indi-

476 1811 568 1864 ciis
607 1810 938 1880 probabitur,
984 1812 1040 1864 in
1086 1812 1494 1883 quibuscumque
1532 1813 1795 1867 Romanae
1843 1813 2090 1868 ecclesiae
2126 1815 2407 1869 necessitas

475 1911 566 1960 tua
615 1906 866 1960 auxilium
912 1907 1222 1976 requisierit.
1310 1909 1557 1975 1111111110
1606 1910 1856 1979 siquidem
1908 1911 2075 1978 magis
2122 1910 2408 1965 debitorem

477 2007 714 2057 sanctum
750 2003 965 2057 Petrum
1003 2008 1055 2058 et
1090 2021 1184 2058 nos
1222 2005 1404 2074 religio
1443 2010 1535 2059 tua
1570 2010 1744 2077 potest
1789 2006 1889 2060 sibi
1925 2007 2121 2075 facere,
2169 2023 2326 2076 quam
2362 2007 2409 2061 si

476 2105 656 2155 contra
695 2100 976 2172 Symonem
1012 2118 1249 2171 magum,
1298 2102 1386 2171 qui
1426 2103 1696 2157 ecclesiam
1735 2103 1872 2157 beati
1909 2102 2175 2157 Ambrosii
2211 2102 2406 2157 venali-

473 2199 598 2252 tatis
638 2215 762 2251 suae
799 2197 1166 2251 miserabiliter
1203 2214 1399 2251 veneno
1437 2199 1641 2268 infecit,
1689 2203 1834 2253 scuto
1879 2198 2001 2252 fidei
2047 2203 2099 2253 et
2139 2198 2288 2267 galea
2324 2215 2406 2252 sa—

472 2295 597 2348 lutis
639 2297 868 2348 armatus
916 2293 1184 2347 nobiscum
1222 2294 1614 2364 praeliaverisb3
1667 2299 1718 2350 et
1764 2296 1807 2349 si
1845 2294 2236 2363 HerlembaldO,
2275 2298 2405 2349 stre-

473 2391 726 2444 nuissimo
767 2389 961 2443 Christi
998 2390 1170 2458 militi,
1209 2390 1264 2443 in
1301 2390 1399 2458 his,
1447 2407 1576 2459 quae
1617 2392 1683 2444 ad
1719 2391 1820 2444 Dei
1858 2391 2054 2444 cultum
2092 2394 2144 2444 et
2182 2391 2249 2444 ad
2284 2391 2405 2445 reli-

463 2487 680 2555 gionem
717 2490 925 2540 sanctae
965 2486 1210 2540 ecclesiae
1255 2487 1544 2557 pertinent,
1593 2504 1805 2541 manum
1846 2487 2028 2540 auxilii
2062 2486 2402 2557 praestiteris

472 2583 570 2637 Est
608 2584 782 2651 etiam,
825 2583 962 2651 quod
998 2582 1329 2653 prudentiam
1366 2587 1510 2636 tuam
1550 2587 1757 2638 sanctae
1795 2583 2106 2654 apostolicae
2134 2583 2244 2637 sedi
2267 2584 2404 2638 nihi-

472 2680 696 2733 lominus
735 2678 1139 2733 commendabit:
1182 2679 1226 2731 si
1264 2680 1433 2749 ipsam
1463 2681 1814 2750 symoniacam
1841 2680 2082 2748 heresim,
2122 2680 2256 2734 sicut
2290 2680 2403 2734 lau-

475 2776 714 2830 dabiliter
751 2777 856 2829 iam
883 2776 1068 2845 coepit,
1107 2792 1271 2844 usque
1297 2793 1397 2845 quo
1425 2776 1488 2830 de
1515 2777 1729 2830 ecclesia
1755 2794 1848 2830 sua
1873 2776 2080 2829 omnino
2109 2780 2400 2846 evacuetur,

475 2871 732 2925 studuerit
769 2889 1067 2943 oppugnare
1117 2875 1169 2925 et
1206 2871 1419 2926 clericos
1460 2890 1490 2926 a
1526 2873 1694 2943 turpis
1733 2873 1871 2927 vitae
1910 2874 2298 2927 conversatione
2336 2873 2402 2927 ad

474 2968 726 3022 castitatis
763 2968 1074 3021 munditiam
1111 2985 1366 3022 revocare.
1517 2969 1659 3023 Haec
1694 2970 1870 3040 itaque
1907 2969 2196 3023 sanctitatis
2231 2969 2402 3023 studia

472 3082 619 3118 mens
657 3068 748 3118 tua
785 3064 973 3118 cotidie
1009 3064 1304 3134 meditetur,
1346 3069 1614 3134 quatenus,
1655 3067 1790 3134 quod
1817 3067 1958 3119 fama
1983 3066 2045 3119 de
2070 3069 2121 3119 te
2147 3065 2296 3119 nobis
2321 3066 2400 3119 in-

472 3162 659 3229 notuit,
699 3179 763 3215 ex
802 3178 1017 3231 operum
1054 3165 1263 3215 tuorum
1300 3162 1708 3216 consideratione
1746 3163 2007 3232 probetur.
2072 3161 2187 3230 Age
2223 3162 2398 3232 igitur,

473 3261 531 3310 ut
566 3257 875 3312 universalis
912 3262 1080 3312 mater
1119 3262 1298 3312 sancta
1333 3258 1567 3312 Romana
1605 3258 1819 3312 ecclesia
1855 3259 1910 3311 in
1946 3262 1998 3312 te
2026 3259 2173 3327 quasi
2208 3257 2399 3313 fidelis-

475 3354 605 3407 simo
643 3353 750 3408 filio
789 3355 1082 3409 consoletur
1120 3359 1172 3409 et
1208 3355 1394 3408 vinctis
1435 3355 1635 3412 catenis,
1658 3355 1839 3408 mortis
1866 3354 2187 3409 liberationis
2212 3372 2398 3410 manus

472 3450 783 3520 porrigatur.
859 3452 999 3506 Data
1035 3451 1211 3523 Capue
1252 3453 1284 3505 3
1322 3451 1443 3505 Idus
1483 3451 1735 3520 OctobriS,
1771 3451 2051 3524 indictione
2091 3453 2174 3506 12.

588 3578 621 3604 a.
655 3569 694 3605 te
722 3569 872 3606 addidi.
1000 3569 1036 3606 b.
1062 3569 1257 3618 praelieris
1285 3584 1315 3607 c.
