2722 4172
754 267 1027 307 GREGORn
1062 268 1143 306 vn
1177 267 1440 307 REGISTRI
1475 269 1519 306 11
1544 269 1580 305 1.
1607 269 1642 305 2.
2057 256 2157 308 109

379 382 619 455 Suscepti
655 401 750 438 nos
790 383 946 439 officii
972 402 1096 440 cura
1121 386 1401 457 compellit,
1442 386 1673 440 omnium
1699 384 2032 440 ecclesiarum
2057 386 2159 439 sol-

230 479 552 535 licitudinem
599 499 776 550 gerere
826 486 901 551 et,
954 486 1011 536 ut
1053 481 1175 536 fidei
1213 482 1521 536 documenta
1559 499 1619 536 ac
1655 499 1832 536 sacrae
1872 482 2158 552 scripturae

230 577 434 646 regulas
485 582 626 632 recte
672 582 908 647 teneant,
962 579 1199 648 vigilanti
1247 579 1705 648 circumspectione
1752 579 2052 649 perquirere
2099 595 2158 633 ac

231 673 429 728 docere.
488 674 742 738 Quoniam
779 676 940 744 igitur
974 675 1112 728 inter
1148 691 1240 728 vos
1280 678 1576 727 sanctorum
1615 679 1824 744 patrum
1863 675 2070 729 decreta
2108 681 2160 730 et

230 770 608 826 ecclesiasticae
645 772 911 840 religionis
951 775 1144 825 statum
1179 787 1286 823 non
1324 787 1385 823 ea
1423 787 1525 839 qua
1550 775 1755 841 oportet
1780 775 1869 824 aut
1894 771 2158 825 observari

231 866 502 936 diligentia
538 873 628 922 aut
667 869 837 922 studio
875 867 1091 922 tractari
1125 866 1480 934 intelligimUS,
1519 883 1614 936 per
1653 883 1784 936 eam,
1824 885 1981 937 quam
2005 868 2156 922 beato

227 962 382 1019 Petro
428 964 780 1036 apostolorum
822 964 1047 1035 principi
1084 962 1308 1030 debetiS,
1360 963 1708 1017 obedientiam
1747 980 1838 1018 vos
1875 964 2156 1019 invitamus

230 1064 282 1115 et
316 1065 497 1115 nostra
534 1061 818 1132 apostolica
857 1059 1163 1114 auctoritate
1187 1075 1473 1128 monemUS,
1513 1063 1572 1113 ut
1597 1060 1664 1113 ad
1689 1061 1960 1130 synodum,
2002 1078 2157 1132 quam

228 1157 285 1210 in
322 1157 547 1211 secunda
584 1157 869 1211 ebdomada
907 1152 1360 1226 quadragesimae¹
1383 1155 1495 1210 Deo
1537 1160 1744 1210 auctore
1782 1157 1838 1210 in
1874 1158 2158 1228 apostolica

229 1253 350 1308 sede
387 1253 647 1308 celebrare
685 1253 1074 1321 destinavimuS,
1116 1253 1258 1305 omni
1297 1252 1505 1322 penitus
1542 1251 1734 1307 ficticia
1771 1255 2038 1309 occasione
2074 1271 2156 1309 re-

226 1353 384 1417 mota,
423 1350 766 1416 conveniatis3
808 1353 1059 1418 quatenus
1100 1348 1376 1402 adiuvante
1402 1349 1512 1402 Deo
1539 1367 1644 1403 una
1667 1349 1935 1404 vobiscum
1961 1355 2012 1404 et
2037 1367 2156 1405 cum

227 1444 330 1498 alia
365 1445 656 1514 fiequentia
679 1446 841 1499 vestri
870 1445 1083 1514 ordiniS,
1123 1462 1254 1514 quae
1278 1449 1488 1499 nostrae
1516 1446 1916 1516 dispensationis
1945 1452 1996 1502 et
2021 1448 2156 1502 chri-

225 1540 423 1595 stianae
470 1541 736 1609 religionis
775 1542 900 1595 ordo
938 1542 1181 1611 requirit,
1229 1543 1520 1612 perspicaci
1558 1543 1728 1597 studio
1768 1544 2066 1598 adinvenire
2105 1549 2157 1599 et

225 1637 410 1706 exequi
446 1637 727 1691 valeamus,
787 1637 986 1692 Videtis
1014 1639 1170 1707 enim,
1210 1639 1348 1708 quod
1372 1639 1428 1692 in
1453 1639 1680 1708 maligno
1707 1641 1812 1694 iam
1839 1645 1978 1695 totus
2005 1658 2154 1695 mun-

223 1733 320 1787 dus
346 1738 426 1788 est
446 1735 646 1804 positus
657 1731 691 1787 ².
747 1733 819 1788 Et
844 1735 1130 1789 communis
1155 1740 1336 1789 nostra
1364 1741 1532 1790 mater
1557 1736 1774 1790 ecclesia
1797 1741 1942 1792 tanto
1971 1738 2155 1792 arden-

223 1830 326 1885 tius
374 1835 553 1885 contra
601 1831 871 1900 antiquum
908 1831 1110 1885 hostem
1147 1848 1241 1885 nos
1278 1833 1469 1887 invitat
1507 1850 1745 1902 surgere,
1794 1839 1986 1903 quanto
2026 1834 2155 1889 haec

223 1930 460 1998 tempora
495 1927 648 1998 plura
674 1928 949 1982 adversum
971 1945 1066 1982 nos
1093 1928 1375 1983 diabolicae
1401 1930 1598 1983 fraudis
1626 1947 1771 1984 arma
1797 1931 2156 1985 demonstrant

224 2028 276 2078 et
313 2023 448 2078 bella
484 2025 800 2095 prorupisse.
932 2025 1146 2079 Interim
1184 2042 1306 2079 vero
1345 2026 1450 2080 hoc.
1479 2027 1757 2097 praecipue
1795 2027 2024 2081 studium
2061 2028 2153 2082 ha-

222 2119 410 2190 betote,
456 2125 531 2188 ut,
572 2121 708 2189 quod
747 2121 809 2174 de
849 2121 1047 2175 incesta
1084 2122 1409 2192 copulatione
1448 2140 1543 2194 per
1579 2123 1780 2177 litteras
1818 2129 2023 2178 nostras
2061 2125 2154 2178 ho-

221 2216 446 2270 minibus
483 2221 654 2271 terrae
691 2220 894 2271 vestrae
930 2218 1291 2272 mandavimus
1330 2249 1396 2256 -—
1438 2220 1694 2291 episcopis
1733 2221 1846 2274 dico
1887 2251 1956 2258 —
1994 2239 2153 2276 unus-

222 2313 438 2383 quisque
487 2314 544 2367 in
591 2331 686 2367 sua
737 2314 1043 2384 parroechia
1094 2314 1325 2369 subditos
1373 2333 1492 2370 suos
1540 2316 1719 2370 sedula
1766 2317 2152 2387 praedicatione

222 2411 618 2476 commoneatis3
656 2411 884 2464 minores
924 2411 990 2465 ad
1027 2411 1442 2466 emendationem
1479 2413 1613 2467 tanti
1645 2414 1877 2468 criminis
1905 2416 2154 2470 canonica

221 2522 314 2559 vos
358 2506 462 2577 ipsi
508 2507 828 2561 districtione
873 2508 1227 2574 cohercentes3
1281 2509 1344 2563 de
1382 2509 1665 2564 maioribus
1703 2528 1826 2565 vero
1864 2512 1954 2581 qui
1991 2513 2152 2566 corri-

223 2605 412 2670 gantur
449 2604 600 2672 quive
625 2604 681 2656 in
706 2604 1049 2659 obstinatione
1073 2611 1429 2675 permaneant,
1469 2611 1704 2678 tempore
1730 2608 2007 2679 praelibati
2032 2625 2151 2664 con-

222 2697 328 2752 cilii
353 2703 494 2752 certa
519 2700 668 2753 nobis
700 2700 949 2754 relatione
974 2702 1303 2770 nunciantes3
1347 2707 1599 2773 quatenus
1627 2708 1678 2758 et
1703 2705 1999 2760 obedientes
2027 2723 2151 2777 apo-

223 2794 406 2849 stolica
442 2796 744 2850 remissione
785 2813 816 2850 a
853 2797 1006 2867 culpa
1043 2798 1325 2869 solvantur,
1365 2805 1417 2854 et
1449 2801 1667 2855 rebelles
1695 2802 1933 2872 synodali
1958 2803 2149 2857 iudicio

220 2892 563 2946 anathematis
602 2893 842 2947 continuo
882 2893 1100 2948 vinculis
1138 2895 1465 2951 innodentur.
1523 2897 1663 2952 Data
1697 2897 1948 2954 Laurenti
1973 2903 2006 2954 5
2045 2899 2149 2955 Ka-

219 2987 398 3043 lendas
438 2988 772 3059 SeptembriS,
811 2989 1092 3044 indictione
1133 2994 1216 3046 12.

218 3157 270 3221 Π
302 3162 358 3222 2.
421 3167 754 3222 Isembertum
784 3171 1079 3240 episcopum
1103 3170 1474 3238 pictavensem,
1517 3182 1564 3226 et
1598 3184 1781 3228 contra
1819 3175 2147 3231 interdictum

416 3277 624 3311 munere
663 3258 948 3329 episcopali
967 3258 1138 3328 funqz'
1173 3270 1220 3312 et
1256 3262 1511 3330 synodum
1539 3275 1901 3334 conyreqatam
1925 3285 2022 3336 per
2046 3269 2144 3319 mi-

423 3347 532 3401 lites
581 3333 872 3401 disturbare
918 3367 1100 3401 ausum
1110 3388 1126 3414 ,
1178 3360 1295 3402 ante
1340 3352 1472 3403 diem
1510 3352 1583 3404 30
1620 3352 1928 3406 Novembris
1974 3358 2148 3408 venire

421 3433 644 3490 Romam
681 3438 832 3491 iubet.

367 3535 644 3607 Gregorius
691 3539 962 3613 episcopus
1001 3557 1179 3596 servus
1217 3557 1484 3597 servorum
1520 3542 1620 3600 Dei
1657 3543 1937 3601 Isemberto
1975 3544 2146 3602 Picta-

218 3633 364 3687 vensi
402 3636 658 3707 episcopo.

338 3735 377 3779 1.
418 3736 531 3780 1075
561 3738 688 3782 Mart.
712 3739 856 3784 1—9.
1005 3742 1046 3784 2.
1080 3742 1103 3784 1
1128 3740 1312 3786 Iohann.
1334 3742 1374 3798 5,
1402 3743 1471 3786 19.

2216 392 2330 436 1074

2188 453 2282 499 Aug.
2301 454 2349 491 28

2208 3562 2323 3607 1074

2176 3623 2279 3672 Sept.
2298 3625 2346 3661 10
