2730 4198
300 434 412 478 1077

273 494 376 543 Sept.
398 495 445 532 17

294 2632 408 2675 1077

267 2691 372 2740 Sept.
391 2693 440 2729 30

476 298 585 352 294
1000 309 1275 349 GREGORII
1313 309 1392 346 vn
1430 307 1694 346 Rssc1s'rss1
1731 309 1765 344 v
1793 308 1830 345 6.
1859 308 1893 344 7.

475 429 663 498 gaudio
714 432 765 482 et
816 427 1026 495 honori,
1078 430 1130 479 et
1176 425 1484 479 commissae
1532 424 1632 478 sibi
1679 423 1821 494 plebi
1868 424 2024 478 saluti
2072 441 2185 479 esse
2230 423 2417 479 valeat.

474 525 634 578 Vobis
675 528 873 590 autem,
925 522 1037 591 qui,
1085 522 1259 575 nescio
1300 537 1366 574 an
1404 521 1590 573 timore
1630 523 1719 572 aut
1757 535 1860 587 qua
1898 520 2166 574 occasione
2205 520 2419 590 seducti,

474 636 659 673 manus
700 623 751 672 et
787 619 992 686 linguas
1031 621 1231 671 vestras
1270 634 1405 670 novo
1446 621 1497 670 et
1534 615 1770 668 inaudito
1802 615 2043 670 scismate
2068 616 2329 686 polluistis
2370 621 2422 671 et

475 715 539 768 ob
578 715 674 767 hoc
711 714 767 766 in
791 714 1035 782 laqueum
1063 713 1407 767 anathematis
1435 711 1708 779 incidistis,
1748 727 1981 764 seorsum
2008 711 2253 766 dicimus:
2295 729 2421 782 quo-

473 811 616 862 niam
644 839 712 845 —
742 810 786 862 si
812 810 868 862 in
892 809 1129 879 praefata
1153 809 1513 878 Aquilegiensi
1539 807 1756 861 ecclesia
1791 806 1979 875 aliquis
2007 807 2194 875 dignus
2222 812 2273 862 et
2308 808 2420 861 ido-

474 922 601 958 neus
639 906 694 957 in
733 905 1050 975 episcopum,
1091 906 1236 958 vobis
1273 906 1475 959 sincera
1512 904 1778 958 voluntate
1817 903 2189 971 annitentibUS,
2228 903 2420 958 electus

473 1002 633 1054 fuerit
660 1031 728 1037 -—
757 1017 874 1053 cum
902 1001 1116 1054 consilio
1143 1001 1282 1054 illius
1312 1006 1363 1055 et
1391 1018 1567 1054 eorum
1594 1000 1833 1067 fratrum,
1867 999 1955 1068 qui
1982 999 2038 1051 in
2069 999 2186 1052 sinu
2212 1003 2421 1054 sanctae

474 1097 657 1149 matris
698 1097 944 1150 ecclesiae
982 1096 1201 1150 firmiter
1238 1098 1607 1167 perstiterunt,
1657 1099 1904 1164 quantam
1955 1094 2050 1148 sub
2090 1095 2304 1149 obtentu
2342 1095 2421 1149 di-

474 1193 625 1246 vinae
652 1192 851 1260 gratiae
877 1194 1219 1262 potuerimus,
1259 1193 1669 1261 misericordiam
1697 1191 1844 1245 vobis
1872 1191 2116 1244 exhibere
2143 1195 2195 1244 et
2220 1195 2422 1245 erratus

474 1288 635 1341 vestri
674 1288 892 1358 pondUS‚
935 1292 1187 1356 quantum
1214 1288 1325 1342 Deo
1363 1288 1644 1341 solaciante
1684 1287 1874 1340 audere
1914 1291 1966 1341 et
2002 1304 2156 1358 posse
2195 1287 2420 1356 dabitur,

474 1388 682 1453 portare
720 1384 895 1453 parati
934 1400 1128 1436 sumus.
1198 1383 1291 1437 Sin
1332 1389 1506 1438 autem
1545 1401 1635 1437 vos
1675 1387 1857 1436 contra
1895 1383 1993 1437 hoc
2028 1384 2128 1437 niti
2166 1387 2219 1438 et
2254 1384 2421 1454 impe-

473 1479 692 1531 dimenti
730 1479 1043 1532 obiectiones
1084 1496 1299 1548 querere
1350 1485 1401 1533 et
1450 1480 1686 1533 invenire
1734 1480 2152 1547 cognoverimUS‚
2199 1480 2256 1533 in
2305 1497 2420 1533 eam

473 1579 646 1627 autem
683 1578 889 1643 partem
928 1576 1238 1643 consentire,
1277 1580 1337 1628 ut
1374 1579 1555 1628 contra
1581 1575 1812 1628 divinam
1839 1580 1891 1629 et
1916 1576 2216 1629 canonicam
2244 1566 2429 1630 aucto·-⁴

469 1669 681 1722 ritatem
720 1670 978 1739 quispiam
1020 1670 1119 1722 sibi
1158 1671 1294 1723 sedis
1333 1671 1473 1724 illius
1514 1671 1906 1740 occupationem
1931 1675 2258 1741 praesumat3
2298 1688 2420 1742 pro-

471 1765 555 1817 cul
595 1765 751 1819 dubio
793 1769 843 1818 et
881 1765 969 1819 ille
1009 1766 1221 1833 dignam
1268 1783 1391 1820 suae
1418 1766 1712 1835 iniquitatis
1751 1767 2045 1820 mercedem
2082 1767 2327 1836 inveniet,
2369 1772 2421 1821 et

470 1861 534 1928 de
572 1861 718 1914 vobis
760 1865 942 1914 sancta
981 1866 1032 1915 et
1072 1863 1384 1932 apostolica>
1412 1863 1589 1931 8οᾶ08,
1640 1866 1833 1931 quanto
1871 1867 2155 1933 provocata
2191 1864 2419 1932 gravius,

469 1961 614 2009 tanto
663 1956 935 2027 culparum
991 1959 1222 2011 rationes
1277 1960 1451 2027 exiget
1498 1959 1810 2027 districtiuS‚
1867 1959 2120 2013 iudicabit
2168 1959 2416 2014 acerbius

457 2051 606 2105 ‘Data
643 2052 806 2107 Rome
851 2056 916 2107 15
956 2054 1217 2107 Kalendas
1259 2054 1516 2124 OctobriS‚
1554 2055 1839 2109 indictione
1885 2058 1928 2108 1.

468 2222 521 2284 V
552 2227 606 2283 7.
665 2230 840 2283 Udoni
876 2233 1266 2302 archiepiscopo
1301 2232 1600 2284 Trevirensi
1636 2243 1683 2285 et
1706 2233 2052 2302 suffrayaneis
2092 2236 2199 2285 eius
2235 2235 2298 2285 de
2324 2252 2417 2286 suo

649 2329 804 2395 pacis
859 2330 1011 2397 requi
1061 2327 1463 2380 Teutonicorum
1517 2329 1860 2380 restituendae
1916 2330 2171 2381 desiderio
2221 2330 2415 2382 scribit.

656 2422 825 2474 Mittit
863 2423 1151 2492 exemplum
1189 2425 1502 2475 sacramenti
1539 2423 1602 2475 ab
1639 2423 1891 2476 Heinrico
1918 2424 1957 2475 I
1961 2424 2011 2477 V
2025 2425 2174 2493 facti
2182 2444 2200 2487 ,·
2239 2435 2420 2478 contra

657 2518 796 2585 quod
835 2518 1026 2587 Zeyatos
1064 2537 1184 2571 suos
1225 2530 1402 2589 captos
1441 2537 1546 2571 esse
1586 2521 1819 2588 queritur
1833 2526 1866 2571 ³.

621 2624 901 2693 Gregorius
942 2628 1217 2697 episcopus
1245 2645 1423 2681 servus
1451 2644 1719 2681 servorum
1744 2627 1845 2681 Dei
1871 2627 2103 2682 dilectisb
2129 2630 2185 2683 in
2211 2629 2417 2685 Christo

469 2721 719 2775 fratribus
758 2721 930 2775 Udoni
957 2723 1253 2776 Trevirensi
1283 2724 1670 2794 archiepiscopo
1711 2728 1763 2777 et
1801 2725 1911 2777 eius
1951 2725 2270 2796 coepiscopis
2310 2727 2417 2780 suf-

468 2816 730 2884 fraganeis
770 2817 993 2871 salutem
1032 2822 1084 2872 et
1122 2819 1458 2889 apostolicam
1497 2820 1926 2873 benedictionem.

617 2912 698 2966 De
736 2917 882 2966 motu
922 2918 974 2967 et
1010 2916 1402 2984 perturbatione
1437 2916 1583 2984 regni
1611 2916 2013 2970 Teutonicorum
2040 2921 2286 2987 quantam
2313 2917 2415 2983 sol-

467 3007 792 3061 licitudinem
820 3013 1169 3079 quantamque
1194 3012 1299 3065 iam
1325 3029 1421 3082 per
1446 3012 1660 3079 longum
1686 3017 1892 3083 tempus
1920 3013 2234 3066 anxietatem
2259 3015 2415 3067 susti-

467 3104 762 3172 nuerimUS‚
821 3105 910 3158 ille
956 3123 1085 3175 prae
1143 3108 1381 3160 omnibus
1437 3109 1607 3176 novit,
1665 3108 1754 3176 qui
1809 3108 2041 3161 omnium
2097 3112 2414 3164 secretorum

469 3199 704 3265 cognitor
756 3203 836 3252 est
885 3205 936 3254 et
982 3202 1247 3272 inspector
1292 3221 1462 3257 verus,
1521 3203 1619 3257 Cui
1658 3204 1840 3272 etiam,
1893 3203 1939 3256 si
1986 3203 2118 3256 tales
2164 3205 2412 3261 exaudire

469 3293 712 3361 dignatur
724 3304 757 3362 ὓ,
796 3296 988 3350 multas
1027 3299 1434 3368 supplicationes
1459 3300 1676 3353 fecimus
1703 3303 1755 3352 et
1778 3299 2044 3366 faciemUS‚
2085 3302 2412 3356 commonitis

470 3392 522 3441 et
560 3391 786 3444 exoratis
825 3392 1004 3446 multis
1042 3394 1291 3448 fratribus
1331 3399 1382 3449 et
1406 3396 1663 3464 religiosis
1699 3394 2184 3462 congregationibus
2212 3397 2277 3449 ad
2304 3402 2412 3452 stu-

469 3483 614 3536 dium
655 3488 936 3547 earundem
966 3490 1433 3559 supplicationum:
1474 3495 1534 3543 ut
1557 3491 1892 3544 misereretur
1927 3490 2096 3556 gentis
2131 3491 2290 3561 illius,
2317 3510 2414 3548 nec

584 3641 617 3666 a.
653 3632 803 3680 Legitur
829 3636 939 3670 etiam
975 3633 1013 3680 2)
1042 3638 1078 3671 in
1107 3637 1284 3673 Udalrici
1309 3637 1536 3686 Bahenbcrg.
1568 3636 1652 3673 cod.
1679 3651 1713 3672 n.
1734 3635 1827 3681 151,
1866 3650 1926 3683 ap.
1950 3638 2163 3674 Eccardum
2192 3641 2301 3685 corp.
2325 3640 2408 3677 hist.

470 3697 510 3731 II
536 3695 623 3732 154.
778 3697 815 3734 b.
851 3698 999 3735 dilectis
1033 3719 1073 3724 —
1103 3700 1281 3737 fratribus
1308 3703 1430 3749 recepi
1453 3716 1500 3737 ex
1527 3702 1562 3737 2.
1719 3711 1750 3737 c.
1787 3715 1835 3737 an
1863 3700 2060 3748 dignetur?
2089 3705 2148 3749 Cf.
2174 3706 2301 3742 Iudith
2319 3706 2355 3751 5,
2375 3706 2410 3744 5.
