2730 4198
768 269 1044 309 Gnncossn
1080 271 1160 307 vn
1195 269 1460 308 nii-Gis'rm
1496 269 1598 307 vm
1624 269 1685 305 21.
1711 269 1773 305 22.
2137 255 2243 307 467

451 387 661 441 demum
697 386 752 439 in
790 386 975 439 ultimo
1010 386 1144 440 libro
1170 385 1448 440 Moralium
1463 382 1476 408 ¹
1502 388 1924 454 argumentatur:
1966 384 2076 450 „Si
2111 388 2247 437 enim
2294 393 2406 436 1081

451 485 608 554 quasi
633 493 906 554 peccatum
943 484 1213 536 ariolandi
1248 494 1321 536 est
1342 501 1653 554 repuqnare,
1694 482 1807 535 sola
1842 491 1915 534 est
1940 470 2244 546 obedientia,
2275 452 2383 490 Mart.
2405 454 2452 492 ¹5

450 597 584 649 quae
624 579 759 646 fidei
811 582 1051 632 meritum
1103 581 1363 650 possidet,
1421 582 1532 632 sine
1590 597 1695 648 qua
1750 577 1974 646 infidelis
2031 579 2249 646 quisque

451 677 792 745 coquoseitur,
836 678 1039 728 etiamsi
1060 676 1238 743 fidelis
1277 694 1383 728 esse
1418 658 1657 727 videatur
1673 674 1719 724 “.

561 769 783 824 Pensate
810 787 948 838 erg0,
987 770 1254 823 karissimi
1265 778 1298 838 ⁰,
1339 772 1573 839 pensate,
1615 785 1748 836 quae
1784 765 2023 836 superius
2050 766 2250 834 digesta

451 870 589 935 sunt,
630 870 697 933 et,
737 866 784 919 si
819 883 924 919 non
963 867 1086 936 quia
1122 869 1365 936 peccator
1403 863 1685 932 Gregorius
1723 862 1871 916 vobis
1911 861 2120 929 scribit,
2166 861 2250 914 vel

454 963 577 1031 quia
602 960 883 1029 Gregorius
909 961 1027 1015 illeb
1055 961 1413 1014 sanctissimus
1449 960 1572 1013 olim
1601 958 1862 1026 disseruit,
1901 958 1959 1010 in
1995 957 2251 1011 memoria

452 1075 658 1129 semper
704 1057 935 1111 habete⁰.
1013 1056 1093 1109 Ac
1138 1056 1394 1124 maxime,
1443 1073 1509 1109 ne
1546 1072 1639 1108 vos
1687 1053 1923 1108 veritatis
1973 1053 2248 1106 occultatio

452 1155 724 1224 dampnet,
772 1156 1048 1227 procurate
1058 1151 1093 1219 ‘¹,
1133 1151 1243 1205 vel⁰
1281 1152 1550 1221 proximos
1588 1149 1944 1204 inobedientia
1981 1179 2051 1185 —
2093 1166 2248 1218 quam

449 1250 743 1320 perniciosa
790 1248 859 1301 sit
905 1247 1206 1315 ignorantes
1246 1277 1315 1284 —
1354 1248 1647 1313 interimat3
1703 1251 1783 1300 set
1829 1250 1882 1300 et
1926 1262 2018 1299 vos
2068 1249 2251 1315 aperta

449 1345 702 1399 confessio
722 1343 957 1398 veritatis
985 1347 1037 1396 et
1061 1347 1304 1397 constans
1330 1343 1624 1398 testificatio
1651 1343 1991 1411 iusticiaeque
2017 1341 2249 1395 defensio

450 1440 752 1511 comprobet
789 1456 902 1493 esse
938 1443 1194 1509 pastoreS,
1235 1443 1288 1493 et
1325 1440 1569 1510 proximi,
1610 1456 1704 1510 per
1729 1455 1822 1492 vos
1853 1438 2022 1492 edocti
2049 1441 2101 1491 et
2139 1453 2250 1490 am-

448 1536 650 1604 moniti,
688 1536 828 1589 viam
868 1537 1053 1590 salutis
1091 1539 1269 1590 tenere
1308 1536 1517 1608 valeant
1555 1533 1895 1603 obedientes]

301 1630 463 1686 Data‘
499 1631 674 1686 Idibus
712 1630 906 1686 Martii.

300 1802 432 1865 VIII
458 1807 559 1864 22.
610 1809 679 1862 Α.
719 1812 956 1880 reqinam
1001 1810 1265 1875 hortatur,
1316 1820 1375 1862 ut
1418 1809 1655 1862 coelestia
1687 1817 1835 1879 petat
1870 1824 2142 1877 reyemque
2179 1806 2252 1857 ad

487 1907 727 1959 virtutem
763 1907 994 1958 inducat.

451 2013 732 2083 Gregorius
781 2017 1056 2086 episcopus
1105 2032 1285 2069 servus
1326 2031 1594 2068 servorum
1635 2013 1735 2067 Dei
1773 2012 1837 2066 A.
1879 2011 2251 2065 dilectissimae
2284 2018 2397 2062 1081

301 2111 355 2164 in
395 2110 600 2164 Christo
639 2110 776 2164 filiae
814 2111 1035 2165 salutem
1075 2115 1126 2165 et
1166 2110 1507 2182 apostolicam
1546 2109 1975 2164 benedictionem.

449 2206 582 2271 Quia
621 2207 685 2260 ob
724 2208 1073 2261 reverentiam
1110 2207 1250 2261 beati
1287 2206 1432 2261 Petri
1475 2205 1834 2276 apostolorum
1873 2204 2126 2275 principis
2166 2221 2251 2256 ro-

300 2303 452 2371 gasti,
490 2307 550 2355 ut
578 2302 781 2356 litteras
808 2319 967 2356 manu
992 2307 1173 2357 nostra
1199 2303 1421 2373 scriptas
1449 2301 1788 2356 excellentiae
1815 2305 1935 2354 tuae
1962 2293 2249 2367 mittamu'S,

301 2399 566 2454 devotioni
602 2403 722 2453 tuae
763 2392 1132 2468 acquievimus,
1193 2399 1289 2452 His
1329 2399 1486 2452 etiam
1529 2402 1579 2451 te
1606 2413 1896 2464 monemuS,
1937 2400 1996 2449 ut
2023 2412 2251 2449 summo-

301 2512 425 2565 pere
461 2511 727 2565 procureS‚
769 2512 901 2564 quae
931 2500 1054 2549 sunt
1081 2501 1291 2550 terrena
1318 2499 1370 2548 et
1398 2493 1721 2562 transitoria,
1763 2492 2032 2563 despicere
2059 2496 2111 2546 et
2136 2508 2251 2545 coe-

300 2590 455 2644 lestia
501 2594 814 2660 aeternaque
864 2608 1070 2662 semper
1115 2596 1378 2662 appetere.
1458 2589 1638 2644 Scribe
1675 2589 1732 2642 in
1771 2587 1926 2642 corde
1965 2592 2078 2642 tuo:
2129 2588 2252 2657 quia

303 2703 507 2739 summa
543 2687 726 2754 regina
763 2687 894 2740 coeli
934 2718 1002 2724 —
1043 2705 1176 2756 quae
1215 2705 1372 2757 super
1411 2703 1590 2740 omnes
1618 2685 1801 2739 choros
1830 2685 2134 2753 angelorum
2161 2701 2250 2737 ex-

302 2781 465 2836 altata
503 2799 616 2835 esse
654 2782 899 2851 creditur,
941 2800 1072 2852 quae
1110 2788 1189 2837 est
1227 2784 1382 2837 decus
1423 2786 1476 2835 et
1511 2782 1679 2850 gloria
1713 2781 1946 2835 omnium
1971 2780 2250 2833 mulierum

300 2879 461 2931 immo
502 2878 640 2932 salus
681 2883 733 2932 et
769 2879 1014 2932 nobilitas
1055 2880 1286 2932 omnium
1313 2878 1614 2946 electorum,
1655 2877 1779 2946 quia
1803 2877 1896 2930 illa
1923 2876 2034 2930 sola
2058 2875 2252 2929 meruit

299 2975 446 3043 virgo
497 2978 548 3028 et
597 2979 766 3028 mater
813 2975 965 3029 edere
1011 2975 1323 3028 naturaliter
1372 2974 1527 3027 deum
1577 2978 1628 3026 et
1663 2973 1954 3041 hominem,
2004 2974 2162 3042 caput
2199 2975 2252 3024 et

301 3071 493 3125 vitamg
519 3071 751 3124 omnium
778 3071 1030 3125 bonorum
1058 3101 1126 3107 —
1154 3072 1210 3124 in
1237 3071 1391 3124 terris
1416 3087 1522 3123 non
1555 3069 1835 3136 dedignata
1861 3073 1940 3122 est
1962 3084 2250 3137 pauperem

300 3167 463 3221 vitam
502 3184 681 3236 gerere
721 3171 773 3220 et
809 3167 865 3220 in
901 3167 1044 3220 omni
1070 3171 1251 3220 sancta
1275 3166 1570 3220 humilitate
1598 3182 1653 3218 se
1679 3164 1954 3218 custodire.
2015 3162 2248 3226 Quantoh

301 3243 438 3317 enin‘i
471 3263 625 3317 huius
652 3263 790 3317 vitae
817 3262 985 3331 gloria
1013 3264 1263 3332 queritur,
1302 3267 1449 3316 tanto
1474 3261 1647 3314 minus
1673 3261 1879 3314 futurae
1907 3260 2246 3314 desideratur.

300 3358 396 3412 Illa
442 3360 582 3413 enim
633 3359 822 3413 mulier
859 3350 988 3414 vere
1031 3360 1171 3430 apud
1208 3359 1380 3412 Deum
1419 3358 1602 3425 regina
1640 3357 1857 3425 dicitur,
1907 3372 2040 3425 quae
2076 3371 2248 3407 mores

416 3524 449 3550 a.
473 3513 709 3552 dilectissimi
727 3515 772 3552 U.
876 3513 913 3551 b.
940 3513 1006 3551 illo
1028 3516 1070 3551 B.
1178 3524 1209 3550 c.
1236 3512 1374 3550 habere
1399 3514 1444 3549 U.
1550 3511 1586 3547 d.
1609 3521 1811 3559 procurare
1831 3511 1866 3547 B
1883 3517 1918 3546 et
1940 3510 1984 3546 U.
2089 3520 2121 3545 e.
2142 3508 2183 3545 in
2203 3510 2247 3546 B.

300 3577 327 3614 f.
353 3577 452 3615 Data
483 3599 523 3604 —
552 3579 677 3616 Martii
705 3595 776 3617 om.
799 3581 835 3617 2.
857 3581 893 3617 3.
915 3581 952 3617 4.
1083 3590 1116 3626 g.
1143 3580 1222 3616 vita
1250 3594 1280 3616 c.
1409 3578 1447 3615 h.
1476 3577 1695 3624 diligentius
1723 3577 1910 3614 excidisse
1935 3575 2090 3612 videtur.

420 3658 460 3701 1.
492 3658 543 3701 L.
566 3658 623 3702 35
654 3671 692 3702 c.
715 3660 787 3716 28,
820 3658 932 3715 Opp.
956 3658 1026 3702 ed.
1050 3657 1333 3702 Benedictini
1363 3657 1416 3700 T.
1439 3657 1461 3700 Ι
1492 3657 1621 3701 1156.

1793 3734 1895 3779 3οθ
