2722 4172
468 253 569 306 168
964 267 1240 306 GREGORII
1276 268 1356 304 vn
1392 266 1657 305 REGISTRI
1692 267 1736 304 11
1762 267 1822 305 51.
1850 266 1912 304 52.

299 388 414 433 1075
462 383 815 454 dilectissime,
856 389 915 438 ut
952 384 1027 438 ita
1063 384 1211 437 vivas
1249 384 1326 437 ita
1361 400 1563 452 regneS,
1604 386 1663 436 ut
1686 387 1811 436 tunc
1837 385 2034 439 aeterni
2060 386 2199 454 regis
2238 389 2290 440 et
2326 387 2405 440 iu-

286 449 363 486 Ian.
382 448 432 487 2⁵
463 480 592 534 dicis
629 481 817 534 faciem
857 496 1067 533 securus
1108 480 1332 550 aspicias
1382 483 1434 534 et
1473 496 1568 550 pro
1607 479 1739 533 bene
1777 483 1924 547 gesta
1961 484 2197 536 terrenae
2236 482 2405 550 digni-

461 576 584 629 tatis
625 576 791 644 gloria
828 575 1065 629 caelestis
1105 576 1253 645 regni
1292 575 1570 630 sublimem
1595 578 1647 629 et
1670 575 2133 647 incomparabilem
2159 594 2405 632 coronam

461 670 573 725 Deo
612 671 837 725 donante
876 671 1115 742 recipias.

608 767 688 820 De
726 770 896 821 cetero
934 772 1115 821 notum
1156 769 1224 822 sit
1264 768 1378 837 tibi,
1418 766 1555 836 quod
1590 765 1791 835 legatos
1831 767 1899 821 ad
1935 771 1987 822 te
2015 768 2406 838 destinavimuS,

463 863 552 932 qui
591 879 747 933 super
784 863 882 932 his,
930 881 1060 932 quae
1098 881 1193 934 pro
1232 862 1629 917 honorificentia
1664 863 1813 931 regni
1848 863 1929 916 tui
1965 867 2078 917 tum
2116 865 2179 919 de
2215 869 2407 920 metro-

462 958 696 1028 politana
735 959 856 1013 sede
893 963 1005 1013 tum
1044 960 1108 1014 de
1148 959 1455 1028 quibusdam
1498 959 1613 1012 aliis
1653 959 1807 1013 rebus
1845 959 1901 1012 in
1938 962 2173 1030 tempore
2212 961 2409 1015 domini

462 1054 629 1107 nostri
653 1054 941 1108 Alexandri
979 1072 1150 1126 papae
1190 1056 1253 1109 ab
1294 1055 1580 1125 apostolica
1618 1055 1739 1108 sede
1780 1058 1831 1108 et
1869 1055 2148 1125 postulasti
2186 1060 2238 1110 et
2275 1057 2410 1140 invsi-

463 1166 576 1204 cem
622 1150 938 1220 promisisti,
995 1152 1092 1205 tibi
1138 1152 1438 1221 responsuri
1488 1168 1548 1204 ac
1593 1155 1766 1205 tecum
1815 1151 1981 1204 acturi
2029 1156 2217 1206 essent.
2289 1152 2409 1223 Sed,

462 1250 679 1316 propter
725 1247 1173 1317 perturbationem
1212 1248 1524 1302 Teutonicae
1568 1250 1739 1300 terrae
1776 1247 2126 1316 periculosum
2163 1248 2264 1302 iter
2300 1249 2411 1304 fore

464 1346 849 1411 cognoscenteS,
891 1344 956 1396 ad
993 1360 1088 1397 nos
1127 1344 1324 1397 reversi
1373 1347 1509 1397 sunt.
1575 1342 1927 1413 Quapropter,
1976 1343 2022 1396 si
2069 1360 2172 1412 qua
2219 1344 2283 1398 de
2328 1345 2412 1399 his

464 1438 562 1492 tibi
599 1439 743 1492 cordi
781 1443 904 1492 sunt
942 1443 994 1493 et
1032 1440 1077 1493 si
1116 1443 1167 1493 te
1207 1456 1267 1492 ac
1304 1456 1525 1507 regnum
1561 1443 1726 1507 tuum,
1768 1438 1903 1492 sicut
1936 1456 2031 1509 per
2055 1440 2254 1508 legatos
2293 1445 2411 1495 tuos

466 1534 775 1603 aliquotiens
815 1535 1136 1604 accepimuS,
1178 1535 1532 1613 apostolorum
1570 1535 1796 1605 principi
1834 1536 1924 1606 pia
1961 1536 2234 1590 devotione
2272 1554 2412 1591 com-

464 1631 672 1684 mittere
712 1634 764 1684 et
802 1631 911 1684 eius
948 1631 1258 1684 auctoritate
1294 1631 1467 1685 fulciri
1491 1630 1735 1699 volueriS,
1774 1630 1952 1685 fideles
1983 1632 2199 1686 nuncios
2227 1633 2293 1686 ad
2317 1650 2412 1687 nos

465 1727 576 1779 sine
603 1726 851 1780 dilatione
877 1727 1234 1780 transmittere
1261 1727 1436 1793 stude3
1465 1730 1737 1795 quatenuS,
1760 1744 1855 1797 per
1882 1745 1968 1781 eos
1994 1732 2140 1781 tuam
2164 1728 2219 1781 in
2247 1729 2413 1783 omni-

463 1823 560 1877 bus
602 1822 770 1876 edocti
807 1822 1148 1891 voluntatem,
1189 1822 1474 1876 deliberato
1514 1822 1756 1891 consili0,
1799 1823 1924 1893 quid
1961 1824 2058 1877 tibi
2095 1825 2414 1895 responden-

466 1919 589 1973 dum
629 1919 857 1989 quidque
910 1936 1068 1989 super
1114 1918 1196 1972 his
1247 1918 1486 1972 omnibus
1538 1918 1796 1987 agendum
1847 1920 1951 1988 sit,
1999 1920 2297 1990 perspicere
2353 1937 2415 1976 ac

463 2015 739 2087 providere
776 2015 1061 2069 valcamus.

610 2112 906 2180 Praeterea,
947 2112 992 2164 si
1031 2114 1211 2164 sancta
1247 2110 1483 2164 Romana
1519 2114 1688 2164 mater
1723 2111 1942 2165 ecclesia
1966 2115 2147 2166 contra
2170 2113 2416 2183 profanos

467 2212 518 2262 et
553 2189 792 2262 inimicos
830 2207 931 2261 Dei
968 2211 1058 2260 tuo
1098 2206 1292 2260 auxilio
1330 2207 1384 2259 in
1424 2206 1677 2260 militibus
1718 2211 1770 2261 et
1803 2208 2063 2261 materiali
2087 2208 2260 2276 gladio
2287 2226 2416 2280 opus

464 2305 731 2372 habuerit,
784 2320 916 2373 quae
957 2320 1076 2373 spes
1114 2302 1265 2356 nobis
1315 2302 1379 2356 de
1415 2306 1469 2356 te
1506 2302 1745 2356 habenda
1784 2303 1875 2371 sit,
1924 2303 2108 2357 itidem
2146 2308 2238 2358 tua
2275 2309 2418 2358 certa

466 2400 725 2467 legatione
765 2415 1074 2467 cognoscere
1123 2399 1378 2469 cupimus,
1529 2398 1628 2451 Est
1665 2399 1823 2452 etiam
1862 2415 1967 2452 non
2006 2399 2158 2468 longe
2198 2417 2229 2453 a
2265 2401 2416 2455 nobis

469 2496 740 2567 provincia
788 2496 1043 2565 quaedam
1093 2495 1490 2565 opulentissima
1543 2494 1693 2548 iuxta
1747 2512 1916 2564 mare,
1977 2513 2134 2565 quam
2180 2496 2310 2551 viles
2367 2501 2420 2552 et

469 2593 648 2660 ignavi
685 2595 866 2646 tenent
903 2591 1178 2658 haeretici3
1230 2592 1286 2644 in
1325 2607 1428 2660 qua
1470 2607 1631 2643 unum
1673 2591 1735 2644 de
1771 2590 1893 2645 filiis
1941 2592 2045 2646 tuis
2087 2623 2156 2629 —
2197 2593 2242 2646 si
2281 2610 2417 2663 eum,

472 2689 607 2742 sicut
645 2688 858 2758 quidam
898 2688 1171 2758 episcopus
1210 2690 1382 2740 terrae
1420 2690 1541 2740 tuae
1578 2687 1635 2739 in
1674 2687 1848 2741 animo
1874 2688 1972 2742 tibi
1995 2689 2107 2743 fore
2132 2689 2417 2758 nunciavit,

473 2784 788 2855 apostolicae
836 2783 984 2837 aulae
1033 2783 1365 2836 militandum
1414 2783 1564 2836 dares
1612 2799 1730 2836 cum
1780 2783 2048 2853 aliquanta
2085 2785 2419 2839 multitudine

384 2924 387 2928 .
474 2898 676 2949 eorum,
730 2881 819 2950 qui
868 2880 967 2933 sibi
1013 2878 1104 2932 fidi
1149 2879 1343 2932 milites
1395 2883 1568 2933 essent
1607 2909 1676 2916 —
1718 2879 1900 2935 ducem
1940 2897 2000 2934 ac
2037 2881 2327 2951 principem
2367 2885 2419 2936 et

473 2977 800 3031 defensorem
826 2976 1223 3029 christianitatis
1259 2974 1373 3029 fieri
1399 2979 1653 3045 optamuS.
1713 2976 1853 3030 Data
1876 2976 2071 3030 Romae
2099 2979 2130 3030 8
2158 2976 2418 3030 Kalendas

472 3073 761 3142 Februarii,
800 3072 1105 3127 indictione·
1128 3074 1208 3125 13.
1249 3129 1252 3131 ,

475 3244 525 3304 Π
561 3248 660 3305 52.
695 3250 942 3303 Evrardo
982 3250 1166 3303 elerico
1196 3249 1568 3303 Aarelianensi
1599 3253 1874 3321 praecipit,
1916 3260 1974 3302 ut
2009 3251 2093 3301 die
2132 3248 2162 3301 1
2191 3249 2418 3302 Novem-

697 3347 805 3399 bris
845 3348 917 3399 ad
953 3365 1005 3399 se
1041 3349 1217 3399 veniat
1261 3349 1559 3417 intereaque
1603 3349 1815 3400 iniuriis
1852 3348 1910 3398 in
1939 3346 2143 3414 fratres
2183 3346 2422 3399 ecelesiae

697 3442 1094 3496 Aurelianensis
1134 3443 1403 3496 abstineat.

303 3555 419 3600 1075
627 3549 908 3619 Gregorius
957 3553 1232 3623 episcopus
1281 3570 1461 3607 servus
1509 3567 1778 3606 servorum
1826 3549 1927 3604 Dei
1970 3549 2206 3603 Evrardo
2252 3549 2420 3606 Aure-

273 3616 382 3654 Febr'
401 3617 450 3654 ²8
477 3644 699 3699 lianensi
737 3646 937 3700 cleric0.
