2730 4198
884 250 1159 288 GREGORII
1196 251 1275 287 v11
1312 250 1577 289 REGISTRI
1613 250 1671 286 VI
1701 250 1735 286 1.
2177 235 2279 287 321

1022 460 1086 505 IN
1123 459 1353 506 NOMINE
1392 458 1607 504 DOMINI

338 563 961 643 INCIPIT
1079 565 1547 644 LIBER
1661 562 2282 644 SEXTUS

724 693 1012 747 REGISTRI
1057 694 1304 747 SEPTIMI
1350 694 1644 746 GREGORII
1689 694 1892 746 PAPAE

443 808 585 839 anno
618 794 934 839 dominicae
965 795 1386 850 incarnationis
1417 794 1718 837 millesimo
1751 793 2178 850 septuagesimo

887 873 1110 925 octavo,
1153 867 1475 911 indictione
1515 867 1738 923 prima«.

335 1017 415 1080 VI
446 1023 498 1079 1.
543 1025 730 1078 Omnes
769 1026 980 1079 clericos
1021 1036 1067 1078 et
1103 1025 1263 1077 laicos
1301 1026 1453 1092 requi
1492 1023 1766 1076 Teutonici
1802 1023 2054 1088 hortatur,
2096 1042 2162 1075 ne
2186 1023 2285 1090 fa-

538 1132 691 1174 veant
729 1131 822 1174 aut
846 1123 1218 1173 communicent
1240 1123 1324 1185 iis,
1368 1122 1463 1189 qui
1485 1121 1738 1190 impedire
1764 1120 2022 1189 synodum
2048 1121 2284 1189 coyitent,

539 1219 602 1269 de
639 1236 818 1287 reyum
856 1219 1131 1269 certamine
1168 1216 1460 1268 habendam
1472 1214 1507 1267 ¹³.

483 1325 764 1394 Gregorius
804 1326 1108 1396 episcopus⁰
1149 1343 1329 1379 servus
1369 1343 1639 1379 servorum
1669 1325 1767 1378 Dei
1807 1325 2046 1378 omnibus
2086 1324 2286 1378 clericis

337 1426 389 1475 et
433 1421 580 1475 laicis
620 1422 674 1475 in
713 1439 871 1490 regno
913 1421 1196 1475 Teutonico
1237 1422 1557 1490 constitutis,
1608 1422 1696 1491 qui
1737 1421 2286 1475 excommunicationis

334 1517 540 1571 vinculo
579 1535 684 1570 non
722 1521 981 1586 tenentur,
1023 1517 1245 1572 salutem
1285 1522 1336 1572 et
1377 1518 1717 1588 apostolicam
1757 1517 2187 1571 benedictionem.

482 1612 624 1677 Quae
664 1617 715 1667 et
753 1619 948 1682 quanta
987 1631 1111 1668 cura
1149 1614 1298 1668 nobis
1337 1615 1495 1668 fuerit
1533 1619 1585 1668 et
1624 1618 1725 1682 est,
1771 1618 1828 1667 ut
1866 1613 2166 1684 pestilentia
2205 1618 2283 1666 et⁰

334 1709 508 1763 clades
547 1714 599 1763 et
637 1709 888 1763 desolatio
930 1727 961 1763 a
986 1714 1159 1763 vestro
1199 1727 1360 1778 regno
1401 1711 1681 1779 auferatur,
1724 1715 1775 1764 et
1813 1727 1919 1780 pax
1956 1710 2201 1763 honestas
2235 1715 2287 1763 et

335 1805 546 1877 solitum
586 1806 740 1858 decus
767 1806 914 1859 vobis
955 1806 1219 1874 reddatur,
1259 1806 1313 1859 in
1355 1807 1570 1876 synode,
1613 1824 1744 1875 quae
1782 1806 1879 1859 hoc
1916 1795 2050 1859 anno
2076 1806 2131 1858 in
2160 1823 2286 1874 qua-

335 1901 629 1968 dragesima
655 1901 816 1954 Rome
843 1901 1103 1955 celebrata
1127 1901 1242 1969 fuit,
1279 1902 1672 1955 declaravimus,
1726 1902 1921 1955 Iudicio
1950 1902 2090 1955 enim
2119 1903 2286 1955 sancti

338 1995 563 2067 Spiritus
591 1997 912 2051 decrevimus
944 2001 995 2050 et
1020 1997 1406 2067 praecepimus:
1448 2002 1506 2050 ut
1531 1999 1587 2051 in
1612 2015 1772 2066 regno
1800 2002 1971 2052 vestro
2000 2003 2284 2052 conventus

335 2093 568 2146 omnium
615 2094 976 2163 episcoporum
1027 2098 1079 2147 et
1126 2111 1306 2147 eorum
1343 2093 1623 2161 laicorum,
1673 2094 1760 2162 qui
1799 2092 1968 2146 Deum
2007 2095 2196 2147 timent
2235 2098 2286 2147 et

334 2188 469 2241 inter
508 2206 599 2241 vos
639 2205 822 2258 pacem
860 2189 1182 2257 desiderant,
1222 2189 1392 2256 fieret3
1436 2194 1487 2243 et
1525 2206 1699 2242 coram
1740 2190 1931 2243 nostris
1969 2189 2156 2258 legatis
2197 2190 2285 2243 de-

334 2290 658 2352 cerneretur,
707 2284 780 2337 sid
820 2284 1065 2338 Heinrico
1104 2285 1188 2338 vel
1226 2285 1471 2354 Rodulfo,
1519 2286 1608 2354 qui
1649 2285 1710 2339 de
1748 2286 1898 2353 regni
1936 2287 2284 2354 gubernaculo

333 2381 470 2434 inter
510 2397 564 2434 se
604 2380 887 2449 decertant,
929 2381 1152 2451 amplius
1181 2382 1384 2435 iustitia
1408 2382 1622 2435 faveret.
1677 2382 1923 2435 Iniustior
1951 2383 2089 2435 enim
2116 2399 2238 2452 pars
2251 2390 2284 2450 θ,

334 2476 536 2530 ratione
575 2476 779 2530 devicta
818 2482 870 2530 et
906 2477 1047 2531 beati
1084 2477 1227 2531 Petri
1269 2479 1577 2532 auctoritate
1617 2478 1912 2546 constricta,
1958 2478 2162 2531 facilius
2205 2494 2287 2532 ce-

336 2571 482 2625 deret
521 2576 573 2625 et
611 2572 674 2625 ab
712 2573 928 2626 interitu
967 2574 1260 2628 animarum
1299 2578 1350 2628 et
1387 2591 1664 2645 corporum
1690 2574 1801 2628 Deo
1829 2575 2150 2645 propitiante
2178 2591 2287 2628 ces-

335 2672 500 2733 saret;
551 2668 737 2720 iustior
774 2685 898 2721 vero
948 2687 1071 2740 pars
1125 2671 1348 2741 amplius
1397 2670 1460 2724 de
1499 2670 1610 2724 Deo
1661 2670 1941 2724 confideret
1981 2675 2058 2740 et,
2109 2671 2287 2723 adiuta

335 2763 471 2816 beati
498 2762 642 2817 Petri
679 2763 962 2834 potestater
1001 2770 1052 2819 et
1091 2767 1324 2820 omnium
1362 2767 1620 2820 iustitiam
1658 2767 1985 2835 diligentium
2014 2783 2284 2834 consensu,

336 2859 398 2913 de
436 2859 656 2912 victoria
703 2860 913 2913 omnino
961 2866 1198 2930 speraret
1242 2879 1410 2930 neque
1456 2867 1760 2931 utramqueg
1798 2866 2022 2915 mortem
2059 2863 2282 2915 timeret.

485 2955 588 3009 Sed
627 2956 749 3024 quia
785 2956 1023 3026 pervenit
1061 2956 1127 3009 ad
1165 2974 1275 3026 noe,
1318 2958 1456 3026 quod
1492 2959 1693 3012 inimici
1731 2959 1831 3011 Dei
1870 2962 1922 3011 et
1959 2957 2053 3010 filii
2093 2958 2286 3011 diaboli

337 3052 547 3121 quidam
577 3051 718 3122 apud
742 3069 834 3105 vos
865 3057 1047 3105 contra
1082 3052 1417 3106 interdictum
1459 3055 1741 3124 apostolice
1782 3054 1919 3107 sedis
1958 3054 2285 3123 praedictum

336 3152 645 3201 conventum
684 3152 966 3218 procurent
1003 3148 1058 3200 in
1102 3149 1310 3201 irritum
1350 3149 1553 3217 ducere,
1595 3154 1646 3202 et
1684 3167 1789 3202 non
1827 3150 2031 3202 iustitia
2069 3150 2159 3202 sed
2199 3166 2285 3202 su-

334 3243 518 3312 perbia
556 3261 616 3297 ac
653 3244 812 3297 totius
851 3244 999 3311 regni
1039 3243 1358 3297 desolatione
1398 3262 1519 3297 suas
1559 3246 1873 3315 cupiditates
1914 3245 2160 3298 anhelent
2185 3245 2284 3297 im-

336 3339 480 3408 plere
519 3343 571 3393 et
609 3340 947 3394 christianam
981 3339 1318 3407 religionemh
1354 3340 1645 3406 destruere3
1686 3357 1959 3394 monemus
1997 3358 2089 3394 vos
2130 3346 2181 3394 et
2220 3358 2285 3394 ex

452 3460 486 3486 a.
521 3450 686 3487 secunda
713 3465 745 3488 c.
875 3433 914 3487 b.-
939 3453 1093 3501 Legitur
1120 3453 1230 3487 etiam
1259 3448 1296 3496 2)
1327 3465 1388 3498 ap.
1408 3453 1614 3487 Brunonem
1644 3451 1690 3487 de
1718 3452 1814 3487 bello
1841 3453 1986 3489 saxon.
2015 3468 2043 3487 c.
2062 3453 2149 3495 113,
2182 3455 2286 3488 Mon.

338 3518 456 3554 Germ.
474 3518 542 3555 SS.
566 3518 604 3554 V
626 3517 712 3554 375.
868 3528 899 3554 c.
929 3532 998 3554 om.
1019 3519 1054 3554 2.
1211 3516 1248 3553 d.
1286 3516 1319 3552 si
1347 3516 1418 3562 eui,
1446 3516 1621 3553 Heinrico
1649 3516 1826 3554 videficet
1851 3517 1912 3554 vel
1940 3519 1963 3554 2
1992 3515 2079 3563 (cui,
2106 3517 2283 3554 Heinrico

339 3581 485 3618 scilicet
518 3593 565 3619 an
601 3597 664 3630 ap.
686 3585 876 3620 Annalist.
902 3585 1019 3627 sax„
1067 3586 1171 3620 Mon.
1193 3585 1310 3620 Germ.
1335 3584 1402 3621 SS.
1429 3584 1487 3620 VI
1511 3581 1614 3629 716).
1771 3594 1803 3619 e.
1838 3594 2002 3631 parsque
2036 3583 2213 3619 iniustior
2248 3584 2283 3618 2.

336 3647 362 3684 f.
391 3648 611 3685 auctoritate
639 3650 674 3685 2.
779 3659 814 3695 g.
842 3650 880 3686 et
904 3649 1075 3686 neutram
1103 3650 1126 3685 2
1149 3662 1219 3698 pro
1246 3659 1367 3697 neque
1395 3650 1603 3698 utramque.
1706 3648 1744 3685 h.
1773 3648 1978 3686 christiana
1999 3648 2180 3696 religione
2199 3648 2284 3685 cod.

410 3717 539 3760 Jnni,
567 3721 802 3756 Bibliotheca.
827 3722 872 3757 11.
1872 3722 1928 3764 21

2320 1333 2434 1377 1078

2325 1393 2392 1430 Iul.
2418 1396 2437 1431 1
