2730 4198
841 264 1115 304 GREGORII
1152 268 1230 303 vn
1267 266 1531 305 REGISTRI
1568 266 1668 303 v111
1695 266 1755 301 21.
2164 252 2265 304 461

329 383 583 448 tuuntque
632 410 701 416 —
749 383 1103 450 consentiunt3
1154 383 1267 452 qui,
1318 382 1615 452 symoniace
1663 382 1921 451 quoslibet
1967 381 2270 448 ordinando,
2334 387 2448 431 1081

327 473 498 528 Deum
536 492 631 544 pro
670 475 763 528 vili
802 478 961 531 etiam
998 479 1166 548 pretio
1206 478 1453 531 vendunt.
1522 478 1675 545 Nam,
1717 478 1850 530 sicut
1888 477 2039 530 electi
2076 476 2272 529 insolu-
2301 445 2411 483 mm
2433 449 2480 485 1⁵

327 569 502 623 biliter
540 587 632 623 suo
661 572 821 641 capiti
846 572 1097 626 uniuntur
1111 582 1143 641 ³,
1182 574 1259 626 ita
1285 578 1336 626 et
1361 573 1587 642 reprobi,
1628 573 1857 624 maxime
1885 579 2065 625 contra
2090 572 2272 640 bonOS,

329 665 392 733 ei,
433 666 522 734 qui
560 666 791 720 malitiae
830 673 987 737 caput
1021 674 1115 736 est,
1156 669 1492 738 pertinaciter
1516 668 1866 720 foederantur.
1924 666 2119 719 Contra
2145 684 2273 735 quos

325 761 556 830 profecto
583 778 687 814 non
713 765 823 815 tam
849 763 1203 817 disserendum
1227 780 1383 831 quam
1410 780 1505 832 pro
1533 763 1606 815 eis
1634 766 1713 815 est
1736 762 2025 814 lacrimosis
2052 761 2274 831 plancti-

327 854 422 908 bus
459 856 881 924 ingemendumb:
923 863 983 912 ut
1011 860 1337 929 omnipotens
1363 857 1506 911 Deus
1541 857 1658 909 illos
1700 874 1730 908 a
1766 856 1966 925 laqueis
2007 856 2271 924 sathanae,

327 951 511 1019 quibus
551 953 745 1022 captivi
783 957 1049 1022 tenentur,
1099 955 1288 1023 eripiat
1325 957 1399 1022 et,
1439 953 1523 1006 vel
1559 956 1680 1022 post
1716 952 1974 1022 pericula,
2022 951 2089 1004 ad
2128 951 2273 1019 agni-

325 1047 521 1102 tionem
560 1049 794 1103 veritatis
833 1050 1044 1102 tandem
1084 1049 1361 1117 aliquando
1400 1048 1666 1118 perducat.

472 1143 614 1197 Haec
662 1144 725 1197 de
772 1145 980 1212 regibus
1030 1149 1082 1198 et
1117 1145 1546 1214 imperatoribuS,
1599 1143 1733 1212 qui⁶,
1784 1141 2038 1196 saeculari
2076 1141 2272 1209 gloria‘¹

324 1239 545 1292 nimium
583 1240 796 1308 tumidi,
845 1257 950 1293 non
988 1239 1099 1293 Deo
1146 1241 1236 1293 sed
1275 1240 1375 1294 sibi
1412 1243 1648 1307 regnant.
1803 1238 1906 1291 Sed
1946 1238 2068 1306 quia
2105 1239 2272 1290 nostri

325 1338 405 1388 est
443 1333 615 1403 officii,
654 1336 930 1404 unicuique
970 1336 1253 1389 secundum
1294 1337 1526 1389 ordinem
1566 1334 1649 1388 vel
1688 1334 2014 1402 dignitatem,
2055 1349 2158 1401 qua
2194 1333 2271 1386 vi-

324 1430 475 1484 detur
512 1431 703 1499 vigere,
745 1431 1120 1484 exortationem
1162 1431 1490 1500 distribuere,
1530 1429 1932 1500 imperatoribus
1974 1433 2026 1481 et
2065 1428 2270 1495 regibus

323 1526 611 1594 ceterisque
649 1527 999 1596 principibus,
1047 1531 1106 1579 ut
1145 1527 1394 1581 elationes
1442 1523 1632 1579 maris¹
1672 1530 1723 1579 et
1773 1525 2046 1596 superbiae
2083 1523 2269 1577 fluctus

323 1621 690 1691 comprimere⁶
740 1622 972 1690 valeant,
1023 1639 1170 1676 arma
1217 1623 1529 1676 humilitatis
1578 1622 1688 1676 Deo
1741 1625 1949 1674 auctore
1996 1620 2269 1690 providere

323 1733 578 1770 curamus
640 1717 842 1771 Scimus
875 1719 1038 1771 enim:
1082 1719 1203 1786 quia
1241 1718 1505 1770 mundana
1534 1718 1699 1785 gloria
1738 1721 1788 1770 et
1826 1715 2105 1769 saecularis
2145 1731 2271 1768 cura

324 1828 411 1864 eos
451 1812 813 1881 permaxime‘,
855 1814 942 1882 qui
968 1819 1235 1883 praesunt,
1277 1814 1343 1866 ad
1369 1813 1647 1866 elationem
1676 1812 1913 1867 trahere⁸
1939 1811 2094 1877 solet3
2137 1810 2268 1879 qua¹¹

323 1923 545 1977 semper,
572 1908 808 1976 neglecta
832 1909 1142 1978 humilitate,
1169 1910 1440 1979 propriam
1467 1908 1728 1978 querendo
1755 1907 1993 1975 gloriam,
2018 1907 2268 1960 fratribus

324 2003 555 2072 cupianti
592 2004 933 2073 praeminere.
992 2004 1250 2058 Proindek
1288 2004 1494 2058 videtur
1540 2004 1666 2058 utile
1713 2003 1943 2056 maxime
1986 2003 2269 2073 imperato-

321 2097 464 2151 ribus
505 2102 557 2151 et
584 2099 818 2166 regibus:
859 2104 933 2168 ut,
974 2117 1092 2153 cum
1129 2117 1277 2154 mens
1315 2100 1525 2153 illorum
1552 2117 1607 2152 se
1635 2099 1702 2152 ad
1729 2099 1836 2152 alta
1864 2100 2062 2166 erigere
2095 2103 2146 2152 et
2170 2115 2267 2169 pro

321 2192 574 2260 singulari
611 2194 724 2247 vult
760 2195 928 2262 gloria
966 2195 1224 2249 oblectare
1235 2196 1259 2264 ¹,
1299 2196 1548 2263 inveniat,
1590 2195 1776 2264 quibus
1816 2212 1870 2248 se
1904 2195 2072 2247 modis
2097 2195 2268 2248 humi-

290 2287 434 2356 liet,
477 2293 631 2357 atque
669 2290 807 2343 unde
845 2291 1126 2360 gaudebat,
1167 2291 1361 2344 sentiat
1397 2290 1515 2361 plus
1554 2291 1859 2344 timendum.
1936 2289 2267 2359 Perspicia'tm

320 2401 440 2452 ergo
481 2385 780 2453 diligenter:
833 2403 989 2455 quam
1038 2386 1333 2456 periculosa
1371 2403 1592 2455 quamve
1629 2386 1894 2439 timenda¹¹
1934 2386 2003 2438 sit
2040 2386 2267 2455 impera-

318 2480 454 2532 toria
490 2480 574 2533 vel
611 2482 757 2549 regia
786 2481 1039 2549 dignitas3
1079 2483 1134 2534 in
1166 2499 1268 2552 qua
1306 2482 1610 2553 paucissimi
1637 2482 1923 2550 salvantur,
1965 2485 2017 2535 et
2040 2481 2136 2549 illi,
2178 2483 2267 2550 qui

318 2572 430 2627 Deo
469 2576 750 2630 miserante
791 2577 856 2630 ad
895 2577 1118 2631 salutem
1156 2579 1397 2646 veniunt,
1438 2595 1542 2631 non
1583 2594 1745 2646 aeque
1783 2582 1842 2630 ut
1878 2577 2031 2630 multi
2069 2594 2266 2648 paupe-

318 2686 435 2722 rum
482 2670 671 2724 iudicio
722 2673 888 2726 sancti
937 2672 1193 2742 Spiritus⁰
1240 2674 1326 2727 in⁹
1374 2678 1557 2727 sancta
1605 2674 1820 2727 ecclesia
1869 2671 2262 2727 clarificanturq.

317 2765 367 2819 A
405 2766 588 2819 mundi
626 2767 790 2820 enim‘
816 2768 1074 2838 principio
1100 2786 1263 2838 usque
1302 2770 1368 2822 ad
1405 2770 1533 2823 haec
1570 2774 1751 2823 nostra
1787 2773 2027 2839 tempora
2062 2769 2118 2821 in
2154 2773 2267 2822 tota

318 2862 581 2916 autentica
607 2863 867 2932 scriptura
890 2880 996 2916 non
1020 2864 1314 2918 invenimus
1346 2870 1573 2935 septem⁸
1598 2866 1942 2935 imperatores
1968 2865 2075 2918 vel‘
2098 2881 2263 2932 regeS,

318 2950 538 3026 quorum
577 2957 687 3011 vita
725 2958 852 3011 adeo
891 2959 1048 3012 fuerit
1083 2959 1335 3027 religione
1361 2962 1674 3031 praecipua¹¹
1700 2965 1752 3014 et
1775 2961 1970 3014 virtute
1996 2960 2263 3027 signorum

316 3052 574 3122 decorata,
597 3054 731 3106 sicut
749 3054 1144 3108 innumerabilis
1157 3061 1175 3078 ⁹
1194 3055 1585 3109 multitudinisW
1606 3055 1799 3109 saeculi
1819 3059 2261 3125 contemptorum3

433 3182 465 3207 a.
492 3171 703 3208 innituntur
730 3172 765 3208 3.
869 3171 905 3207 b.
933 3171 1255 3218 ingemiscendum
1284 3174 1319 3209 3.
1424 3183 1456 3209 c.
1485 3173 1572 3220 quia
1597 3173 1635 3209 4.
1741 3172 1777 3209 d.
1803 3172 1975 3220 potentia
1995 3173 2030 3209 3.
2135 3184 2166 3209 0.
2196 3182 2262 3220 op—

314 3236 476 3283 primere
505 3237 539 3273 3.
669 3236 695 3273 f.
723 3237 881 3274 maxime
910 3238 944 3273 2.
1087 3249 1122 3284 g.
1149 3237 1367 3286 pertrahere
1397 3240 1432 3274 3.
1568 3237 1606 3274 h.
1636 3238 1737 3286 quod
1765 3239 1799 3274 3.
1930 3238 1955 3274 i.
1987 3237 2142 3285 cupiunt
2169 3239 2204 3274 2.
2227 3239 2262 3274 3.

313 3300 351 3336 k.
378 3300 524 3338 Deinde
551 3302 587 3339 4.
706 3302 732 3338 1.
761 3302 918 3339 dilatare
948 3304 982 3345 2.
1100 3315 1148 3339 m.
1175 3303 1409 3351 perspiciant
1435 3304 1472 3341 4.
1582 3316 1619 3341 11.
1646 3303 1792 3340 tumida
1819 3305 1855 3340 2.
1968 3314 2002 3340 o.
2030 3303 2198 3350 episcopi
2226 3304 2262 3340 3.

313 3376 351 3413 p.
384 3366 425 3403 in
458 3386 496 3391 ——
528 3367 688 3405 ecclesia
715 3384 782 3406 om.
809 3371 844 3406 2.
975 3380 1010 3417 q.
1045 3368 1299 3415 glorificantur
1325 3370 1361 3406 4.
1490 3380 1521 3406 r.
1555 3369 1670 3415 igitur
1705 3371 1740 3406 3.
1872 3380 1902 3405 s.
1939 3370 2083 3416 septem
2121 3369 2265 3405 addidi

315 3445 361 3467 ex
388 3433 424 3468 2.
447 3434 482 3469 3.
504 3433 541 3470 4.
570 3431 645 3479 (Cf.
673 3436 799 3479 infra.-
827 3446 849 3471 a
875 3435 1007 3472 mundi
1032 3434 1218 3482 principio
1245 3434 1466 3482 paucissimi
1490 3445 1598 3480 reges
1622 3435 1744 3471 sancti
1763 3431 2030 3482 reperiuntur).
2145 3435 2174 3470 t.
2201 3432 2263 3471 vel

315 3507 422 3543 reges
448 3512 517 3535 om.
536 3500 572 3536 2.
700 3511 737 3536 u.
772 3500 954 3547 religione
983 3501 1020 3537 et
1053 3500 1338 3548 praecipuarum
1364 3500 1543 3536 virtutum
1571 3500 1689 3547 signis
1717 3500 1894 3537 decorata
1920 3500 1956 3536 3.
2107 3511 2142 3537 v.
2176 3499 2259 3536 uni-

317 3561 473 3599 versans
499 3564 536 3600 4.
690 3577 735 3602 w.
762 3566 963 3604 multitudo
992 3568 1027 3603 2.

434 3634 474 3676 1.
507 3634 581 3678 Ps.
603 3635 674 3692 92,
695 3636 738 3680 4.
