2782 4198
339 907 452 950 1075

324 968 415 1015 Apr.
434 968 457 1004 9

494 275 600 328 190
1037 286 1312 327 GREGoRn
1346 286 1427 324 vn
1462 285 1727 325 Rnffls'rm
1762 286 1807 324 11
1832 286 1894 324 69.

489 399 540 460 Π
575 403 674 462 69.
710 405 980 459 Cuniberto
1003 407 1240 475 episcopo
1266 403 1583 456 Taurinensi
1597 405 1831 468 mandat,
1854 414 1913 456 ut
1931 421 2046 456 eum
2066 404 2347 456 Benedieto
2369 402 2439 456 II

711 502 892 554 abbate
929 500 986 554 S.
1015 500 1290 553 Michaelis
1323 498 1534 552 Clusino
1574 509 1667 552 aut
1695 517 1883 569 pacem
1905 499 2086 568 faciat
2122 510 2214 552 aut
2250 501 2333 551 die
2359 499 2427 551 11

709 596 1017 650 Novembris
1066 597 1137 648 ad
1183 615 1298 648 sese·
1335 598 1533 660 veniat,
1587 605 1739 664 atque
1786 605 1844 647 ut
1878 596 2086 647 interim
2122 597 2335 648 iniuriis
2373 597 2431 647 in

709 692 860 744 illum
897 692 1176 754 abstineam
1225 693 1366 761 quod
1410 693 1518 744 nisi
1538 691 1756 760 fecerit,
1795 690 1924 758 fore
1971 702 2029 744 ut
2063 693 2432 744 monasterium

710 787 948 840 eeclesiae
986 788 1256 840 Romanae
1293 788 1593 839 subiciatur.

638 895 918 964 Gregorius
958 898 1233 967 episcopus
1273 914 1451 950 servus
1492 913 1759 950 servorum
1786 895 1887 949 Dei
1925 895 2206 949 Cuniberto
2246 895 2430 949 Tauri-

488 993 638 1046 nensi
676 993 918 1063 episcopo
958 993 1181 1046 salutem
1219 996 1271 1046 et
1310 992 1649 1062 apostolicam
1687 992 2115 1046 benedictionem.

635 1088 895 1142 Decuerat
939 1091 991 1141 te
1037 1089 1198 1142 frater
1246 1088 1522 1141 karissime
1568 1104 1664 1158 pro
1713 1089 2032 1156 reverentia,
2083 1103 2240 1156 quam
2278 1085 2430 1140 beato

487 1183 642 1238 Petro
670 1183 1024 1254 apostolorum
1051 1184 1277 1254 principi
1305 1188 1356 1237 et
1379 1184 1630 1252 magistro
1656 1183 1965 1236 universalis
1987 1183 2235 1236 ecclesiae
2256 1181 2428 1251 debeS,

487 1280 758 1333 nobiscum
797 1280 955 1333 etiam
993 1296 1198 1333 servare
1236 1280 1489 1333 unitatem
1530 1283 1582 1333 et
1619 1279 1948 1333 concordiam
1982 1280 2038 1331 in
2062 1279 2270 1332 vinculo
2299 1278 2431 1332 cari-

487 1375 610 1428 tatis
651 1379 703 1429 et
739 1375 883 1446 pacis
900 1372 929 1443 ¹,
984 1379 1036 1428 et
1070 1375 1275 1429 labores
1313 1379 1546 1444 nostrOS,
1597 1378 1656 1428 ut
1692 1376 1748 1428 in
1787 1358 1994 1428 Christo
2031 1374 2343 1445 proficerent
2380 1378 2432 1428 et

486 1471 713 1524 fructum
751 1471 1010 1538 facerent,
1061 1471 1232 1524 saltim
1273 1472 1327 1540 in
1369 1471 1708 1524 attinentibus
1747 1471 1843 1524 tibi
1882 1475 1934 1524 et
1971 1475 2143 1524 tecum
2184 1471 2312 1523 actis
2349 1470 2430 1523 iu-

487 1583 609 1620 vare
645 1567 890 1634 negociis
953 1566 1147 1620 Verum
1186 1583 1213 1619 e
1252 1570 1448 1635 contra,
1488 1567 1626 1620 unde
1664 1584 1759 1620 nos
1797 1583 1894 1620 nec
1918 1567 2101 1619 mirari
2133 1583 2229 1620 nec
2256 1566 2430 1620 dolere

486 1662 613 1715 satis
652 1678 946 1731 possumuS,
987 1665 1039 1714 te
1063 1662 1424 1714 immemorem
1449 1666 1659 1715 nostrae
1678 1662 1976 1716 dilectionis
2008 1679 2039 1715 a
2062 1662 2211 1715 nobis
2239 1663 2430 1716 discre-

484 1774 610 1827 pare
650 1761 702 1810 et
739 1774 826 1825 ea,
875 1773 1008 1826 quae
1057 1757 1298 1825 colligere
1345 1757 1667 1826 laboramus,
1718 1758 1860 1810 omni
1897 1761 2086 1810 conatu
2126 1758 2192 1811 ad
2230 1759 2430 1828 disper-

484 1852 709 1921 gendum
747 1852 1004 1920 insistere,
1046 1852 1242 1906 clamor
1279 1853 1504 1906 fratrum
1542 1853 1847 1906 monasterii
1886 1853 2053 1906 sancti
2078 1851 2429 1922 Michahelis²,

483 1949 643 2002 immo
670 1948 947 2018 multiplex
975 1949 1232 2017 angustia,
1275 1946 1435 2018 quam
1456 1949 1742 2002 multorum
1766 1949 2105 2002 relationibus
2132 1954 2184 2003 te
2209 1950 2431 2004 faciente

485 2061 571 2098 eos
610 2045 722 2114 pati
762 2045 1072 2113 audivimUS,
1112 2046 1391 2098 manifesta
1427 2044 1577 2098 nobis
1616 2045 1810 2098 indicia
1838 2046 2068 2115 praebet.
2130 2045 2431 2100 Meminisse

484 2140 620 2194 enim
662 2140 833 2208 debeS,
877 2145 1001 2209 quot
1039 2144 1091 2195 et
1129 2145 1323 2208 quanta
1361 2141 1602 2193 dominus
1643 2145 1694 2194 et
1729 2145 2022 2194 antecessor
2046 2147 2222 2195 noster
2250 2141 2430 2196 beatae

483 2236 764 2289 memoriae
802 2236 1105 2289 Alexander
1141 2253 1282 2306 papa
1320 2240 1372 2290 et
1408 2253 1503 2289 nos
1541 2237 1661 2306 ipsi,
1709 2253 1826 2289 cum
1862 2237 2145 2291 novissime
2183 2238 2431 2307 apostoli-

485 2347 600 2384 cam
639 2330 816 2384 sedem
855 2334 907 2383 et
943 2332 1295 2400 praesentiam
1333 2336 1567 2385 nostram
1604 2332 1889 2399 visitasseS,
1930 2332 1992 2386 de
2030 2350 2157 2402 pace
2198 2337 2249 2386 et
2284 2338 2429 2387 tran-

486 2426 741 2495 quillitate
790 2426 1021 2479 eiusdem
1068 2427 1374 2480 monasterii
1422 2443 1539 2480 cum
1586 2431 1677 2480 tua
1719 2427 2045 2482 fraternitate
2085 2429 2311 2496 egimus:
2362 2447 2428 2483 ne

486 2521 738 2589 diaboluS,
779 2539 1045 2575 servorum
1071 2522 1171 2576 Dei
1198 2522 1355 2575 saluti
1381 2539 1585 2591 semper
1610 2523 1848 2576 invidens
1877 2528 1928 2576 et
1953 2525 2130 2593 quieti,
2169 2542 2428 2578 venenum

486 2634 609 2670 suae
646 2617 908 2687 nequitiae
950 2617 1123 2686 aliqua
1162 2618 1430 2671 occasione
1476 2618 1551 2670 ibi
1596 2623 1774 2688 posset
1810 2619 2083 2673 infundere
2124 2625 2174 2674 et
2214 2621 2427 2675 devotas

486 2714 685 2766 animas
727 2714 790 2767 ab
831 2714 1041 2767 assidua
1080 2715 1373 2767 orationum
1414 2717 1465 2767 et
1492 2714 1653 2767 divini
1677 2715 1959 2768 famulatus
1986 2716 2323 2770 meditatione
2350 2717 2428 2771 di-

482 2809 688 2863 vellere.
731 2808 843 2872 Qua
869 2810 931 2863 de
957 2827 1014 2863 re
1039 2810 1163 2863 licet
1186 2810 1335 2863 nobis
1364 2809 1558 2879 optime
1583 2811 1886 2880 promiseris
1909 2841 1975 2848 —-
1995 2812 2238 2866 videlicet
2259 2817 2311 2866 te
2339 2817 2428 2866 aut

484 2909 863 2975 competentem
904 2905 967 2958 de
1007 2906 1247 2959 omnibus
1287 2922 1403 2958 cum
1445 2902 1656 2959 abbate³
1694 2923 1876 2976 pacem
1916 2908 2176 2961 facturum
2216 2912 2331 2975 aut,
2381 2908 2427 2960 si

482 3001 538 3054 id
575 2999 689 3054 fieri
725 3018 830 3054 non
869 3005 1072 3071 posset,
1126 3001 1236 3054 sine
1285 3001 1426 3054 omni
1463 3001 1702 3055 laesione·
1730 3004 2034 3056 monasterii
2073 3004 2139 3056 ad
2175 3004 2425 3056 iudicium

485 3097 799 3167 apostolicae
827 3097 1163 3151 discussionis
1190 3108 1301 3150 rem
1329 3097 1495 3149 denuo
1524 3097 1816 3150 delaturum
1837 3128 1906 3134 —
1929 3103 2119 3167 tamen,
2147 3103 2423 3168 postquam

484 3209 515 3246 a
550 3193 700 3247 nobis
741 3193 1048 3261 discessisti,
1088 3192 1251 3245 multo
1292 3192 1525 3261 asperior
1564 3196 1718 3260 atque
1758 3193 2014 3246 crudelior
2053 3199 2233 3247 contra
2269 3212 2424 3249 vene-

481 3289 701 3342 rabilem
737 3289 907 3342 locum
948 3289 1120 3357 illum,
1171 3305 1327 3357 quam
1375 3291 1528 3340 antea
1571 3288 1773 3355 fueraS,
1821 3292 1978 3357 prout
2013 3289 2162 3342 nobis
2199 3290 2424 3344 relatum

483 3388 577 3452 est,
619 3385 840 3438 extitisti
880 3389 946 3453 et,
989 3385 1127 3454 quod
1166 3384 1231 3437 ad
1270 3384 1638 3437 detrimentum
1674 3384 1782 3436 eius
1807 3384 1957 3452 foret,
1996 3400 2101 3437 non
2128 3385 2295 3438 solum
2335 3404 2423 3440 ex—

482 3479 662 3532 teriori
687 3480 991 3534 fortitudine
1018 3480 1109 3533 sed
1136 3479 1419 3550 episcopali
1445 3479 1604 3533 etiam
1630 3479 1950 3532 districtione
1978 3480 2147 3534 dicere
2177 3485 2228 3534 et
2252 3482 2423 3536 facere

481 3590 587 3628 non
625 3577 921 3645 pepercisti.
979 3576 1128 3630 Unde
1166 3593 1271 3629 non
1296 3593 1485 3646 parum
1513 3575 1788 3628 adversum
1815 3579 1866 3628 te
1894 3577 2138 3630 commoti
2165 3594 2276 3631 esse
2302 3595 2423 3648 pos-

599 3669 639 3712 1.
672 3668 837 3724 Ephes.
858 3669 900 3726 4,
923 3670 965 3713 3.
1085 3671 1126 3714 2.
1160 3668 1345 3714 Clusini.
1494 3670 1535 3713 2.
1566 3669 1815 3713 Benedicto
1845 3669 1903 3713 H.
