2722 4172
767 271 1041 310 GREGORH
1077 273 1157 310 vn
1191 260 1455 310 REGISTRI
1490 273 1512 308 1
1538 271 1600 308 44.
1627 269 1689 308 45.
2123 258 2193 311 63

257 388 508 444 subtrahi.
565 388 940 443 Ammonemus
986 389 1146 458 igitur
1194 394 1246 443 et
1283 406 1349 443 ex
1384 392 1534 459 parte
1574 387 1926 459 apostolorum
1961 386 2105 441 Petri
2143 394 2195 442 et

256 483 408 540 Pauli
455 488 507 539 et
541 489 722 539 nostra
766 502 861 556 per
899 503 986 540 eos
1025 485 1309 556 apostolica
1344 485 1442 538 tibi
1480 485 1787 538 auctoritate
1824 484 2191 555 praecipimuS,

256 585 332 651 ut,
374 581 532 635 nullis
570 582 988 636 excusationibus
1029 582 1317 636 absentiam
1353 584 1497 634 tuam
1535 581 1753 635 ulterius
1793 580 2096 650 defendenS,
2136 581 2193 634 in

254 677 416 731 ramis
470 677 766 749 palmarum
781 675 794 700 ¹
841 678 1126 749 apostolica
1182 678 1325 731 adire
1380 677 1563 730 limina
1617 694 1724 731 non
1777 677 2190 748 praetermittas;

254 789 586 844 cognoscem,
613 774 830 828 fratrem
852 779 999 828 tuum
1029 791 1059 828 a
1082 773 1230 827 nobis
1258 790 1369 827 esse
1395 774 1791 827 commonitum:
1829 778 1888 827 ut
1910 773 2193 828 Iohannem

255 869 614 926 Moravensem
654 851 955 942 episcopum
982 869 1174 924 *itidem
1214 870 1280 922 ad
1317 886 1412 923 nos
1448 870 1626 923 venire
1665 875 1992 924 commoneat
2037 874 2090 924 et
2127 888 2191 924 ex

256 985 352 1022 sua
387 972 537 1039 parte
574 967 707 1022 tales
747 967 813 1021 ad
850 983 944 1020 nos
981 966 1199 1020 nuncios
1238 966 1445 1035 dirigat,
1487 967 1674 1036 quibus
1711 967 1768 1020 in
1804 971 1985 1021 nostra
2023 968 2191 1038 possi-

254 1082 371 1119 mus
397 1065 782 1119 examinatione
806 1061 1030 1116 diffinire
1056 1063 1464 1116 dissensionum⁶
1491 1079 1689 1117 causas,
1828 1063 2043 1118 Interim
2067 1081 2190 1118 vero

254 1161 319 1216 de
353 1160 767 1232 possessionibus
804 1159 1126 1213 Moravensis
1165 1159 1493 1230 episcopatus
1537 1160 1669 1213 nihil
1705 1164 1757 1214 te
1793 1164 2007 1229 tangere
2045 1160 2191 1215 volu-

253 1274 369 1311 mus
408 1261 460 1311 et
493 1257 868 1328 praecipimuS,
907 1273 973 1310 ne
1012 1259 1064 1309 et
1099 1256 1213 1326 ipse
1252 1255 1428 1326 aliqua
1463 1256 1822 1310 molestiarum
1860 1259 2191 1312 excusatione

251 1353 597 1424 praesentiam
647 1370 797 1406 suam
843 1353 1141 1423 conspectui
1183 1357 1362 1406 nostro
1402 1353 1687 1407 subtrahat.
1837 1354 2191 1426 Prescriptum

250 1465 374 1503 vero
410 1449 692 1503 terminum
731 1449 983 1504 adventus
1030 1450 1108 1502 tui
1156 1453 1213 1503 tu
1249 1450 1363 1520 ipse
1400 1450 1477 1503 ita
1513 1455 1717 1505 mature
1754 1451 1907 1506 fratri
1943 1455 2032 1506 tuo
2073 1452 2190 1506 duci

180 1561 182 1563 ·
248 1545 479 1600 indicare
516 1550 720 1615 curato,
765 1550 825 1599 ut
858 1545 1220 1600 Moravensem
1258 1547 1559 1618 episcopum
1603 1552 1655 1601 et
1693 1565 1812 1602 suos
1850 1548 2048 1617 legatos
2085 1566 2191 1603 una

247 1644 420 1695 tecum
458 1642 526 1695 ad
563 1642 899 1713 apostolicam
939 1643 1115 1697 sedem
1153 1643 1378 1712 dirigere
1401 1644 1583 1714 possit.
1642 1645 1781 1699 Data
1804 1644 1998 1700 Romae
2025 1647 2058 1700 2
2085 1645 2189 1700 Ka-

247 1737 428 1793 lendas
464 1737 752 1808 Februarii,
790 1740 1072 1795 indictione
1115 1743 1196 1794 12.

248 1910 274 1972 Ῑ
304 1915 408 1973 45.
451 1918 731 1972 Wratizlao
759 1918 830 1970 II
859 1920 983 1971 duci
1005 1919 1288 1972 Bohemz'ae
1312 1921 1543 1985 mandat,
1585 1930 1644 1972 ut
1667 1920 1919 1973 Ieromiro
1947 1924 2185 1992 episcopo

450 2015 735 2086 Prayensi,
779 2015 1003 2068 Romam
1038 2027 1242 2082 vocato,
1295 2019 1468 2069 omnia
1505 2036 1609 2087 per
1646 2017 1838 2087 leyatos
1877 2019 2186 2088 apostolicos

450 2113 691 2182 adempta
726 2114 975 2165 restituat.
1035 2114 1229 2180 Monet,
1269 2124 1328 2167 ut
1351 2132 1467 2166 cum
1495 2115 1667 2167 eodem
1698 2114 1922 2167 Romam
1959 2116 2040 2168 vel
2074 2118 2187 2186 ipse

449 2208 604 2261 adeat
637 2208 719 2261 vel
755 2211 1052 2279 episcopum
1088 2210 1447 2263 Moravensem
1487 2211 1779 2281 leyatosque
1814 2214 1996 2265 mittat.

393 2315 674 2386 Gregorius
725 2319 998 2390 episcopus
1047 2336 1226 2374 servus
1274 2337 1542 2374 servorum
1579 2320 1680 2375 Dei
1714 2319 2026 2377 Wratizlao'
2065 2324 2184 2379 duci

243 2412 576 2469 Boemiorum
613 2414 834 2468 salutem
873 2420 925 2469 et
964 2416 1303 2487 apostolicam
1340 2417 1767 2472 benedictionem.

390 2509 575 2565 Frater
609 2515 730 2565 tuus
767 2512 1045 2567 Ieromirus
1082 2513 1360 2582 Bragensis
1400 2515 1672 2586 episcopus
1711 2517 2068 2587 conqueritur,
2110 2535 2182 2587 se,

246 2605 565 2676 expoliatum
615 2608 862 2663 ecclesiae
911 2627 1035 2664 suae
1085 2610 1266 2681 rebus,
1322 2611 1502 2682 inopia
1547 2629 1723 2666 rerum
1770 2614 2182 2668 necessariarum

243 2718 341 2772 pro
378 2703 642 2757 reddenda
676 2705 877 2760 ratione
916 2723 1123 2777 eorum,
1164 2724 1296 2777 quae
1335 2708 1434 2763 sibi
1472 2709 1828 2779 intenduntur,
1870 2711 1935 2764 ad
1975 2715 2182 2782 aposto-

242 2797 399 2853 licam
448 2800 625 2854 sedem
667 2802 844 2855 venire
891 2819 996 2856 non
1041 2821 1210 2875 posse.
1289 2804 1437 2869 Quod
1485 2822 1800 2876 quamquam
1847 2807 1957 2861 eius
2004 2808 2182 2863 inobe-

244 2895 441 2950 dientia
478 2901 531 2950 et
565 2897 924 2966 tergiversatio
962 2899 1112 2954 valde
1148 2902 1518 2971 promeruerit,
1565 2907 1766 2972 tamen,
1815 2921 1881 2957 ne
1919 2904 2053 2959 hanc
2091 2906 2181 2960 ab·

243 2993 546 3069 sentationis
594 3011 718 3047 suae
756 2995 1078 3049 occasionem
1123 2998 1463 3067 praetendere
1505 3000 1699 3070 possit,
1748 3000 1985 3055 volumus
2026 3005 2180 3071 atque

240 3090 589 3161 praecipimus
602 3132 617 3159 ,
673 3095 733 3144 ut
784 3091 840 3144 in
887 3091 1147 3159 integrum
1197 3094 1296 3148 sibi
1339 3096 1682 3149 restituantur
1696 3138 1710 3165 ,
1769 3113 2103 3167 quaecunque
2149 3115 2180 3152 a

239 3185 424 3255 legatis
461 3188 672 3256 nostriS,
710 3186 975 3242 Bernardo
1002 3188 1242 3243 videlicet
1271 3194 1323 3244 et
1348 3189 1613 3261 GregoriO,
1650 3197 1860 3263 praeter
1885 3194 2178 3264 episcopale

241 3281 469 3337 officium
505 3284 788 3357 interdicta*
821 3289 958 3354 sunt,
1000 3288 1052 3339 et
1087 3290 1295 3355 praeter
1327 3305 1402 3357 ea,
1441 3305 1538 3359 pro
1578 3289 1763 3357 quibus
1787 3289 2041 3344 Iohannes
2065 3290 2178 3345 Mo-

239 3380 472 3434 ravensis
511 3398 668 3452 super
697 3399 815 3436 eum
853 3382 1046 3436 clamat
1083 3382 1371 3454 episcopus,
1431 3384 1544 3448 Qua
1579 3385 1636 3438 in
1673 3403 1730 3439 re
1767 3390 1913 3439 tuam
1948 3388 2177 3443 maxime

242 3475 578 3531 admonemus
613 3478 971 3549 prudentiam,
1020 3482 1079 3532 ut
1117 3479 1180 3534 de
1218 3481 1476 3535 consuetis
1516 3481 1728 3537 decimis
1767 3483 1852 3538 vel
1886 3485 2176 3540 redditibus

354 3613 386 3639 a.
415 3602 690 3641 dissensionum
717 3616 848 3643 causas
877 3606 1032 3643 addidit
1057 3620 1187 3644 manus
1217 3608 1309 3644 alia.

356 3683 397 3725 1.
428 3680 537 3739 Apr.
562 3684 630 3727 13.
780 3686 821 3728 2.
853 3685 909 3729 H.

2241 394 2356 438 1074

2220 454 2297 491 Ian.
2320 456 2367 493 31

2231 2331 2347 2375 1074

2210 2391 2287 2430 Ian.
2310 2394 2359 2430 31
