2782 4198
384 409 498 453 1076

368 469 472 518 Sept.
492 470 515 507 3

544 271 652 325 246
1088 280 1362 321 GREGORH
1401 282 1479 319 vn
1515 280 1780 319 REGISTm
1816 282 1873 318 1v
1901 281 1937 318 3.

545 401 898 469 sericordiam,
930 416 1062 469 quae
1088 397 1255 451 multa
1279 397 1418 452 delet
1446 396 1658 466 scelera,
1690 397 1990 452 ostendatis.
2048 397 2249 468 Estote,
2277 416 2485 469 quaeSO,

543 514 800 552 memores
838 497 1096 549 humanae
1135 493 1446 547 conditionis
1486 496 1537 546 et
1576 494 1863 547 communis
1895 494 2221 563 fragilitatis3
2261 511 2357 549 nec
2393 513 2486 550 vos

544 596 838 665 praetereat
862 592 951 662 pia
976 594 1028 644 et
1052 589 1241 644 nobilis
1267 590 1521 644 memoria
1543 589 1711 660 patris
1738 589 1848 642 eius
1875 594 1927 644 et
1945 592 2146 659 matriS,
2175 591 2360 659 quibus
2382 608 2488 646 non

544 693 764 760 possunt
799 690 981 741 nostra
1019 690 1188 741 aetate
1229 687 1294 740 ad
1331 686 1540 757 imperii
1578 685 1929 753 gubernacula
1964 686 2190 739 inveniri
2226 687 2484 757 aequales,

693 783 779 838 Sic
815 787 991 837 tamen
1031 782 1270 836 adhibete
1295 782 1596 836 vulneribus
1629 781 1739 835 eius
1767 780 1938 834 oleum
1968 782 2203 851 pietatis:
2243 799 2326 852 ne,
2364 783 2487 837 vino

545 879 851 950 disciplinae
898 878 1160 947 neglecte,
1210 879 1478 932 cicatrices
1526 878 1637 931 eius
1675 877 1732 930 in
1770 877 1920 947 peius
1961 877 2099 946 quod
2137 878 2274 932 absit
2308 882 2488 949 putre—

545 980 693 1030 scant
740 979 791 1029 et
834 974 999 1028 honor
1044 978 1253 1029 sanctae
1293 974 1540 1028 ecclesiae
1576 973 1900 1042 Romanique
1936 973 2146 1044 imperii
2182 978 2362 1028 nostra
2397 992 2488 1029 ne—

544 1071 795 1140 gligentia
831 1087 1052 1139 magnae
1089 1071 1272 1124 ruinae
1308 1074 1558 1141 patescat.
1617 1068 1807 1122 Procul
1834 1069 1898 1123 ab
1925 1087 1985 1123 eo
2011 1069 2162 1140 pravi
2186 1087 2489 1124 removean-

544 1172 630 1220 tur
668 1166 978 1235 consiliarii,
1027 1167 1142 1236 qui,
1191 1184 1287 1237 pro
1327 1167 1627 1237 symoniaca
1663 1165 1835 1219 heresi
1873 1166 2333 1235 excommunicati,
2383 1184 2488 1222 non

546 1263 863 1317 erubuerunt
909 1262 1179 1316 dominum
1225 1280 1375 1316 suum
1424 1263 1641 1334 propria
1684 1261 1834 1332 lepra
1878 1262 2234 1316 contaminare
2274 1267 2348 1331 61,
2395 1280 2490 1334 per

545 1359 752 1412 diversa
790 1358 1011 1412 crimina
1048 1375 1167 1412 eum
1206 1359 1523 1427 seducendo,
1574 1359 1639 1412 ad
1678 1358 2016 1412 scindendum
2056 1363 2290 1412 sanctam
2329 1359 2490 1414 eccle-

545 1455 676 1508 siam
722 1470 1007 1524 provocare
1056 1457 1108 1507 et
1152 1454 1209 1507 in
1245 1455 1380 1508 iram
1419 1455 1521 1508 Dei
1559 1459 1611 1509 et
1648 1455 1816 1508 sancti
1852 1453 1997 1508 Petri
2033 1455 2319 1525 impellere.
2379 1455 2490 1510 Ad-

543 1550 820 1603 hibeantur
856 1549 936 1602 illi
973 1549 1105 1603 tales
1143 1550 1444 1619 consiliarii,
1486 1551 1575 1619 qui
1611 1567 1718 1603 non
1757 1567 1852 1603 sua
1876 1554 2082 1604 tantum
2108 1550 2200 1604 sed
2226 1568 2346 1605 eum
2371 1551 2490 1605 dili·

543 1650 670 1714 gant
726 1649 778 1698 et
835 1644 1058 1698 seculari
1102 1644 1248 1699 lucro
1295 1663 1391 1716 per
1440 1647 1616 1699 omnia
1660 1646 1832 1699 Deum
1879 1650 2220 1716 praeponant.
2371 1646 2490 1700 Non

542 1741 682 1794 ultra
726 1745 878 1811 putet
923 1744 1160 1794 sanctam
1208 1741 1480 1795 ecclesiam
1520 1741 1619 1795 sibi
1658 1741 1946 1795 subiectam
1982 1746 2042 1796 ut
2078 1741 2348 1810 ancillam,
2399 1743 2493 1797 sed

541 1836 834 1908 praelatam
870 1840 930 1890 ut
967 1837 1249 1890 dominam.
1308 1837 1426 1891 Non
1463 1836 1675 1891 inflatus
1715 1837 1905 1906 spiritu
1945 1837 2184 1891 elationis
2217 1842 2491 1892 consuetu-

544 1933 691 1986 dines
730 1932 1021 2003 superbiae,
1062 1937 1244 1987 contra
1270 1933 1568 1987 libertatem
1595 1937 1806 1987 sanctae
1833 1933 2081 1987 ecclesiae
2105 1934 2363 2003 inventaS,
2403 1934 2492 1989 de-

542 2029 746 2096 fendat3
796 2029 889 2083 sed
938 2029 1178 2083 observet
1226 2033 1524 2083 sanctorum
1574 2034 1783 2100 patrum
1832 2029 2149 2099 doctrinam,
2200 2046 2357 2099 quam
2395 2047 2490 2100 pro

543 2126 710 2180 salute
747 2129 928 2180 nostra
966 2142 1053 2179 eos
1093 2125 1268 2179 docuit
1303 2129 1536 2196 potestas
1576 2126 1767 2179 divina.

691 2221 887 2286 Quodsi
924 2221 988 2274 de
1021 2221 1103 2275 his
1131 2225 1184 2275 et
1210 2221 1325 2275 aliis
1351 2222 1465 2275 iure
1493 2221 1558 2275 ab
1585 2238 1644 2276 eo
1673 2221 1941 2289 exigendis
1966 2237 2061 2275 nos
2088 2237 2296 2274 securos
2322 2222 2492 2276 modis

544 2318 730 2387 quibus
779 2321 986 2387 oportet
1029 2317 1341 2386 reddiderit,
1392 2318 1572 2370 statim
1618 2317 1858 2371 volumus
1905 2334 2000 2387 per
2037 2320 2238 2370 vestros
2276 2316 2491 2371 idoneos

542 2414 741 2482 legatos
791 2413 854 2466 de
894 2413 1133 2467 omnibus
1172 2413 1472 2482 informari,
1521 2416 1605 2481 ut,
1655 2413 1778 2482 quid
1818 2412 2004 2466 debeat
2040 2411 2175 2481 fieri,
2229 2414 2492 2468 communi

545 2509 760 2564 consilio
787 2508 900 2562 Deo
940 2508 1206 2578 aspirante
1241 2508 1414 2562 valeat
1438 2508 1678 2562 inveniri.
1793 2508 1929 2562 Illud
1956 2513 2129 2563 autem
2154 2509 2292 2563 inter
2317 2509 2493 2563 omnia

546 2622 612 2659 ex
650 2608 800 2675 parte
838 2604 979 2658 beati
1002 2603 1146 2658 Petri
1182 2605 1568 2658 interdicimus:
1607 2608 1668 2658 ut
1703 2604 1876 2658 nullus
1914 2609 2147 2660 vestrum
2187 2622 2306 2659 eum
2340 2622 2493 2676 prae-

547 2704 719 2755 sumat
746 2700 809 2754 ab
837 2699 1372 2754 excommunicatione
1409 2700 1693 2769 absolvere,
1735 2717 1834 2769 quo
1861 2718 2042 2770 usque,
2083 2701 2157 2756 eis
2185 2718 2316 2771 quae
2339 2718 2492 2772 prae-

546 2797 775 2850 diximus
813 2796 963 2850 nobis
1001 2796 1262 2865 indicatis,
1304 2796 1619 2867 apostolicae
1659 2797 1796 2851 sedis
1832 2814 2143 2851 consensum
2169 2801 2221 2851 et
2244 2798 2492 2851 iteratum

545 2909 856 2963 responsum
901 2892 1185 2961 recipiatis.
1243 2892 1324 2946 De
1370 2893 1697 2947 diversorum
1746 2893 1956 2962 quidem
2002 2894 2222 2947 diversis
2261 2892 2490 2946 consiliis

547 2988 868 3055 dubitamus3
898 2993 950 3042 et
973 2988 1256 3041 humanam
1289 2989 1514 3057 gratiam
1539 2989 1623 3043 vel
1646 2989 1889 3043 timorem
1914 2989 2197 3060 suspicioni
2222 2988 2488 3042 habemus.

693 3084 888 3148 Quodsi
926 3084 1252 3153 exigentibus
1292 3085 1575 3139 multorum
1612 3086 1865 3156 peccatis,
1915 3085 2052 3154 quod
2087 3100 2193 3137 non
2231 3087 2489 3153 optamus,

548 3197 611 3233 ex
658 3180 811 3234 corde
849 3197 955 3234 non
991 3181 1149 3234 fuerit
1188 3181 1255 3234 ad
1291 3180 1463 3235 Deum
1502 3198 1806 3249 conversuS,
1853 3180 1975 3234 talis
2014 3179 2080 3232 ad
2116 3179 2266 3246 regni
2302 3179 2491 3246 guber-

546 3275 734 3328 nacula
770 3274 882 3330 Deo
920 3276 1128 3330 favente
1164 3276 1487 3344 inveniatur,
1529 3278 1619 3346 qui
1657 3294 1719 3331 ea
1756 3294 1888 3346 quae
1923 3274 2279 3346 praediximus
2319 3279 2372 3328 et
2407 3292 2492 3330 ce-

546 3373 676 3438 tera,
724 3387 856 3439 quae
893 3372 1137 3426 videntur
1175 3372 1489 3426 christianae
1525 3372 1768 3440 religioni
1805 3375 1857 3425 et
1891 3371 2050 3424 totius
2087 3371 2297 3440 imperii
2335 3371 2492 3425 saluti

547 3467 866 3534 necessaria,
925 3484 980 3521 se
1027 3472 1172 3522 certa
1217 3484 1278 3521 ac
1323 3467 1656 3522 indubitabili
1702 3466 2048 3537 promissione
2094 3465 2490 3520 observaturum

547 3561 837 3628 promittat.
972 3562 1044 3616 Ut
1069 3567 1245 3616 autem
1268 3567 1498 3617 vestram
1525 3563 1827 3617 electionem
1854 3591 1922 3598 —
1952 3562 1997 3614 si
2021 3561 2173 3615 valde
2201 3566 2406 3632 oportet
2433 3566 2493 3616 ut

548 3652 641 3707 fiat
679 3685 745 3691 —
781 3657 1066 3725 apostolica
1104 3659 1412 3712 auctoritate
1448 3657 1739 3726 firmemuS,
1789 3661 1842 3711 et
1874 3674 2064 3711 novam
2111 3657 2491 3712 ordinationem
