2722 4172
462 299 532 352 28
1015 311 1287 351 GREGORII
1321 312 1400 348 vn
1437 310 1700 350 REGISTRI
1735 313 1757 349 1
1783 311 1844 349 16.

460 424 486 487 Ῑ
524 430 620 487 16.
668 429 948 486 Giraldum
986 433 1280 501 episcopum
1310 429 1592 483 Ostiensem
1625 430 1965 500 reprehendit,
2008 432 2148 502 quod
2174 442 2394 502 peracta

660 531 718 581 in
756 528 1033 598 Hispaniis
1071 527 1269 596 synodo
1309 526 1381 578 ad
1416 544 1522 578 sese
1557 545 1649 578 nec
1685 527 1900 580 redierit
1934 546 2026 580 nec
2063 530 2258 581 socium
2293 530 2392 580 mi-

662 627 798 677 serit.
861 623 1058 677 Scribit
1101 623 1163 674 de
1217 619 1493 676 Guilielmo
1541 623 1926 693 archiepiscopo
1969 623 2247 677 Ausciensi
2289 642 2394 678 non

662 721 923 772 deiciendo
965 729 1011 771 et
1047 719 1109 770 de
1146 719 1339 771 Pontio
1381 721 1618 788 episcopo
1657 719 1999 789 Biyorritcmo
2037 722 2362 774 restituendo,

313 818 428 915 {¹372}
606 813 886 882 Gregorius
935 813 1207 884 episcopus
1255 831 1434 868 servus
1473 831 1741 867 servorum
1777 813 1879 867 Dei
1916 812 2127 868 Giral'do
2167 814 2394 870 Ostiensi

459 911 701 981 episcopo
742 910 963 964 salutem
1003 913 1053 964 et
1093 910 1430 980 apostolicam
1466 910 1893 965 benedictionem.

604 1006 857 1060 Miramur
896 1009 947 1060 et
983 1005 1206 1059 multum
1233 1008 1376 1060 anxii
1403 1024 1596 1075 sumuS,
1637 1005 1774 1076 quod
1800 1036 1870 1044 -
1899 1022 2017 1060 cum
2042 1022 2247 1076 semper
2272 1022 2393 1060 con-

457 1107 660 1158 suetum
700 1107 751 1157 et
775 1102 925 1156 valde
950 1103 1304 1156 necessarium
1329 1104 1502 1172 fuerit,
1543 1106 1617 1172 ut,
1657 1103 1702 1156 si
1729 1103 1934 1172 quando
1959 1101 2160 1170 legatus
2187 1106 2393 1173 aposto-

454 1200 585 1254 licae
623 1200 760 1253 sedis
799 1198 1074 1253 concilium
1112 1199 1167 1252 in
1205 1200 1418 1253 remotis
1454 1199 1690 1270 partibus
1717 1199 2070 1267 celebraverit,
2110 1199 2222 1253 sine
2246 1215 2396 1252 mora

457 1297 523 1350 ad
562 1296 983 1350 annunciandum
1013 1296 1189 1349 omnia
1227 1313 1357 1365 quae
1398 1297 1588 1364 egisset
1623 1299 1970 1350 reverteretur
1997 1325 2065 1332 —
2092 1298 2185 1348 tua
2207 1295 2392 1349 frater-

454 1394 591 1447 nitas
617 1397 738 1464 post
762 1396 1028 1463 peractam
1059 1392 1329 1463 synodum,
1368 1393 1424 1446 in
1451 1410 1553 1462 qua
1578 1396 1656 1446 tot
1680 1392 1895 1460 negocia
1921 1394 2259 1460 emerserunt,
2296 1407 2394 1445 nec

456 1490 522 1543 ad
559 1507 654 1543 nos
693 1490 850 1543 rediit
874 1505 970 1543 nec
1000 1506 1134 1558 eum,
1177 1490 1264 1558 qui
1291 1506 1465 1543 secum
1493 1493 1586 1558 est,
1627 1488 1952 1542 considerata
1975 1487 2059 1542 vel
2082 1488 2392 1542 necessitate

453 1586 536 1640 vel
561 1590 741 1640 nostra
768 1586 1144 1656 expectatione,
1170 1585 1387 1639 remisit.
1446 1585 1607 1639 Nobis
1635 1585 1874 1655 equidem
1901 1588 2107 1652 gratum
2134 1587 2227 1651 est,
2257 1583 2394 1652 quod

453 1700 548 1754 pro
586 1683 815 1751 negociis
855 1685 1064 1736 sanctae
1101 1681 1364 1735 Romanae
1408 1681 1654 1735 ecclesiae
1701 1682 1758 1734 in
1794 1680 2092 1751 Hyspanias
2129 1679 2392 1750 profectus

455 1797 533 1846 es3
576 1779 667 1833 sed
707 1779 955 1832 debuerat
993 1778 1272 1848 prudentia
1306 1781 1398 1830 tua
1424 1781 1513 1831 aut
1537 1777 1702 1846 illum,
1743 1794 1897 1846 quem
1921 1777 2018 1830 tibi
2044 1776 2391 1845 adiunximuS,

455 1880 545 1930 aut
583 1875 825 1945 aliquem,
867 1875 954 1944 qui
994 1874 1189 1944 synodo
1227 1874 1550 1927 interfuisset
1580 1873 1769 1943 quique
1795 1874 1970 1927 omnia
1992 1873 2104 1926 vice
2129 1877 2220 1926 tua
2242 1872 2392 1927 nobis

453 1971 834 2026 rationabiliter
883 1971 1127 2041 expedire
1168 1970 1347 2039 sciret,
1383 1970 1453 2023 ad
1490 1987 1585 2023 nos
1626 1969 1903 2023 direxisse:
1955 1969 2225 2039 quatinuS,
2273 1986 2393 2040 per-

454 2069 644 2140 spectis
685 2067 940 2134 omnibUS,
982 2065 1335 2121 confirmanda
1372 2065 1794 2120 confirmaremus
1834 2069 1900 2134 et,
1942 2066 1985 2119 si
2015 2083 2118 2134 qua
2141 2065 2394 2119 mutanda

451 2165 778 2233 viderentur,
829 2164 1054 2218 discreta
1099 2164 1300 2218 ratione
1347 2167 1683 2217 mutaremus.
1748 2161 1896 2216 Licet
1934 2162 2068 2216 enim
2109 2163 2165 2216 in
2201 2162 2392 2216 litteris

451 2263 556 2317 tuis
585 2262 759 2331 aliqua
783 2261 932 2315 nobis
959 2265 1222 2330 gestorum
1247 2264 1455 2313 tuorum
1479 2260 1666 2313 notitia
1692 2259 2009 2330 apparuerit,
2044 2258 2190 2312 vobis
2215 2262 2391 2312 tamen

453 2359 752 2413 absentibus
789 2374 885 2412 nec
925 2358 1113 2427 aliquo,
1155 2357 1243 2426 qui
1280 2373 1375 2426 pro
1413 2356 1560 2409 vobis
1597 2359 1739 2409 certa
1765 2372 1942 2410 eorum
1968 2372 2099 2424 quae
2124 2355 2314 2408 viderit
2340 2358 2392 2409 et

454 2456 677 2509 audierit
704 2455 988 2508 assertione
1023 2453 1351 2524 respondeat,
1376 2454 1432 2506 in
1456 2453 1871 2523 praesentiarum
1895 2452 2083 2522 positO,
2109 2451 2389 2521 plerisque,

454 2568 674 2621 quorum
714 2550 804 2604 alii
839 2551 1031 2604 iniuste
1069 2567 1125 2604 se
1165 2549 1635 2603 excommunicatos
1675 2548 1764 2601 alii
1799 2547 2093 2601 inordinate
2127 2547 2390 2618 depositos

454 2647 544 2701 alii
581 2647 844 2700 immerito
871 2647 1174 2700 interdictos
1202 2649 1601 2715 conqueruntur,
1639 2644 1954 2714 respondere
1980 2660 2254 2698 causarum
2280 2661 2390 2698 am-

451 2743 704 2811 biguitate
743 2747 795 2797 et
831 2747 1072 2814 respectu
1111 2741 1492 2797 conservandae
1533 2740 1855 2794 auctoritatis
1890 2744 2012 2794 tuae
2036 2740 2387 2811 prohibemur.

451 2840 569 2894 Non
613 2840 930 2910 respondere
975 2855 1098 2893 vero
1150 2843 1239 2892 aut
1283 2839 1341 2891 in
1382 2837 1595 2906 longum
1632 2842 1838 2908 tempus
1877 2854 2128 2907 responsa
2165 2836 2388 2905 differre,

453 2936 773 3007 despectioni
811 2940 877 3004 et,
918 2939 1133 3005 propter
1172 2934 1479 3005 prolongata
1504 2934 1738 3005 pericula
1775 2951 1969 3002 eorum,
2011 2934 2099 3004 qui
2138 2933 2233 2987 sub
2271 2949 2389 2987 cen-

454 3050 575 3087 sura
613 3036 750 3100 sunt,
790 3031 1085 3085 crudelitati
1121 3032 1424 3102 imputatur.

598 3129 679 3182 De
719 3145 875 3182 causa
924 3128 1082 3182 etiam
1121 3123 1413 3181 Guilielmi¹
1452 3126 1577 3180 dicti
1614 3126 1947 3180 Ausciensis⁰
1994 3124 2386 3194 archiepiscopi,

452 3243 546 3296 pro
587 3226 731 3280 cuius
767 3225 1097 3278 restitutione
1143 3241 1237 3277 nos
1286 3223 1578 3294 postulasti,
1624 3227 1684 3276 tu
1719 3223 1832 3292 ipse
1871 3221 2188 3274 anxietatem
2226 3237 2388 3290 quan-

453 3322 573 3375 dam
618 3322 766 3376 nobis
814 3321 1065 3389 intulisti3
1125 3337 1266 3388 cum,
1320 3319 1382 3373 ob
1428 3319 1484 3372 id
1531 3319 1724 3387 solum,
1777 3318 1897 3387 quia
1944 3317 2386 3371 excommunicato

453 3418 674 3471 scienter
712 3419 1197 3486 communicaverat,
1238 3433 1356 3471 eum
1395 3433 1508 3469 esse
1547 3415 1856 3486 depositum,
1896 3416 1948 3467 et
1972 3416 2147 3466 tamen
2170 3413 2226 3465 in
2266 3429 2387 3466 exa-

451 3514 736 3567 minatione
763 3514 872 3568 eius
900 3515 962 3568 de
989 3514 1202 3568 obiectis
1231 3512 1531 3567 criminibus
1554 3543 1620 3549 —
1644 3514 1851 3582 praeter
1879 3509 2016 3578 quod
2042 3509 2308 3562 dominum
2335 3512 2388 3562 et

450 3609 903 3680 praedecessorem
940 3614 1178 3663 nostrum
1201 3608 1560 3663 Alexandrum
1591 3623 1786 3679 papam
1823 3605 1923 3659 sibi
1958 3605 2219 3673 ignovisse
2255 3605 2386 3659 fate-

569 3719 609 3762 1.
641 3718 675 3761 I.
970 3738 1002 3764 a.
1036 3727 1234 3764 Ausciensi
1261 3742 1289 3763 c.
