2730 4198
557 299 667 351 500
901 312 1175 351 GREGORH
1214 313 1290 348 vu
1330 311 1591 349 namsrm
1632 313 1730 348 vm
1756 311 1817 348 47.
1837 312 1885 348 48
1915 309 1978 358 (lx
2000 313 2060 349 24.
2080 311 2157 358 25).

379 432 525 476 1082?
557 430 841 500 oportebit,
893 428 1129 483 effectum
1179 428 1302 480 dare
1348 426 1588 496 precibus
1638 428 1741 481 tuis
1789 445 1893 481 non
1941 429 2323 498 pigritabimur.
2404 430 2496 483 Sin

368 2057 483 2100 1082
495 2056 516 2099 ‘?

557 530 745 592 autem,
786 526 934 578 decet
973 528 1126 592 atque
1164 539 1374 576 necesse
1415 526 1517 575 est:
1559 527 1617 575 ut
1656 524 1730 575 sic
1767 526 1858 575 tua
1891 524 2094 577 devotio
2134 526 2186 577 in
2227 526 2307 579 his
2346 543 2497 596 prae-

556 621 722 690 cipue,
764 637 895 688 quae
922 619 1021 672 Dei
1061 622 1196 685 sunt,
1238 634 1349 670 sese
1390 617 1674 686 aequaliter
1710 618 1913 686 habeat,
1955 624 2207 687 quatenus
2234 621 2495 674 fraternae

555 716 787 769 caritatis
828 719 879 768 et
918 714 1222 768 concordiae
1263 713 1523 766 vinculum
1565 730 1807 783 rumpere
1848 718 1900 767 et
1926 714 2216 768 dilectionis
2242 716 2494 768 unitatem

554 811 607 863 in
646 811 868 864 invicem
901 810 1135 864 scindere
1162 813 1367 874 caveat3
1407 809 1463 861 in
1489 814 1662 862 mente
1688 809 1901 876 habenS,
1944 810 2081 878 quod
2109 811 2361 880 scriptum
2389 815 2493 864 est:

556 907 623 960 Si
658 918 788 960 recte
828 908 1014 976 offeras
1056 917 1101 959 et
1138 916 1271 958 recte
1308 924 1412 957 non
1452 907 1675 970 dividas,
1712 908 1943 975 peccasti
1957 901 1983 956 ¹.

700 1001 779 1055 De
820 1006 1008 1069 ceter0,
1051 1001 1173 1069 quia
1212 997 1612 1053 Traianensem²
1654 996 1905 1053 electum³
1946 1017 1977 1052 a
2014 999 2162 1053 nobis
2202 1002 2495 1054 consecrari

552 1096 803 1166 postulaS,
843 1097 965 1150 licet
1003 1096 1242 1150 electioni
1282 1096 1390 1148 eius
1417 1095 1513 1148 hoc
1540 1095 1761 1149 defuerit
1787 1096 1924 1164 quod
1949 1095 2151 1163 legatus
2180 1097 2494 1165 apostolicae

552 1193 688 1245 sedis
728 1197 780 1246 et
819 1208 1099 1246 consensus
1137 1196 1315 1244 noster
1353 1207 1456 1243 non
1497 1190 1657 1258 affuit,
1699 1195 1874 1244 tamen
1902 1222 1970 1227 -
1999 1195 2285 1258 monenteS,
2326 1208 2391 1244 ne
2430 1190 2492 1244 de

550 1287 725 1340 futuro
758 1288 814 1340 id
847 1287 938 1341 fiat
960 1318 1027 1324 —-
1051 1292 1171 1340 tuae
1198 1286 1462 1339 dilectioni
1491 1287 1758 1356 ipsiusque
1785 1303 2036 1356 personae
2071 1286 2322 1340 laudabili
2346 1287 2493 1340 testi-

552 1383 725 1435 monio
765 1382 819 1435 id
859 1383 924 1435 ad
963 1399 1176 1452 presens
1218 1382 1510 1449 annuimuS,
1551 1386 1608 1434 ut
1646 1383 1858 1435 veniens
1886 1382 1996 1435 Deo
2034 1382 2240 1435 favente
2279 1399 2374 1452 per
2398 1399 2493 1435 nos

551 1481 896 1531 consecretur.

550 1646 679 1708 VIII
704 1650 785 1708 48
823 1645 920 1718 (IX
947 1650 1069 1711 25).
1113 1653 1374 1705 Herceum
1400 1655 1845 1725 archiepiscopum
1873 1654 2180 1724 Capuanum
2206 1665 2493 1724 ceterosque

733 1744 1128 1818 principatuum
1168 1751 1436 1819 episcopos
1475 1750 1615 1802 iubet
1636 1750 1783 1818 forti
1819 1753 1993 1802 animo
2035 1768 2154 1802 esce.
2213 1749 2489 1812 Hortatur,

733 1863 797 1896 nc
836 1847 1288 1897 excommunicatis
1329 1848 1715 1898 communicent.
1776 1846 2057 1910 Permittit,
2098 1855 2156 1898 ut
2182 1847 2244 1896 de
2271 1845 2492 1896 ecclesiis

735 1941 995 1992 decedant.

700 2048 980 2117 Gregorius
1022 2050 1295 2120 episcopus
1336 2068 1516 2104 servus
1557 2067 1822 2104 servorum
1850 2050 1949 2104 Dei
1989 2050 2176 2103 dilecto
2205 2050 2259 2102 in
2286 2048 2492 2102 Christo
2548 2125 2551 2127 Α

548 2146 701 2199 fratri
748 2145 994 2212 H(erveo)
1036 2145 1283 2215 Capuano
1332 2147 1721 2217 archiepiscopo
1771 2147 2057 2215 ceterisque
2104 2146 2494 2216 principatuum

549 2242 834 2311 episcopiS,
895 2242 985 2310 qui
1043 2242 1198 2295 beato
1244 2241 1398 2295 Petro
1454 2243 1752 2296 obedientes
1801 2242 2138 2295 christianam
2186 2240 2491 2307 religionem

548 2341 844 2391 constanter
883 2337 1183 2404 defendunt,
1226 2337 1445 2390 salutem
1487 2342 1539 2390 et
1578 2337 1916 2406 apostolicam
1955 2335 2380 2390 benedictionem.

696 2432 1133 2500 Congratulamur
1161 2432 1426 2485 dilectioni
1453 2436 1672 2499 vestrae,
1712 2433 1902 2485 fratres
1930 2431 2204 2498 carissimi,
2245 2431 2488 2500 quoniam

548 2528 691 2595 digni
728 2528 929 2582 inventi
968 2529 1109 2596 estiS,
1153 2528 1240 2596 qui
1281 2545 1372 2596 pro
1414 2528 1728 2581 christianae
1772 2527 2038 2595 religionis
2068 2528 2274 2594 integra
2299 2526 2491 2579 virtute

546 2624 774 2693 fortique
821 2624 1113 2677 constantia
1159 2623 1459 2676 inimicitias
1513 2624 1690 2676 odium
1730 2628 1781 2676 et
1819 2623 2158 2676 contumelias
2197 2621 2488 2692 patiamini.

547 2719 626 2772 Ac
665 2723 922 2789 optamus,
961 2723 1021 2772 ut
1058 2723 1109 2772 et
1148 2719 1211 2772 de
1250 2719 1449 2788 reliquo
1476 2719 1732 2772 immobili
1767 2719 1951 2772 robore
1986 2717 2347 2788 perseveretiS,
2386 2732 2487 2769 non

547 2816 701 2868 modo
741 2831 832 2867 vos
873 2814 937 2867 ab
974 2814 1159 2868 illicita
1193 2819 1245 2868 et
1269 2814 1470 2867 nefaria
1497 2816 2063 2868 excommunicatorum
2089 2812 2489 2884 participatione

549 2911 866 2964 abstinentes
907 2910 998 2963 sed
1037 2914 1088 2964 et
1127 2916 1325 2964 ceteros
1367 2911 1659 2964 sacerdotes
1702 2911 1765 2964 ab
1806 2928 1986 2964 eorum
2025 2908 2384 2963 communione
2408 2906 2488 2958 in-

547 3007 873 3060 terdicentes,
937 3005 992 3059 Si
1033 3007 1123 3075 qui
1162 3023 1285 3060 vero
1322 3006 1534 3074 fuerint,
1576 3007 1665 3074 qui
1691 3010 1871 3060 contra
1897 3006 2231 3059 interdictum
2257 3006 2488 3056 vestrum

547 3107 599 3155 et
647 3107 885 3156 nostrum
934 3103 1308 3156 contumaciter
1346 3103 1534 3155 missas
1575 3106 1626 3155 et
1664 3101 1833 3155 officia
1870 3101 1974 3154 illis
2015 3097 2488 3157 divinacelebrare

547 3198 763 3251 subinde
802 3199 1265 3268 praesumpserint,
1307 3215 1401 3268 pro
1442 3203 1582 3251 certo
1622 3197 1848 3250 habeant
1875 3196 2033 3249 tales:
2075 3198 2331 3247 annuente
2357 3193 2486 3260 Deo,

547 3295 708 3347 sacris
758 3311 812 3347 se
862 3294 1190 3361 ministeriiS,
1243 3310 1374 3362 quae
1427 3293 1638 3360 indigne
1687 3309 1939 3362 usurpare
1977 3307 2082 3343 non
2121 3293 2381 3356 metuunt,
2433 3289 2487 3341 in

546 3394 857 3459 perpetuum
915 3389 1228 3443 abdicandos
1288 3394 1339 3442 et
1395 3389 1507 3441 sine
1561 3405 1653 3458 spe
1701 3386 2108 3456 recuperationis
2158 3384 2484 3437 amovendos.

666 3541 706 3584 1.
739 3540 904 3585 Genes.
926 3542 968 3597 4,
993 3542 1018 3585 7
1047 3541 1094 3584 in
1114 3541 1322 3585 versione
1345 3541 1531 3596 antiqua
1552 3553 1622 3595 ap.
1642 3537 1846 3582 Sabatier
1868 3535 2114 3580 Bibliorum
2139 3548 2368 3580 sacrorum
2389 3535 2488 3579 lati-

547 3624 631 3655 nae
650 3614 880 3658 versiones
901 3615 1126 3670 antiquae,
1149 3614 1302 3657 Remis
1325 3614 1451 3668 1743,
1475 3613 1528 3655 T.
1552 3613 1573 3655 I
1601 3625 1644 3667 p.
1663 3612 1732 3654 21.
1854 3611 1894 3653 2.
1927 3610 2220 3653 Troinensem
2253 3609 2299 3652 in
2321 3607 2485 3664 Sicilia,

546 3683 603 3727 de
632 3697 721 3740 quo
751 3700 793 3729 v.
817 3687 928 3729 Pirri
958 3686 1045 3730 Sic.
1072 3698 1185 3730 sacr.
1218 3686 1238 3729 I
1267 3686 1368 3728 494.
1518 3685 1559 3726 3.
1591 3682 1850 3726 Robertum.
