2730 4198
791 296 1065 334 GREGORn
1103 297 1182 333 v11
1219 296 1483 334 numeral
1520 297 1599 332 vn
1626 295 1773 332 13.14.
2145 279 2250 332 397

312 414 478 481 dicat3
529 413 766 482 datisque
814 413 914 467 sibi
962 413 1258 482 quindecim
1305 413 1507 467 dierum
1551 399 1795 480 indutiis,
1846 410 1892 464 si
1940 409 2079 464 infra
2123 409 2253 463 illud

311 509 539 580 spatium
576 526 680 562 non
726 509 1043 579 poenituerit
1090 514 1141 563 et
1188 510 1255 562 ad
1302 509 1718 563 emendationem
1766 506 1974 560 sceleris
2021 506 2103 559 sui
2149 522 2254 558 non

310 604 527 672 venerit,
567 604 912 658 anathematis
940 622 1058 658 eum
1085 605 1273 673 gladio,
1313 604 1446 658 fulta
1472 608 1748 674 praecepto
1777 602 2102 656 auctoritatis
2131 618 2255 671 apo—

310 699 548 768 stolicae,
598 700 768 754 feriat.
834 700 981 764 Quod
1029 705 1167 754 certe
1216 717 1310 754 1108
1361 700 1547 753 exinde
1596 699 1834 752 omnibus
1873 698 2043 751 modis
2080 696 2255 750 firma-

309 796 506 863 bimus;
557 813 617 850 ac
664 797 1000 866 postmodum
1051 796 1260 869 quidem
1298 795 1558 865 volumus,
1577 798 1731 862 atque
1778 793 2043 861 iubemuS,
2093 797 2151 846 ut
2201 794 2256 845 in

309 892 458 946 illum
506 892 714 945 dilectio
763 897 856 946 tua
904 892 1089 962 quibus
1136 891 1331 945 valebit
1378 891 1547 944 modis
1593 890 1846 957 insurgat.
1935 888 2256 958 Quicumque

311 989 450 1043 enim
496 988 637 1042 illius
685 988 939 1042 nefandae
987 987 1401 1058 praesumptioni
1439 985 1692 1039 auxilium
1732 989 1822 1038 aut
1860 1001 2127 1038 assensum
2169 984 2257 1037 de—

311 1084 470 1153 derit,
521 1084 652 1138 sciat
699 1101 754 1138 80
803 1084 1027 1152 gratiam
1065 1083 1166 1137 Dei
1214 1087 1265 1136 et
1312 1082 1452 1136 beati
1490 1081 1634 1135 Petri
1682 1080 1864 1151 procul
1903 1080 2058 1134 dubio
2099 1080 2257 1132 amis-

311 1198 507 1234 surum.
584 1179 904 1250 Quicumque
942 1196 1065 1233 vero
1104 1179 1360 1249 praedicti
1398 1177 1675 1231 confratris
1714 1177 1881 1229 nostri
1920 1177 2080 1229 immo
2119 1175 2259 1229 beati

310 1275 453 1330 Petri
490 1276 708 1329 iniurias
747 1293 842 1346 pro
881 1276 1078 1329 viribus
1119 1275 1226 1328 suis
1265 1274 1445 1327 ulcisci
1472 1273 1812 1341 contenderit,
1854 1273 1902 1326 ei
1927 1289 2022 1325 nos
2050 1276 2259 1342 aposto-

309 1371 464 1425 licam
512 1371 924 1426 benedictionem
961 1371 1238 1426 tribuimus
1292 1374 1369 1438 et,
1421 1369 1484 1423 de
1533 1370 1740 1424 divinae
1786 1369 1998 1440 pietatis
2043 1385 2259 1422 munere

311 1467 508 1536 confisi,
547 1472 879 1538 peccatorum
919 1484 1130 1521 suorum
1170 1467 1377 1521 veniam
1416 1465 1739 1536 pollicemur.
1805 1465 2058 1519 Nolumus
2100 1465 2260 1518 etiam

311 1564 643 1635 prudentiam
688 1568 834 1617 tuam
871 1565 1138 1632 ignorare,
1187 1579 1283 1616 nos
1331 1579 1486 1632 saepe
1535 1562 1729 1615 dictum
1779 1562 2144 1631 coepiscopum
2195 1560 2259 1614 ab

311 1660 453 1714 illius
491 1660 750 1714 malitiose
777 1660 943 1713 coacti
970 1659 1253 1712 iuramenti
1279 1658 1574 1711 conditione
1606 1657 1906 1725 absolvisse,
1947 1661 2258 1726 sanctaeque

314 1756 561 1812 ecclesiae
598 1755 968 1809 contumeliam
1005 1755 1305 1808 vindicandi
1343 1754 1609 1808 licentiam
1651 1753 1756 1823 ipsi
1795 1753 2015 1806 dedisse.
2094 1750 2259 1815 Quem

313 1857 373 1905 ut
408 1852 464 1905 in
510 1852 748 1905 omnibus
796 1868 889 1921 pro
939 1867 1092 1921 posse
1140 1850 1348 1904 studeas
1399 1850 1672 1918 adiuvare,
1724 1850 1916 1903 iterum
1964 1849 2258 1917 iterumque

314 1965 584 2002 monemus
632 1951 786 2016 atque
835 1963 1095 2015 rogamus.
1174 1946 1314 2000 Data
1351 1945 1546 2000 Romae
1597 1948 1628 1999 3
1669 1944 1929 1999 Kalendas
1967 1944 2257 2013 Februarii,

313 2043 593 2098 indictione
632 2046 681 2096 3.

314 2213 420 2277 VII
450 2218 546 2275 14.
588 2220 897 2272 Heinricum
923 2219 962 2271 I
983 2221 1280 2289 episcopum
1306 2218 1643 2272 Leodiensem
1682 2229 1877 2272 extorto
1917 2220 2256 2272 iureiurando

497 2316 740 2381 absolvit,
789 2326 1083 2385 monetque,
1131 2326 1189 2368 ut
1225 2315 1288 2366 ab
1329 2314 1608 2385 Arnulpko
1650 2317 1830 2368 comite
1858 2334 2061 2385 poenas
2091 2325 2255 2385 petat.

496 2411 582 2464 De
618 2413 883 2482 superiore
922 2411 1139 2482 epistola
1177 2411 1450 2481 siqnfficat.

461 2520 741 2589 Gregorius
781 2522 1053 2592 episcopus
1094 2538 1273 2575 servus
1315 2537 1583 2575 servorum
1622 2520 1722 2575 Dei
1756 2517 2030 2575 Ηο1111100ι
2067 2520 2257 2576 Leodi-

315 2617 458 2670 censi
495 2617 736 2687 episcopo
775 2617 995 2671 salutem
1035 2622 1087 2671 et
1125 2617 1466 2688 apostolicam
1504 2617 1934 2671 benedictionem.

463 2711 683 2780 Cognita
729 2716 850 2766 tuae
895 2713 1240 2767 fraternitatis
1289 2714 1603 2768 adversitate
1661 2717 1713 2768 et
1760 2714 2102 2782 contumelia,
2161 2714 2257 2768 tibi

313 2808 472 2862 immo
511 2808 662 2862 beato
701 2807 855 2863 Petro
893 2809 1068 2878 illata,
1119 2809 1366 2862 nimirum
1414 2809 1565 2863 valde
1617 2810 1791 2863 dolere
1843 2827 2022 2863 sumus
2073 2810 2253 2864 coacti.

312 2903 392 2958 De
429 2904 736 2958 iuramenti⁰
776 2922 898 2959 vero
948 2905 1291 2959 iniustissima
1338 2905 1651 2973 obligatione
1689 2905 1954 2959 dilectioni
1991 2910 2111 2959 tuae
2151 2905 2255 2960 sicb

312 3001 715 3071 respondemus:
755 3018 861 3054 non
899 3001 1086 3055 debere
1126 3001 1416 3054 existimari
1428 3010 1462 3070 ⁶,
1504 3000 1653 3055 eamd
1678 3001 1798 3055 ullis
1835 3002 2117 3055 iuramenti
2141 3002 2256 3056 vin-

313 3096 442 3151 culis
467 3113 621 3167 posse
646 3098 830 3166 teneri,
858 3105 1016 3166 quae⁰
1041 3100 1148 3150 tam
1181 3097 1551 3151 nefandissime
1577 3097 1779 3152 coactar
1798 3098 2066 3151 iuraverit.
2106 3097 2255 3151 Unde

314 3197 365 3247 et
403 3193 689 3264 apostolica
725 3198 778 3247 te
817 3193 1124 3247 auctoritate
1163 3192 1496 3262 absolvimuS,
1535 3197 1594 3246 ut
1630 3210 1734 3246 non
1772 3198 1893 3247 tuae
1918 3193 2001 3247 vel
2037 3193 2254 3247 alicuius

313 3289 657 3343 conscientiae
697 3290 760 3343 ob
799 3289 896 3344 hoc
934 3290 1160 3358 videaris
1199 3290 1421 3343 innexus
1462 3293 1552 3342 aut
1589 3289 1792 3342 debitor
1830 3307 1959 3343 esse.
2036 3289 2255 3359 Insuper

315 3384 496 3454 etiam,
548 3386 728 3439 eadem
766 3386 889 3440 freti
926 3389 1210 3457 potestate,
1249 3385 1567 3439 fraternitati
1604 3388 1725 3438 tuae
1763 3384 2030 3438 licentiam
2069 3385 2253 3439 damus

431 3499 465 3524 a.
491 3487 547 3525 De
573 3489 771 3526 iuramenti
801 3509 842 3515 ·-
874 3490 1053 3527 iuraverit
1078 3491 1250 3540 leguntur
1276 3492 1384 3526 etiam
1413 3491 1449 3525 ἰη
1468 3489 1651 3525 Friderici
1675 3503 1730 3536 ep.
1751 3488 1867 3526 Leod.
1885 3490 2046 3536 epistola
2066 3502 2127 3537 ap.
2148 3491 2254 3525 Mar-

314 3559 393 3589 tene
420 3554 517 3591 Coll.
545 3557 567 3592 I
591 3555 679 3593 655.
780 3555 818 3592 b.
844 3555 1019 3593 Heinrice
1043 3569 1112 3604 pro
1141 3555 1196 3592 sic
1223 3558 1280 3592 M.
1386 3565 1417 3591 0.
1446 3555 1637 3592 aestimari
1666 3557 1720 3592 M.
1836 3554 1872 3591 d.
1901 3565 1982 3591 eam
2010 3569 2055 3599 c„
2083 3565 2168 3592 eum
2197 3557 2253 3592 M.

315 3629 346 3656 0.
375 3628 468 3667 quae
495 3634 541 3664 c.‚
568 3621 632 3669 qui
659 3624 715 3659 M.
816 3621 843 3659 f.
869 3621 1140 3659 nefandissima
1166 3621 1294 3659 coacte
1326 3623 1378 3658 M.

430 3683 471 3727 1.
502 3682 537 3727 I.

2303 415 2416 458 1080

2283 475 2360 512 Ian.
2380 476 2429 512 30

2305 2531 2420 2574 1080

2286 2591 2362 2629 Ian.
2386 2592 2434 2629 30
