2730 4198
620 300 894 338 GREGORII
930 301 1009 338 v11
1045 300 1353 338 EPISTOLAE
1392 298 1736 337 COLLEGTAE.
1769 296 1804 334 2.
1831 297 1867 333 3.
2104 281 2213 335 523

271 434 364 472 vos
400 417 458 471 in
495 417 685 472 divinis
722 418 945 486 negotiis
981 418 1324 472 ferventiores
1363 433 1475 471 esse
1499 414 1855 486 probabimuS‚
1897 412 2082 481 quibus
2107 429 2216 466 non
2247 418 2362 462 1073

271 512 436 567 solum
478 513 749 583 spirituale
788 514 878 567 sed
906 517 957 567 et
983 513 1261 581 saeculare,
1303 514 1347 566 si
1372 528 1584 566 necesse
1608 510 1783 578 fuerit,
1824 508 2078 562 auxilium
2102 507 2215 561 Deo

272 609 550 663 adiuvante
573 609 1003 663 ministrabimus
1044 609 1150 663 Vos
1174 610 1336 677 igitur
1361 608 1772 676 omnipotentem
1790 604 2075 658 Dominum
2094 619 2217 656 exo—

271 708 402 774 rate,
441 709 502 759 ut
537 706 651 775 ipse
688 707 826 760 vires
866 710 919 760 et
953 704 1226 759 facultates
1263 703 1415 756 nobis
1453 702 1668 770 tribuat,
1708 704 1962 770 quatenus
1989 698 2219 769 suscepti

271 802 542 870 regiminis
579 802 911 872 importabile
948 801 1152 872 pondus
1180 799 1441 870 possimus
1466 797 1690 850 tolerare
1717 800 1770 849 et
1795 799 2030 849 sanctam
2057 794 2218 848 eccle-

274 897 406 951 siam
443 898 500 951 in
539 902 733 952 statum
773 899 1016 967 antiquae
1052 894 1320 963 religionis
1356 893 1619 947 reducere.
1677 891 1876 946 Valete.

279 1073 335 1131 3.
391 1075 662 1146 Siqefrido
701 1076 741 1128 I
782 1075 1173 1145 archiepiscopo
1211 1072 1526 1140 Moyuntino
1565 1070 1771 1134 scribit,
1822 1071 1881 1122 in
1917 1069 2118 1139 synodo
2156 1068 2221 1119 de

385 1173 683 1224 simoniacis
724 1182 767 1224 et
790 1169 1213 1240 fornicatoribus
1253 1168 1383 1238 quid
1420 1177 1667 1220 statutum
1705 1168 1817 1219 siff.

424 1280 746 1349 G(regorius)
787 1280 1061 1350 episcopus
1089 1294 1269 1332 servus
1297 1293 1563 1331 servorum
1593 1275 1694 1330 Dei
1720 1275 2024 1344 Mogontino
2052 1273 2219 1328 archi·
2252 1279 2369 1322 1074

278 1374 554 1449 episcopo¹
592 1376 811 1430 salutem
853 1379 905 1429 et
943 1373 1283 1444 apostolicam
1319 1373 1752 1427 benedictionem.
2255 1339 2364 1377 Mm'

424 1472 580 1541 Cum,
629 1471 915 1542 apostolica
954 1470 1262 1524 auctoritate
1300 1474 1352 1523 et
1389 1469 1633 1523 veridicis
1672 1471 1971 1522 sanctorum
2008 1470 2220 1537 patrum

275 1568 553 1623 sentenciis
590 1568 812 1636 incitati,
854 1567 920 1621 ad
960 1566 1332 1621 eliminandam
1371 1566 1710 1619 simoniacam
1747 1564 1974 1618 heresim
2014 1566 2066 1616 et
2101 1579 2221 1632 pre-

274 1664 571 1735 cipiendam
617 1663 924 1718 clericorum
973 1664 1270 1717 castitatem
1315 1678 1412 1732 pro
1456 1662 1624 1715 nostri
1662 1660 1819 1714 officii
1856 1659 2031 1714 debito
2071 1675 2221 1713 exar-

277 1761 465 1830 simuS‚
505 1760 626 1829 tibi,
667 1760 751 1814 cui
790 1763 870 1813 est
906 1759 1074 1813 clerus
1115 1762 1167 1812 et
1202 1757 1427 1828 populus
1468 1757 1790 1828 amplissime
1828 1756 2100 1823 dilatatus,
2140 1755 2225 1808 cui

276 1860 518 1927 preterea
553 1856 730 1927 plures
770 1859 822 1910 et
857 1855 963 1909 late
1003 1855 1228 1925 dispersi
1266 1853 1580 1922 suffraganei
1619 1857 1756 1922 sunt,
1794 1853 1894 1906 hoc
1932 1852 2224 1907 obedientie

277 1970 467 2007 munus
504 1952 778 2021 iniungere
817 1951 1166 2006 decrevimus:
1216 1955 1276 2004 ut
1312 1954 1421 2004 tam
1459 1967 1555 2021 per
1592 1954 1645 2004 te
1684 1965 1842 2019 quam
1881 1965 1976 2019 per
2013 1948 2224 2002 coadiu-

278 2053 419 2103 tores
457 2052 574 2102 tuos
612 2049 709 2102 hoc
734 2048 1001 2102 Romanae
1040 2046 1321 2101 aecclesiae
1360 2047 1626 2101 decretum
1664 2045 1908 2099 universo
1948 2045 2085 2099 clero
2115 2048 2225 2098 stu-

280 2145 476 2198 diosius
522 2145 811 2199 inculcares
860 2148 913 2198 et
956 2143 1330 2197 inviolabiliter
1376 2142 1660 2196 tenendum
1697 2158 2034 2213 proponeres.
2112 2140 2226 2205 Qua

279 2241 343 2295 de
379 2257 438 2294 re
474 2240 572 2295 tibi
610 2241 770 2294 etiam
810 2240 1062 2311 speciales
1099 2239 1303 2293 litteras
1342 2238 1529 2292 cudere
1566 2237 1712 2291 bulla
1735 2242 1917 2292 nostra
1940 2238 2225 2309 impressas

279 2335 536 2404 collibuit3
566 2353 787 2406 quarum
811 2336 973 2390 fultus
1002 2335 1327 2403 auctoritate,
1354 2334 1524 2388 tucius
1553 2333 1940 2404 animosiusque
1965 2334 2227 2405 preceptis

278 2433 473 2486 nostris
513 2432 839 2503 obtemperes
880 2435 933 2486 et
969 2431 1033 2486 de
1070 2431 1367 2485 sanctuario
1394 2430 1611 2484 Domini
1636 2430 1976 2485 simoniacam
2001 2430 2228 2485 heresim

283 2531 336 2582 et
370 2528 544 2582 fedam
578 2528 890 2583 libidinosae
929 2527 1253 2596 contagionis
1291 2527 1634 2598 pollutionem
1675 2527 1922 2598 expellas,

429 2623 579 2678 Unde
616 2641 721 2677 non
762 2625 826 2678 ab
863 2641 922 2678 re
958 2624 1057 2678 tibi
1095 2623 1428 2678 scribendum
1464 2623 1577 2678 fore
1617 2623 1859 2678 arbitrati
1896 2641 2093 2693 sumuS‚
2133 2640 2229 2678 nos

281 2720 431 2773 iuxta
478 2720 839 2774 auctoritatem
884 2724 1185 2774 sanctorum
1220 2724 1433 2791 patrum
1469 2720 1526 2773 in
1563 2723 1746 2773 nostra
1783 2721 1982 2792 synodo
2021 2723 2229 2775 senten-

283 2816 413 2870 tiam
452 2816 681 2870 dedisse:
721 2820 781 2869 ut
816 2817 888 2885 hi,
930 2817 1018 2886 qui
1054 2833 1151 2887 per
1178 2817 1534 2887 symoniacam
1559 2817 1802 2885 heresim,
1841 2817 1939 2870 hoc
1965 2821 2044 2870 est
2066 2817 2229 2871 inter-

282 2915 442 2967 ventu
478 2913 658 2982 precii,
699 2913 764 2966 ad
804 2912 1030 2982 aliquem
1069 2929 1334 2966 sacrorum
1373 2913 1616 2966 ordinum
1642 2912 1863 2981 gradum
1887 2912 1973 2966 vel
2000 2911 2229 2967 officium

282 3008 510 3080 promoti
557 3013 703 3077 sunt,
754 3009 959 3062 nullum
1008 3009 1066 3062 in
1114 3013 1294 3063 sancta
1341 3008 1558 3063 ecclesia
1606 3009 1826 3062 ulterius
1864 3008 2036 3062 locum
2073 3009 2230 3062 mini-

284 3104 487 3159 strandi
523 3105 774 3172 habeant3
815 3105 895 3159 illi
934 3121 1154 3174 quoque,
1195 3105 1285 3175 qui
1323 3104 1568 3159 ecclesias
1596 3104 1806 3159 datione
1830 3105 2113 3175 peccuniae
2139 3104 2229 3159 ob-

282 3201 467 3270 tinent,
508 3202 719 3256 omnino
760 3219 846 3256 eas
884 3201 1123 3272 perdant,
1162 3218 1230 3254 ne
1268 3201 1513 3271 deinceps
1550 3200 1777 3255 vendere
1815 3205 1906 3255 aut
1936 3218 2108 3255 emere
2135 3201 2229 3255 ali-

285 3297 369 3351 cui
391 3297 571 3366 liceat3
614 3298 706 3352 sed
731 3310 827 3351 nec
850 3297 947 3367 illi,
985 3298 1079 3367 qui
1104 3297 1161 3350 in
1187 3297 1404 3352 crimine
1428 3297 1789 3352 fornicationis
1813 3297 2002 3366 iacent,
2040 3298 2230 3352 missas

286 3393 546 3449 celebrare
594 3398 685 3448 aut
732 3394 1016 3449 secundum
1052 3393 1326 3448 inferiores
1366 3394 1573 3448 ordines
1609 3393 1910 3448 ministrare
1949 3393 2103 3447 altari
2140 3394 2230 3449 de-

286 3487 458 3543 beant.
574 3490 863 3545 Statuimus
903 3491 1086 3545 etiam:
1133 3494 1218 3559 ut,
1258 3490 1304 3544 si
1340 3490 1446 3561 ipsi
1482 3494 1865 3562 contemptores
1903 3490 2100 3545 fuerint
2135 3507 2229 3545 no-

328 3619 331 3622 '
401 3623 434 3650 a.
461 3615 524 3651 Ex
550 3615 633 3652 cod.
653 3616 896 3654 bibliothecae
924 3618 1178 3662 Monacensis,
1205 3617 1366 3667 Frising.
1390 3616 1439 3654 86
1463 3617 1534 3662 fol.
1557 3616 1646 3654 166.

406 3691 448 3735 1.
479 3690 701 3748 Sigefrido
730 3694 766 3739 I.
