2730 4198
1050 880 1301 950 INITIA
1358 876 1950 951 EPISTOLARUM

1309 1003 1490 1048 HUIUS
1521 1003 1681 1048 ΤΟΜΙ.

1379 1259 1466 1294 pag·
2408 1260 2496 1296 pag·

495 1309 678 1367 Abbas,
708 1310 1014 1367 praesentium
1043 1310 1160 1354 lator
1235 1343 1243 1352 .
1309 1344 1316 1352 .
1378 1311 1465 1355 493
1527 1310 1731 1367 Cognitis
1761 1310 2056 1356 fraternitatis
2086 1315 2192 1356 tuae
2264 1345 2272 1354 .
2339 1346 2347 1355 .
2409 1314 2496 1357 233

494 1383 689 1428 Abbatis
718 1383 860 1427 vestri
889 1383 1042 1427 Ivonis
1087 1417 1095 1425 .
1159 1415 1168 1425 .
1233 1416 1241 1425 .
1307 1418 1315 1427 .
1381 1384 1477 1428 184.
1527 1383 1784 1440 Cognoscat
1814 1384 1993 1429 debitae
2023 1389 2130 1429 tuae
2194 1420 2201 1428 .
2265 1419 2274 1428 .
2338 1418 2348 1429 .
2409 1386 2498 1430 302

494 1455 776 1500 Admiranda
805 1468 878 1499 res
910 1459 981 1500 est
1013 1488 1315 1499 .....
1380 1458 1465 1501 169
1527 1457 1788 1502 Communis
1821 1471 1946 1503 amor
1977 1463 2023 1503 et
2053 1460 2228 1503 sincera
2265 1492 2273 1501 .
2338 1491 2347 1502 .
2408 1459 2496 1503 518

495 1529 753 1574 Admonere
785 1532 844 1585 te,
877 1527 1016 1572 frater
1088 1561 1096 1570 .
1161 1562 1169 1571 .
1234 1562 1243 1571 .
1308 1563 1316 1571 .
1380 1531 1466 1574 124
1528 1530 1818 1587 Compertum
1850 1544 1951 1576 esse
1982 1533 2238 1576 celsitudini
2265 1564 2274 1575 .
2341 1566 2348 1574 .
2409 1533 2495 1577 541

494 1602 570 1647 Ad
600 1603 805 1647 notitiam
836 1606 962 1646 tuam
992 1602 1253 1658 pervenisse
1308 1636 1316 1645 .
1379 1605 1466 1647 570
1529 1602 1764 1647 Confrater
1795 1608 1949 1648 noster
1979 1604 2201 1650 Rodulfus
2267 1639 2273 1647 .
2339 1639 2347 1648 .
2411 1606 2497 1650 134

494 1675 570 1720 Ad
600 1689 683 1721 vos
713 1676 803 1719 iam
834 1675 1098 1732 pervenisse
1161 1709 1169 1717 .
1236 1709 1244 1718 .
1308 1709 1315 1717 .
1380 1676 1466 1720 150
1528 1675 1764 1721 Confrater
1793 1682 1947 1722 noster
1977 1677 2199 1723 Rodulfus
2267 1711 2275 1720 .
2340 1712 2347 1721 .
2411 1679 2497 1723 135

493 1749 695 1806 Antiqua
725 1753 772 1793 et
800 1752 910 1793 nota
942 1781 1317 1791 ......
1380 1750 1466 1794 292
1529 1747 1765 1811 Confrater
1794 1755 1948 1795 noster
1976 1750 2198 1796 Rodulfus
2266 1785 2274 1795 .
2339 1785 2347 1793 .
2411 1747 2497 1796 135

493 1823 695 1880 Antiqua
726 1826 984 1867 sanctorum
1014 1854 1317 1865 .....
1380 1824 1467 1867 370
1529 1821 1765 1866 Confrater
1794 1828 1948 1868 noster
1978 1824 2284 1869 Theodericus
2340 1859 2347 1866 .
2411 1825 2495 1870 101

492 1896 803 1954 Apostolicam
833 1894 1195 1940 benedictionem
1235 1929 1243 1937 .
1307 1929 1315 1938 .
1380 1897 1466 1941 563
1529 1895 1810 1940 Confratrem
1845 1902 2048 1942 nostrum
2078 1898 2351 1942 Landricum
2440 1899 2498 1943 95

491 1969 631 2027 Apud
662 1973 972 2013 antecessores
1015 2001 1316 2011 .....
1380 1971 1466 2014 199
1527 1969 1774 2015 Confratris
1806 1972 1949 2015 nostri
1973 2004 2348 2014 ......
2411 1972 2497 2016 178

492 2043 721 2099 Aquensis
752 2041 1094 2086 archidiaconus
1162 2075 1170 2084 .
1235 2076 1243 2086 .
1309 2077 1317 2085 .
1379 2045 1466 2099 570
1527 2043 1903 2100 Congratulamur
1934 2044 2163 2089 dilectioni
2194 2078 2202 2087 .
2266 2079 2274 2088 .
2339 2078 2348 2088 .
2409 2045 2498 2090 500
2549 2089 2551 2092 Α

492 2116 699 2161 Audistis
730 2114 891 2159 fratres
922 2129 1087 2160 novam
1161 2149 1170 2157 .
1234 2150 1240 2158 .
1307 2151 1314 2158 .
1378 2119 1463 2161 211
1527 2117 1875 2161 Considerantes
1907 2130 1960 2160 ac
2047 2151 2346 2161 .....
2409 2119 2496 2163 218

492 2189 674 2234 Auditis
705 2189 953 2233 nobilitatis
983 2192 1090 2232 tuae
1164 2221 1171 2228 .
1234 2222 1241 2231 .
1308 2223 1314 2231 .
1408 2191 1463 2234 91
1527 2190 1729 2247 Constat,
1763 2190 2002 2234 ecclesiam
2044 2223 2345 2233 .....
2409 2192 2493 2235 187

492 2263 765 2307 Audivimus
798 2262 854 2306 de
884 2265 932 2305 te
963 2274 1045 2318 per
1087 2296 1095 2304 .
1159 2295 1168 2305 .
1234 2296 1242 2305 .
1307 2297 1315 2306 .
1378 2265 1463 2308 357
1526 2263 1716 2307 Constat
1745 2263 1876 2307 vobis
1906 2262 2002 2307 fore
2044 2297 2346 2306 .....
2409 2265 2493 2308 161

497 2336 784 2392 Audivimus,
816 2335 1098 2390 F(ulconem)
1162 2370 1169 2377 .
1235 2369 1243 2378 .
1307 2371 1314 2378 .
1378 2337 1466 2381 564
1526 2336 1800 2380 Contristavi
1829 2349 1926 2392 vos,
1958 2336 2094 2380 immo
2118 2369 2126 2378 .
2191 2369 2199 2379 .
2264 2369 2273 2380 .
2336 2370 2346 2380 .
2407 2337 2493 2381 347

491 2409 777 2465 Audivimus,
809 2409 856 2452 in
887 2409 1091 2452 ecclesiis
1159 2442 1167 2452 .
1233 2444 1240 2451 .
1305 2443 1315 2452 .
1378 2411 1463 2454 281
1526 2409 1687 2453 Coram
1718 2409 1860 2453 oculis
1890 2407 2032 2452 habes
2118 2442 2124 2450 .
2191 2443 2199 2451 .
2264 2443 2273 2452 .
2336 2443 2346 2452 .
2408 2410 2495 2454 155

492 2482 766 2527 Audivimus
797 2482 902 2526 olim
934 2482 1077 2526 nostri
1160 2513 1169 2524 .
1233 2515 1241 2524 .
1307 2517 1314 2525 .
1407 2484 1463 2527 87
1528 2481 1762 2526 Credimus
1793 2494 1884 2525 non
1914 2482 2054 2525 latere
2116 2515 2126 2524 .
2190 2516 2198 2524 .
2264 2516 2272 2524 .
2337 2516 2346 2525 .
2405 2483 2495 2527 443

492 2555 780 2611 Audivimus,
813 2555 935 2610 quod
965 2555 1149 2611 quidam
1233 2590 1240 2597 .
1306 2589 1313 2598 .
1378 2555 1465 2619 5ae
1526 2554 1784 2612 Credimus,
1826 2556 2110 2612 prudentiam
2148 2559 2348 2601 vestram
2406 2556 2495 2601 419

492 2628 778 2685 Audivimus,
812 2628 933 2684 quod
965 2629 1061 2672 sine
1086 2662 1094 2671 .
1160 2663 1167 2670 .
1233 2663 1241 2671 .
1306 2663 1314 2671 .
1377 2630 1463 2674 555
1527 2627 1640 2672 Cum
1673 2628 1820 2672 adhuc
1850 2629 1897 2673 in
1928 2629 2083 2673 ordine
2117 2662 2125 2671 .
2191 2663 2198 2671 .
2266 2663 2274 2671 .
2336 2662 2344 2672 .
2408 2631 2493 2675 167

490 2702 777 2758 Audivimus,
810 2701 1031 2758 quosdam
1061 2702 1178 2746 inter
1231 2735 1240 2744 .
1304 2735 1313 2745 .
1376 2703 1463 2747 535
1525 2701 1652 2758 Cum,
1685 2703 1934 2758 apostolica
1964 2702 2231 2747 auctoritate
2264 2736 2272 2745 .
2335 2735 2345 2746 .
2407 2704 2494 2748 523

492 2776 775 2820 Carissimus
807 2774 1032 2819 confrater
1061 2779 1215 2820 noster
1305 2809 1313 2818 .
1379 2776 1463 2820 105
1525 2774 1651 2832 Cum,
1685 2776 1932 2831 apostolica
1962 2777 2230 2820 auctoritate
2263 2810 2272 2819 .
2336 2810 2344 2819 .
2406 2777 2494 2822 524

492 2848 737 2893 Caritatem
769 2852 892 2892 tuam
924 2848 1094 2894 frater.
1160 2884 1167 2892 .
1233 2884 1240 2891 .
1308 2883 1315 2891 .
1378 2850 1461 2893 121
1525 2848 1638 2892 Cum
1671 2849 1793 2905 apud
1823 2862 1906 2893 vos
1938 2861 2140 2894 essemus
2189 2883 2197 2892 .
2262 2883 2271 2892 .
2335 2884 2343 2892 .
2406 2851 2494 2895 340

492 2921 700 2978 Causam,
736 2922 856 2966 unde
886 2936 968 2967 nos
1011 2956 1311 2966 .....
1376 2923 1463 2966 264
1525 2921 1638 2966 Cum
1668 2922 1830 2966 beatus
1862 2923 2124 2979 apostolus.
2189 2956 2198 2966 .
2261 2955 2270 2965 .
2335 2957 2342 2965 .
2434 2923 2492 2967 83

493 2994 615 3039 Certi
644 3007 847 3039 rumores
878 2999 1057 3039 tuorum
1082 3029 1090 3037 .
1156 3028 1165 3038 .
1230 3028 1239 3038 .
1305 3029 1312 3037 .
1375 2996 1463 3039 420
1525 2995 1639 3039 Cum
1671 2995 1727 3039 de
1758 2999 1804 3040 te
1838 3000 1885 3039 et
1914 2995 2045 3040 factis
2116 3029 2124 3038 .
2188 3028 2197 3038 .
2262 3029 2270 3038 .
2334 3029 2343 3038 .
2406 2997 2492 3040 110

492 3068 671 3113 Clamor
701 3067 879 3112 abbatis
938 3101 1313 3111 ......
1374 3069 1461 3113 409
1524 3068 1637 3113 Cum
1669 3069 1786 3112 enim
1816 3082 2007 3125 regnum
2038 3073 2084 3113 et
2113 3102 2120 3110 .
2189 3101 2197 3110 .
2261 3101 2269 3109 .
2335 3102 2342 3110 .
2432 3069 2491 3112 46

493 3140 670 3185 Clamor
700 3141 1097 3186 Matisconensium
1156 3175 1164 3184 .
1230 3176 1237 3183 .
1303 3176 1311 3184 .
1405 3143 1463 3187 54
1525 3141 1639 3186 Cum
1669 3142 1891 3199 propheta
1921 3145 2114 3186 testetur
2188 3174 2197 3183 .
2260 3173 2269 3183 .
2334 3174 2342 3183 .
2434 3142 2491 3185 96

492 3214 653 3258 Clerici
685 3215 1048 3271 congregationis
1080 3249 1089 3258 .
1155 3249 1162 3257 .
1229 3249 1237 3257 .
1303 3248 1312 3257 .
1405 3217 1462 3260 92
1524 3215 1637 3259 Cum
1668 3216 1835 3259 veritas
1867 3216 1966 3272 ipsa
1997 3215 2119 3259 dicat
2187 3246 2196 3256 .
2259 3247 2268 3256 .
2333 3247 2341 3256 .
2403 3214 2490 3259 553

492 3287 652 3332 Clerici
682 3289 864 3344 quidam
886 3287 1313 3344 Augustidunenses
1374 3289 1459 3334 507
1523 3288 1637 3332 Cum
1667 3301 1751 3332 vos
1782 3301 1838 3332 ea
1868 3302 1896 3332 a
1925 3288 2033 3332 sede
2113 3320 2121 3329 .
2185 3321 2194 3330 .
2259 3320 2267 3329 .
2331 3318 2341 3331 .
2402 3288 2490 3332 322

492 3360 654 3405 Clerici
684 3360 877 3405 Sanctae
907 3362 1075 3405 Mariae
1155 3395 1162 3404 .
1227 3395 1235 3404 .
1301 3395 1308 3404 .
1373 3363 1459 3407 337
1523 3363 1765 3405 necuerat
1794 3365 1841 3405 te
1871 3360 2011 3405 frater
2041 3392 2342 3402 .....
2404 3360 2491 3403 190

491 3433 763 3479 Clericorum
793 3438 973 3479 vestrae
1010 3467 1311 3478 .....
1373 3437 1458 3480 381
1523 3435 1592 3478 De
1624 3439 1750 3479 motu
1782 3438 1828 3478 et
1856 3433 2193 3490 perturbatione
2259 3465 2268 3474 .
2332 3465 2340 3475 .
2403 3432 2491 3476 294

491 3506 686 3552 Clericos
718 3508 774 3552 de
806 3512 954 3552 castro
1008 3541 1309 3551 .....
1372 3510 1458 3553 339
1521 3509 1624 3552 Dici
1653 3521 1744 3552 non
1773 3511 1936 3564 potest,
1967 3506 2031 3550 fili
2112 3539 2121 3548 .
2189 3539 2197 3549 .
2260 3540 2268 3548 .
2332 3539 2341 3548 .
2401 3507 2490 3550 430

491 3579 647 3625 Clerus
678 3587 724 3625 et
752 3582 944 3638 populus
976 3580 1310 3638 Aquilegiensis
1371 3582 1458 3626 293
1520 3581 1813 3625 Dilectissimi
1842 3579 2003 3624 fratres
2033 3583 2081 3624 et
2112 3614 2120 3622 .
2186 3611 2194 3622 .
2258 3613 2267 3622 .
2331 3613 2339 3622 .
2402 3579 2488 3624 547

491 3651 684 3710 Cognita
712 3657 820 3699 tuae
849 3653 1142 3699 fraternitatis
1226 3689 1234 3697 .
1299 3688 1308 3697 .
1371 3655 1456 3700 397
1519 3655 1611 3699 Diu
1641 3658 1724 3711 est,
1756 3652 1877 3710 quod
1906 3656 1952 3697 te
2037 3685 2339 3697 .....
2401 3652 2488 3698 356
