2722 4172
487 299 559 354 54
994 313 1267 353 GREGORII
1304 314 1383 350 vn
1420 312 1685 351 REGISTRI
1720 314 1743 350 1
1769 312 1828 350 35.
1857 313 1918 349 36.

334 438 448 482 1073
487 435 644 499 certo,
684 431 788 484 nisi
811 430 967 484 fidem
994 430 1331 483 christianam
1358 429 1558 483 abicere
1584 428 1877 498 maluerint,
1917 429 2171 498 generalis
2211 428 2423 482 anathe-

321 498 412 536 D⁰⁰’
433 499 459 536 4
486 528 642 581 matis
691 543 936 581 mucrone
984 526 1246 595 percussi,
1300 525 1377 578 illi
1424 525 1642 578 ulterius
1692 525 2048 595 obtemperare
2093 525 2421 579 recusabunt.

487 623 631 677 Haec
666 623 801 691 ideo,
840 622 1002 675 frater
1039 622 1333 690 karissime,
1372 621 1673 689 vigilantiae
1698 624 1819 674 tuae
1844 621 2086 675 intimare
2113 621 2423 688 curavimus,

489 718 733 788 quatinus
773 734 835 772 ea
871 718 1136 787 praedicto
1174 718 1285 786 regi
1323 718 1588 771 insinuare
1634 721 1686 771 et
1733 716 2051 770 exhortando
2099 721 2151 771 et
2194 716 2424 785 rogando

487 814 758 882 modisque
797 814 1036 867 omnibus
1073 813 1334 867 inculcare
1374 814 1603 881 studeat,
1651 816 1711 866 ut
1759 816 1810 866 et
1855 813 2146 882 praefatam
2183 811 2426 866 Matisco-

486 926 703 963 nensem
743 909 974 978 aliasque
1014 909 1254 963 ecclesias
1294 909 1539 976 canonice
1567 908 1814 963 concedat
1840 908 2084 962 ordinari.
2149 908 2266 962 Tibi
2305 925 2425 977 ergo

487 1006 716 1060 maxime
754 1005 882 1059 haec
918 1005 1110 1058 idcirco
1136 1005 1470 1073 iniungimus,
1513 1005 1634 1074 quia
1658 1005 1990 1075 prudentiam
2013 1009 2160 1058 tuam
2183 1020 2429 1072 magnam

489 1118 602 1156 esse
642 1105 694 1155 et
730 1101 877 1169 regia
912 1101 1268 1155 familiaritate
1305 1101 1383 1153 uti
1422 1101 1772 1169 cognovimus.
1834 1099 1890 1154 Si
1930 1117 2033 1169 qua
2067 1103 2256 1168 autem,
2297 1116 2427 1169 quae

489 1196 707 1252 dicenda
733 1199 896 1265 erant,
926 1213 957 1250 a
980 1196 1130 1250 nobis
1168 1197 1540 1267 praetermissa
1565 1201 1700 1266 sunt,
1736 1197 1863 1251 haec
1887 1197 2084 1265 ingenii
2108 1196 2185 1250 tui
2212 1212 2430 1249 acumen

487 1294 741 1361 iniungat.
801 1292 982 1361 Itaque
1018 1293 1075 1345 in
1111 1293 1209 1346 hac
1245 1294 1602 1363 persecutione
1639 1293 1844 1362 labora,
1884 1297 1944 1346 ut
1981 1296 2033 1346 et
2068 1292 2167 1346 Dei
2205 1292 2429 1360 gratiam

490 1395 542 1444 et
579 1394 815 1443 nostram
851 1388 1266 1442 benevolentiam
1303 1390 1665 1460 promerearis
1726 1390 1865 1443 Data
1901 1385 2142 1459 Piperni¹
2180 1389 2212 1441 2
2250 1387 2428 1442 Nonas

487 1485 808 1554 DecembriS,
846 1484 1129 1538 indictione
1172 1487 1254 1538 12.

487 1655 513 1717 Ι
548 1659 648 1718 36.
693 1662 981 1715 Humberto
1021 1663 1411 1732 archiepiscopo
1437 1662 1779 1732 Luqdunensi
1815 1665 1877 1715 de
1910 1665 2176 1733 superiore
2214 1662 2431 1733 epistola

693 1759 969 1828 siymfioat.
1027 1759 1271 1824 Mandat,
1312 1769 1371 1811 ut
1394 1758 1718 1811 Landricum
1749 1759 1958 1811 electum
1981 1760 2427 1824 Matisconensem,

694 1855 811 1907 licet
846 1854 928 1907 vel
963 1856 1078 1924 ipse
1113 1854 1195 1906 vel
1229 1873 1322 1907 rece
1362 1855 1688 1925 obloquatur,
1731 1857 2025 1908 consecrari
2060 1866 2225 1925 coyat.
2507 1834 2509 1836 .

338 1971 453 2015 1073
638 1962 920 2033 Gregorius
959 1965 1234 2035 episcopus
1274 1972 1453 2018 servus
1493 1982 1759 2018 servorum
1785 1965 1885 2019 Dei
1909 1964 2195 2019 Humberto
2221 1964 2431 2034 Lugdu-

319 2032 413 2070 Dec'
435 2033 462 2070 4
488 2060 643 2115 nensi
682 2061 1070 2131 archiepiscopo
1109 2060 1328 2115 salutem
1371 2066 1422 2115 et
1461 2061 1801 2132 apostolicam
1837 2061 2262 2115 benedictionem.

639 2156 850 2210 Clamor
885 2156 1348 2211 Matisconensium
1388 2157 1693 2211 clericorum
1729 2158 1969 2228 pervenit
2008 2157 2073 2210 ad
2109 2174 2229 2227 nOS,
2271 2158 2431 2213 eccle-

492 2253 625 2307 siam
664 2270 829 2322 suam,
869 2253 977 2307 iam
1013 2253 1177 2307 multo
1215 2257 1452 2324 tempore
1489 2258 1698 2324 pastore
1736 2253 2019 2321 viduatam,
2065 2253 2432 2309 detrimentum

490 2366 596 2403 non
634 2349 898 2403 modicum
938 2350 1208 2403 sustinere.
1269 2349 1463 2403 Dicunt
1488 2350 1643 2418 enim,
1681 2367 1858 2417 regem
1882 2348 2200 2403 Francorum
2226 2350 2431 2405 electio-

491 2462 642 2514 nem,
684 2462 775 2498 suo
815 2461 1071 2498 consensu
1107 2446 1316 2514 factam,
1355 2445 1487 2499 velle
1525 2445 1794 2516 impedire.
1853 2444 2026 2513 Unde,
2068 2446 2190 2514 quia
2224 2446 2338 2517 ipse
2374 2447 2431 2501 111

493 2542 759 2613 praesenti
809 2558 944 2594 anno
987 2558 1082 2611 per
1121 2541 1398 2610 quemdam
1436 2541 1658 2595 militem
1697 2558 1849 2594 suum
1885 2541 2094 2595 nomine
2130 2541 2433 2597 Albericum

493 2637 714 2692 Romam
750 2637 1041 2691 venientem
1093 2654 1148 2690 se
1195 2637 1408 2690 consilio
1457 2641 1635 2691 nostro
1686 2637 1893 2690 omnino
1942 2637 2267 2706 acquiescere
2311 2655 2433 2709 pro-

494 2734 663 2803 misit,
714 2733 1006 2787 studuimus
1054 2733 1302 2787 confratri
1347 2737 1524 2787 nostro
1562 2733 1775 2787 Roclino
1816 2732 2146 2787 Cabilonensi
2190 2734 2432 2805 episcopo

494 2834 700 2884 nostras
741 2829 963 2897 dirigere
999 2829 1230 2883 litteras:
1270 2833 1329 2883 ut
1365 2830 1494 2899 ipse,
1533 2834 1713 2884 nostra
1737 2830 1943 2883 functus
1968 2830 2242 2899 legatione,
2281 2847 2432 2901 prae-

494 2926 661 2979 fatum
697 2926 1190 2994 regemconveniat,
1232 2930 1483 2994 quatenus
1518 2926 1648 2995 ipse,
1689 2926 1891 2980 oblatae
1915 2926 2064 2980 nobis
2090 2943 2289 2980 memor
2311 2942 2432 2996 pro-

494 3022 760 3076 missionis
800 3039 940 3090 suae,
980 3021 1285 3075 electionem
1321 3021 1782 3076 Matisconensium
1816 3040 1922 3076 non
1948 3023 2115 3076 solum
2140 3038 2244 3076 non
2267 3022 2432 3092 impe-

497 3119 607 3173 diat
645 3118 736 3172 sed
775 3127 920 3171 eum⁶¹
947 3134 1100 3187 quem
1135 3118 1287 3172 debet
1318 3135 1587 3172 assensum
1612 3119 1873 3189 praebeat.
1935 3118 2033 3182 Qui
2060 3118 2120 3186 si,
2160 3118 2216 3170 in
2242 3117 2434 3171 duritia

498 3232 593 3268 sua
629 3231 959 3285 permanenS,
997 3231 1165 3283 neque
1202 3215 1501 3268 necessitati
1536 3215 1689 3268 huius
1730 3214 1974 3269 ecclesiae
2001 3213 2228 3283 compati
2264 3230 2432 3282 neque

501 3311 848 3364 exhortationi
871 3314 1082 3364 nostrae
1106 3326 1291 3381 parere
1315 3311 1551 3379 voluerit,
1572 3311 1922 3382 praecipimus
1949 3309 2232 3380 apostolica
2258 3313 2432 3363 aucto-

499 3408 680 3476 ritate,
726 3413 785 3462 ut
820 3408 1121 3461 fraternitas
1166 3412 1259 3461 tua
1304 3425 1471 3477 neque
1516 3425 1611 3478 pro
1650 3407 1766 3460 odio
1805 3422 1971 3474 neque
2009 3406 2178 3473 gratia
2217 3405 2432 3459 alicuius

501 3503 745 3572 dimittat,
785 3504 910 3573 quin
937 3503 1157 3558 electum
1184 3503 1247 3558 ab
1276 3504 1349 3557 eis
1375 3503 1898 3572 Augustodunensem
1924 3500 2237 3555 Landricum
2265 3501 2432 3555 archi-

616 3640 648 3665 a.
685 3644 734 3664 an
763 3628 874 3665 etiam
901 3628 961 3665 ei?

624 3708 662 3750 1.
695 3707 899 3762 Piperno,
932 3720 959 3750 a
989 3707 1232 3751 Terracina
1262 3707 1320 3750 ad
1351 3706 1692 3762 septemtriones
1723 3705 2002 3760 (Privernum
2032 3705 2196 3759 vetus).
