2730 4198
494 256 601 310 656
989 272 1337 311 ΒοΝῙΤΗοΝΙε
1375 274 1452 309 Ar>
1492 273 1719 311 AMICUM
1756 275 1864 311 Lm.
1893 275 1950 312 vr

350 392 465 436 1074
494 388 771 442 iectionem
795 389 851 442 in
877 392 1080 442 tantum
1109 389 1157 442 ei
1183 388 1418 457 contulit,
1457 392 1532 456 ut,
1562 392 1774 442 vocatus
1802 389 1870 442 ad
1895 390 2167 460 synodum,
2206 392 2433 459 veniret3

355 452 464 491 mm
494 487 546 538 et
581 484 638 538 in
677 485 858 538 eadem
897 484 1094 554 synodo
1135 484 1418 537 secundum
1455 483 1790 554 privilegium
1828 501 1952 539 suae
1978 485 2224 540 ecclesiae
2251 487 2437 541 dextra

494 581 542 634 ei
581 580 806 646 sederet3
849 585 916 648 et,
956 597 1061 633 non
1087 583 1293 633 extorta
1321 579 1661 648 confessione,
1703 584 1782 634 set
1807 585 2096 651 spontanea
2122 599 2240 636 eum
2266 583 2435 637 modis

493 676 731 730 omnibus
771 692 963 746 papam
1001 675 1348 746 profiteretur.
1411 675 1502 730 Set
1538 676 1646 728 iam
1676 676 1752 729 rei
1779 677 2015 731 ordinem
2041 695 2433 748 prosequamur.

317 774 431 818 1073
639 771 879 824 Paschali
915 772 1076 839 igitur
1115 771 1376 826 celebrata
1412 773 1721 841 festivitate,
1774 789 1893 827 cum
1942 790 1973 826 a
2010 773 2162 828 beato
2208 791 2347 845 papa
2385 779 2438 829 et

283 834 392 872 mm
414 836 460 872 31
491 867 805 921 venerabili⁰
828 868 1189 922 archidiacono
1216 868 1483 922 licentiam
1509 868 1777 922 remeandi
1802 868 2106 923 Ravennam
2132 871 2434 941 accepisset,

493 967 771 1032 antequam
811 946 1031 1018 eandem
1068 965 1251 1018 urbem
1289 965 1551 1034 intrasset,
1594 965 1642 1018 ei
1680 982 1820 1018 mors
1858 983 2027 1036 papae
2066 966 2313 1020 nunciata
2338 970 2432 1020 est.

300 1070 391 1118 Apr.
413 1071 460 1107 21
491 1058 626 1113 Nam
672 1060 729 1112 in
774 1060 947 1114 natale
997 1061 1165 1114 sancti
1205 1059 1416 1129 Georgii
1431 1058 1444 1082 ¹
1482 1061 1664 1115 beatus
1703 1061 2004 1115 Alexander
2042 1062 2286 1133 spiritum
2324 1061 2435 1116 celo

489 1155 731 1209 reddidit.

1149 1239 1377 1272 EXPLICIT
1412 1241 1559 1272 LIBER
1588 1239 1773 1273 SEXTUS

1020 1406 1365 1468 INCIPIT
1427 1408 1899 1471 SEPTIMUS.

291 1555 381 1603 Apr.
408 1556 457 1591 22
634 1536 836 1590 Eodem
881 1537 1058 1606 itaque
1106 1535 1235 1606 die²,
1285 1539 1477 1609 prefati
1532 1539 1794 1610 pontificis
1853 1558 2069 1611 corpore
2114 1541 2170 1594 in
2218 1540 2436 1595 ecclesia

489 1633 656 1686 sancti
685 1631 972 1687 Salvatoris
1011 1634 1243 1703 humat0,
1284 1651 1402 1688 cum
1442 1636 1580 1689 circa
1619 1637 1940 1706 sepulturam
1984 1638 2094 1691 eius
2120 1637 2433 1691 venerabilis

487 1729 874 1784 Hildebrandus
933 1735 1070 1784 esset
1118 1735 1425 1801 occupatuS,
1480 1731 1650 1785 factus
1700 1736 1779 1786 est
1825 1733 2104 1803 derepente
2153 1749 2434 1787 concursus

487 1826 821 1894 clericorum,
881 1827 1114 1880 virorum
1164 1843 1225 1880 ac
1271 1827 1577 1897 mulierum,
1627 1828 1990 1882 clamantium:
2039 1831 2434 1884 Hildebrandus

487 1926 775 1994 episcopus,
817 1922 926 1985 Quo
967 1923 1160 1991 audite,
1202 1923 1514 1977 venerabilis
1555 1924 1947 1979 archidiaconus
1989 1926 2216 1996 expavit,
2253 1930 2309 1979 et
2346 1943 2435 1980 ve-

485 2018 685 2087 lociter,
726 2019 904 2072 volens
936 2019 1189 2089 populum
1219 2019 1445 2090 placare,
1486 2022 1715 2075 cucurrit
1741 2022 1806 2074 ad
1833 2018 2139 2092 pulpitum³.
2198 2021 2289 2076 Set
2314 2039 2434 2075 eum

486 2114 636 2183 Hugo
665 2115 930 2168 Candidus
968 2116 1209 2186 prevenit
1247 2120 1299 2170 et
1336 2117 1590 2187 populum
1629 2117 1703 2170 sic
1742 2118 1996 2172 allocutus
2036 2123 2138 2172 est:
2178 2120 2432 2189 Virifra-

486 2223 604 2278 tres,
646 2232 735 2265 vos
774 2215 933 2278 scitis,
977 2216 1104 2283 quia
1142 2234 1176 2266 a
1215 2215 1392 2266 diebus
1431 2216 1614 2266 domni
1636 2215 1827 2268 Leonis
1859 2235 2005 2286 pape
2038 2217 2121 2268 hic
2148 2227 2222 2269 est
2245 2216 2431 2269 Hilde-

487 2309 737 2374 brandus,
781 2312 876 2378 qui
912 2320 1147 2362 sanctam
1174 2310 1472 2362 Romanam
1512 2312 1776 2363 eccleciam
1815 2313 2062 2365 exaltavit
2099 2324 2147 2364 et
2175 2315 2432 2365 civitatem

486 2407 642 2457 istam
691 2405 943 2458 liberavit.
1026 2405 1385 2476 Quapropter,
1440 2409 1567 2475 quia
1614 2409 1686 2459 ad
1727 2408 2085 2477 pontvficatum
2133 2408 2433 2461 Romanum

486 2519 650 2570 neque
687 2502 951 2554 meliorem
988 2520 1153 2571 neque
1179 2503 1349 2568 talem,
1394 2506 1488 2572 qui
1512 2503 1751 2572 eliqatur‚
1793 2504 1979 2556 habere
2001 2523 2294 2574 possumus,
2337 2505 2430 2557 eli-

484 2599 657 2666 qimus
694 2598 848 2662 hune,
890 2600 947 2649 in
985 2609 1166 2651 nostra
1196 2600 1408 2651 ecclesia
1435 2601 1734 2652 ordinatum
1771 2602 1959 2665 viram,
2001 2601 2146 2652 vobis
2182 2601 2434 2671 nobisque

485 2703 664 2746 notum
697 2704 744 2746 et
761 2712 862 2763 per
888 2696 1064 2746 omnia
1082 2695 1384 2764 probatum.
1443 2694 1660 2764 Cunque
1686 2695 1977 2749 cardinales
2004 2696 2236 2766 episcopi
2261 2712 2432 2750 sacer-

487 2788 736 2857 dotesque
776 2793 828 2842 et
863 2788 1053 2843 levitae
1095 2793 1146 2843 et
1185 2791 1449 2860 sequentis
1477 2792 1674 2845 ordinis
1702 2792 1877 2845 clerici
1903 2791 2332 2861 conclamassent,
2373 2795 2432 2845 ut

486 2900 598 2937 mos
649 2888 752 2937 est:
810 2884 1122 2956 Greyorium
1166 2906 1370 2958 papam
1417 2900 1625 2942 sanctus
1663 2890 1854 2943 Petrus
1894 2890 2066 2958 eleyit,
2117 2889 2360 2942 continuo
2399 2905 2431 2941 a

486 2980 679 3050 populo
718 2980 944 3034 trahitur
982 2982 1314 3053 rapiturque3
1356 2987 1408 3037 et
1447 2983 1514 3036 ad
1539 2984 1761 3038 Vincula
1797 2984 1938 3039 beati
1961 2983 2106 3037 Petri
2131 3014 2200 3020 —
2227 3000 2332 3037 non
2363 2983 2429 3037 ad

485 3072 905 3130 Brixianorium⁴
931 3108 1000 3115 —
1039 3078 1235 3132 invitus
1273 3079 1636 3133 intronizatur.

294 3186 384 3233 Apr.
407 3186 454 3222 23
633 3172 733 3236 Qui
771 3175 1008 3243 sequenti
1043 3175 1144 3244 die,
1184 3192 1360 3229 secum
1385 3180 1560 3230 mente
1585 3179 1929 3246 pertractanS,
1970 3175 2036 3229 ad
2062 3179 2313 3245 quantum
2337 3192 2429 3246 pe-

604 3309 638 3335 8.
674 3307 874 3348 sequuntur
901 3302 938 3336 in
966 3300 1051 3336 cod.
1078 3302 1205 3337 ilerum
1232 3301 1347 3337 haec:
1381 3312 1481 3349 papa
1501 3290 1544 3338 ¹ei:
1569 3300 1787 3338 venerabili.

605 3371 645 3413 1.
692 3370 721 3414 i.
755 3382 794 3414 e.
835 3370 908 3414 die
949 3371 1006 3415 23
1044 3369 1228 3427 Aprilis.
1299 3370 1364 3415 At
1399 3371 1709 3416 Alexandrum
1748 3372 1794 3416 11
1839 3374 2016 3415 constat
2054 3371 2127 3415 die
2165 3373 2220 3416 21
2260 3370 2429 3429 Aprilis

485 3440 665 3486 obiisse.
817 3445 858 3488 2.
899 3445 1025 3488 Beno
1057 3457 1236 3501 quoque
1278 3479 1298 3502 „
1316 3443 1574 3490 Alexandro
1606 3444 1843 3502 defuncto,
1883 3445 2042 3489 eadem
2079 3444 2223 3489 hora“
2258 3444 2428 3502 Grego-

484 3514 598 3558 rium
630 3516 718 3560 VH
752 3517 948 3561 electum
987 3530 1089 3562 esse
1127 3516 1278 3562 refert.
1342 3517 1434 3563 Sed
1473 3517 1530 3563 cf.
1572 3519 1684 3575 Reg.
1716 3519 1738 3562 I
1770 3520 1793 3562 1
1836 3521 1883 3561 et
1912 3519 1940 3562 6
1971 3514 2107 3574 supra
2144 3533 2188 3575 p.
2221 3520 2248 3563 9
2279 3523 2326 3563 et
2357 3519 2426 3564 14.

485 3587 526 3629 3.
559 3587 798 3632 ambonem
829 3603 866 3634 s.
897 3589 1108 3635 tribunal.
1257 3592 1301 3636 4.
1341 3592 1576 3649 Brixinae,
1617 3591 1697 3637 ubi
1726 3590 1958 3637 Wibertus
1998 3592 2213 3649 antipapa
2248 3605 2288 3637 a.
2312 3593 2429 3637 1080

484 3660 653 3704 electus
685 3666 768 3704 est.
816 3662 882 3706 Cf.
915 3662 1044 3706 infra.
