2730 4198
686 291 961 330 GREGORII
998 293 1078 329 vn
1115 291 1379 330 REGISTRI
1416 292 1518 330 vm
1545 291 1605 329 25.
1626 292 1675 329 26
1705 289 1769 337 (lx
1788 292 1823 328 2.
1843 289 1894 337 3).
2155 278 2223 329 47
2231 279 2263 330 3

468 408 548 462 De
586 367 756 463 cetero
794 410 970 477 regiae
995 407 1380 463 munificentiae
1406 414 1526 463 tuae
1553 408 1892 478 gratulamur,
1933 409 2079 462 cuius
2105 408 2267 461 animi
2298 414 2411 458 1081

322 505 648 559 devotionem
686 505 742 557 in
781 522 839 558 eo
879 505 1035 575 plane
1075 505 1200 558 satis
1241 506 1570 573 agnoscimus
1610 509 1764 573 atque
1792 508 2129 572 agnoscentes
2157 519 2266 557 am-

319 601 613 672 plectimur,
656 601 817 669 quod:
860 601 1042 670 quanti
1068 601 1278 654 beatum
1302 601 1515 654 Petrum
1541 600 1739 668 fecerit,
1773 617 1837 653 ex
1865 600 1999 652 dono
2026 603 2267 669 patenter

323 697 596 750 ostendere
634 697 815 750 voluit.
874 697 945 750 Et
983 701 1137 764 certe,
1179 713 1296 749 cum
1335 696 1413 749 tui
1452 695 1623 747 cordis
1663 711 1895 747 amorem
1921 711 2110 748 munus
2136 694 2267 747 illud

320 810 415 863 per
452 810 508 846 se
547 793 674 846 satis
715 791 1030 846 sufficienter
1069 792 1325 860 ostendat,
1365 795 1478 843 tum
1518 790 1677 843 etiam
1715 794 1837 842 tuae
1875 789 1996 843 fidei
2021 790 2266 843 meritum

318 888 448 942 illud
485 889 662 959 ipsum
699 893 881 941 mutua
919 889 1029 942 vice
1067 888 1220 955 longe
1257 903 1381 940 vero
1419 886 1588 953 magis
1629 885 1960 938 commendat
1983 885 2267 955 multisque

320 985 588 1053 gentibus,
629 1002 656 1038 e
697 984 896 1038 cunctis
934 983 1116 1036 mundi
1153 982 1391 1052 partibus
1432 982 1498 1034 ad
1537 981 1795 1048 gremium
1833 982 2017 1034 matris
2057 986 2266 1035 sanctae

319 1080 583 1134 Romanae
631 1080 879 1134 ecclesiae
917 1078 1269 1146 venientibUS,
1323 1077 1388 1130 ad
1435 1077 1687 1131 honorem
1736 1082 1882 1130 tuum
1924 1077 2062 1131 clare
2099 1078 2266 1131 mani-

320 1176 492 1229 festat.
551 1176 622 1229 Et
660 1176 885 1245 quidem,
924 1174 1048 1228 licet
1083 1174 1213 1227 illud
1239 1190 1429 1227 munus
1454 1178 1565 1226 tam
1593 1173 1828 1244 amplum
1856 1177 1908 1226 et
1932 1172 2264 1242 magnificum

320 1272 502 1340 fuerit,
553 1276 610 1324 ut
658 1275 710 1324 et
747 1275 799 1324 te
836 1287 1014 1338 regem
1053 1270 1176 1323 dare
1217 1274 1269 1323 et
1305 1269 1514 1323 beatum
1555 1269 1771 1323 Petrum
1811 1269 2043 1339 recipere
2081 1286 2267 1323 conve-

319 1368 523 1420 nienter
562 1367 807 1433 decuerit,
847 1370 1023 1419 tamen
1055 1366 1111 1418 in
1136 1366 1226 1418 illo
1257 1366 1418 1418 animi
1443 1366 1522 1419 tui
1550 1366 1879 1420 devotionem
1906 1365 2070 1418 multo
2097 1366 2266 1434 magis

320 1462 708 1532 amplectimur,
752 1478 900 1530 quae,
943 1462 1124 1530 quanti
1165 1461 1375 1515 beatum
1413 1459 1629 1516 Petrum
1667 1462 1867 1529 fecerit,
1907 1462 2135 1515 ostendit
2172 1479 2266 1532 pa-

317 1560 487 1611 tenter
526 1575 591 1611 ex
630 1557 780 1611 dono.
840 1557 919 1610 Eo
958 1558 1120 1625 igitur
1157 1562 1217 1611 ut
1255 1558 1470 1626 dignum
1497 1563 1578 1612 est
1604 1558 1849 1612 decenter
1876 1561 2133 1628 susceptO,
2174 1558 2265 1611 do-

316 1669 470 1722 num,
519 1654 656 1723 quod
703 1653 929 1707 Domino
977 1654 1234 1722 largiente
1283 1654 1430 1708 sedes
1476 1654 1636 1708 habet
1674 1653 1985 1724 apostolica,
2033 1654 2266 1708 sincerae

317 1752 439 1802 tuae
479 1749 742 1803 devotioni
779 1750 1026 1804 remittit:

467 1845 806 1915 Omnipotens
833 1846 993 1914 DeuS,
1035 1846 1269 1899 omnium
1302 1863 1480 1900 rerum
1506 1850 1709 1899 creator
1736 1849 1788 1899 et
1811 1849 1982 1899 rector
2008 1846 2266 1899 omnium-

322 1958 421 2011 que
460 1941 776 2010 dignitatum
811 1941 1090 1996 ineffabilis
1130 1942 1440 2012 dispositor,
1491 1942 1581 2011 qui
1620 1941 1711 1995 dat
1750 1942 1972 1996 salutem
2010 1941 2219 2010 regibus
2236 1938 2265 2010 ¹,

317 2037 518 2091 meritis
577 2038 862 2092 altissimae
920 2039 1160 2092 dominae
1218 2038 1485 2105 genitricis
1533 2038 1635 2092 Dei
1682 2038 1879 2092 Mariae
1930 2038 2266 2107 omniumque

318 2137 632 2202 sanctorum,
661 2135 970 2188 auctoritate
995 2134 1261 2188 beatorum
1293 2133 1648 2204 apostolorum
1674 2133 1819 2187 Petri
1846 2138 1896 2187 et
1920 2133 2087 2202 Pauli,
2114 2134 2264 2188 nobis

314 2228 439 2283 licet
475 2229 704 2297 indignis
743 2247 839 2300 per
877 2246 963 2284 eos
1004 2230 1351 2299 qualicunque
1389 2230 1695 2298 commissa,
1736 2234 1788 2283 te
1827 2234 2048 2298 tuosque
2085 2228 2265 2300 fideles

314 2323 371 2377 in
411 2324 618 2379 Christo
660 2325 723 2379 ab
764 2326 1004 2380 omnibus
1043 2326 1271 2396 peccatis
1320 2325 1582 2392 absolvat3
1627 2326 1817 2395 detque
1855 2325 1952 2379 tibi
1990 2326 2266 2379 victoriam

317 2420 380 2474 de
417 2421 644 2475 inimicis
683 2422 975 2476 visibilibus
1016 2426 1068 2476 et
1104 2422 1472 2476 invisibilibus„
1534 2421 1764 2476 Mentem
1799 2428 1941 2475 tuam
1972 2438 2178 2492 semper
2202 2421 2266 2474 il-

315 2516 562 2585 luminet,
601 2521 676 2586 ut,
717 2519 826 2572 eius
866 2518 1156 2573 bonitatem
1196 2523 1248 2572 et
1285 2519 1570 2572 humanam
1608 2517 1945 2587 fragilitatem
1990 2517 2267 2586 diligenter

316 2613 678 2682 perspiciendo
694 2655 709 2683 ,
767 2615 950 2668 mundi
1006 2614 1226 2682 gloriam
1277 2614 1535 2685 despicias
1586 2618 1639 2669 et
1686 2614 1753 2668 ad
1802 2617 2068 2668 aeternam
2112 2613 2265 2668 beato

315 2707 470 2762 Petro
509 2709 638 2763 duce
674 2711 965 2780 pervenias.

315 2871 447 2934 VIII
473 2876 552 2933 26
590 2870 688 2943 (IX
716 2875 792 2946 3).
842 2879 1129 2934 Alcmanno
1173 2883 1414 2952 episcopo
1444 2882 1756 2934 Pataviensi
1791 2891 1839 2933 et
1875 2880 2128 2933 Wllelmo
2169 2881 2264 2933 ab·

503 2969 614 3020 bati
658 2968 1035 3038 Hirsauqiensi
1077 2972 1310 3034 nuntiat,
1369 2981 1574 3023 mortuo
1616 2969 1853 3038 Roduffo
1902 2987 2022 3038 reye
2066 2987 2119 3019 se
2168 2969 2265 3020 ad-

501 3059 731 3121 moneri,
773 3067 832 3110 ut
867 3057 1180 3110 Heinricum
1216 3060 1273 3110 in
1309 3060 1540 3128 qratiam
1577 3060 1816 3128 recipz‘at.
1894 3057 1981 3109 De
2019 3057 2266 3108 subsidiis

501 3146 757 3198 Mathildi
806 3147 1069 3198 mittendis
1079 3165 1097 3207 ,·
1148 3147 1210 3198 de
1259 3146 1488 3215 Welfone
1538 3148 1667 3198 duce
1715 3147 1787 3197 ad
1832 3145 1878 3196 b.
1915 3146 2069 3197 Petri
2100 3145 2266 3212 fidem

501 3235 829 3287 adhortando
840 3253 858 3296 ;
909 3235 971 3285 de
1019 3252 1152 3286 novo
1198 3253 1318 3305 φερε
1369 3235 1630 3304 eliyend03
1679 3235 1742 3285 de
1779 3233 2130 3306 sacm·d0tibu8
2168 3233 2263 3285 Ιιοσ

502 3334 729 3393 tempore
766 3323 1093 3392 indulyentia
1130 3324 1447 3384 tractandi33
1487 3323 1550 3374 de
1587 3323 1786 3392 synodo
1825 3340 1994 3392 nuper
2031 3321 2224 3373 habita.

463 3415 746 3485 Gregorius
787 3418 1062 3488 episcopus
1102 3434 1282 3470 servus
1325 3433 1595 3470 servorum
1620 3415 1721 3469 Dei
1759 3416 1946 3469 dilecto
1973 3416 2029 3468 in
2055 3414 2262 3469 Christo
2297 3429 2409 3474 1081

317 3511 470 3565 fratri
508 3517 560 3566 et
598 3513 904 3583 coepiscopo
943 3512 1245 3566 Pataviensi
1269 3512 1603 3579 A(ltmanno)
1646 3515 1698 3565 et
1734 3511 2019 3566 venerabili
2044 3511 2263 3565 Hirsau-

317 3607 484 3675 giensi
522 3607 698 3662 abbati
721 3607 1025 3677 W(illelmo)
1067 3608 1288 3663 salutem
1327 3613 1379 3663 et
1417 3606 1756 3678 apostolicam
1794 3589 2222 3662 benedictionem.

436 3708 477 3752 1.
506 3707 581 3753 ΡΒ.
604 3708 704 3766 143,
725 3708 797 3753 10.
