2722 4172
803 283 1078 323 GREGORII
1112 286 1205 337 vn,
1227 285 1490 325 REGISTRI
1525 287 1549 323 1
1575 286 1637 322 22.
1661 285 1721 322 23.
2157 273 2228 326 39

295 400 490 454 stianos
527 400 852 455 habentibus,
911 402 1077 471 Haec,
1124 402 1220 456 filii
1265 403 1556 473 karissimi,
1604 419 1815 472 gemens
1853 402 2051 472 cogito,
2098 402 2228 458 flens

295 497 479 566 sci-ihc,
519 496 695 551 dolore
733 498 901 552 cordis
938 499 1123 552 intimo
1160 499 1307 553 vobis
1345 500 1511 553 mitto,

437 592 684 648 Pervenit
729 595 920 666 quippe
959 596 1026 648 ad
1064 612 1214 649 aures
1251 598 1482 663 nostraS,
1533 595 1785 664 quosdam
1822 597 2054 650 vestrum
2090 595 2230 650 inre-

289 689 473 758 ligiose
509 690 565 743 in
602 690 770 759 legem
809 690 1003 745 Christi
1040 695 1219 745 contra
1257 690 1523 744 Christum
1562 690 1842 762 Cyriacum
1878 691 2229 746 venerabilem

289 778 505 840 fratrem
551 791 814 857 nostrum,
861 791 1094 841 vestrum
1140 805 1262 841 vero
1312 787 1758 857 archiepiscopum
1804 791 1856 842 et
1901 788 2228 858 magistrum,

288 883 448 936 immo
486 900 610 937 vero
635 885 798 938 vestri
834 884 1100 951 christum,
1142 887 1270 954 aput
1295 882 1579 937 Saracenos
1618 884 1694 937 sic
1719 900 2006 954 accusasse,
2044 885 2228 953 iurgiis

289 979 624 1034 detractionis
664 981 738 1033 sic
775 979 1047 1049 lacerasse,
1092 984 1152 1033 ut
1188 980 1324 1033 inter
1361 980 1590 1033 latrones
1628 984 2007 1050 numeraretur,
2047 981 2228 1036 verbe-

288 1076 431 1130 ribus
457 1076 643 1145 dignus
670 1076 952 1130 cederetur.
1013 1076 1055 1130 O
1083 1076 1381 1146 exemplum
1406 1075 1661 1145 iniquum,
1688 1078 1852 1130 vestri
1878 1081 1930 1131 et
1953 1077 2227 1132 universae

289 1176 497 1227 sanctae
536 1173 783 1227 ecclesiae
821 1172 1086 1226 dedecoris
1125 1171 1438 1242 exemplum.
1499 1170 1736 1226 Christus
1775 1173 1967 1227 iterum
2004 1175 2225 1244 capitur,

286 1269 433 1323 falsis
460 1269 842 1323 accusatoribus
879 1273 930 1322 et
953 1269 1172 1323 testibus
1199 1269 1589 1337 condemnatur,
1628 1269 1766 1323 inter
1789 1269 2018 1324 latrones
2044 1288 2226 1325 nume-

285 1370 429 1419 ratus
467 1365 767 1419 verberibus
807 1365 1019 1419 ceditur.
1080 1364 1130 1418 A
1169 1365 1390 1434 quibus?
1449 1363 1548 1428 Qui
1587 1365 1696 1419 eius
1736 1366 1978 1420 dicuntur
2017 1367 2227 1422 credere

284 1461 719 1531 incarnationem,
769 1462 877 1516 eius
927 1462 1086 1515 etiam
1127 1462 1366 1515 venerari
1411 1461 1710 1531 passionem
1759 1466 2066 1533 caeteraque
2116 1464 2225 1518 eius

285 1562 466 1612 sancta
488 1559 738 1630 mysteria
761 1557 863 1612 fide
890 1558 1149 1629 amplecti.
1208 1558 1372 1612 Estne
1401 1575 1559 1628 super
1585 1558 1664 1612 his
1691 1559 1986 1628 tacendum,
2027 1577 2094 1613 an
2119 1560 2224 1615 cla-

282 1655 531 1709 mandum
571 1660 624 1709 et
646 1654 771 1709 fletu
797 1655 1191 1724 corrigendum?
1251 1654 1515 1725 Scriptum
1544 1659 1647 1708 est:
1690 1655 1888 1723 Clama,
1930 1676 1994 1710 ne
2021 1654 2222 1711 cesses¹.

282 1751 427 1806 Alibi
466 1753 624 1806 etiam
660 1756 1024 1823 praeceptum:
1073 1754 1202 1806 Nisi
1237 1755 1638 1806 annunciaveris
1675 1756 1858 1823 iniquo
1895 1756 2224 1825 iniquitatem

283 1868 448 1915 cuam,
489 1852 794 1920 sanquinem
820 1852 926 1902 eius
953 1851 1015 1902 de
1039 1869 1199 1902 mann
1225 1861 1315 1903 tua
1339 1845 1647 1919 requiram2.
1706 1848 2026 1904 Necessitate
2063 1850 2224 1919 igitur

282 1944 535 2014 clamabO,
574 1946 882 2000 necessitate
908 1949 1113 2015 oportet
1138 1945 1412 2014 corrigere,
1446 1962 1512 1999 ne
1539 1945 1750 2013 sanguis
1775 1950 1949 2000 vester
1974 1946 2038 1999 de
2062 1964 2224 2001 manu

281 2058 400 2096 mea
436 2045 732 2111 quaeratur,
771 2059 837 2096 ne
874 2060 970 2113 pro
1008 2042 1236 2113 peccatis
1262 2042 1449 2096 vestris
1481 2045 1600 2096 ante
1624 2042 1850 2096 iudicem
1873 2043 2220 2113 tremendum,

283 2142 402 2192 ante
438 2139 663 2192 iudicem
699 2139 896 2192 iustum
923 2143 974 2193 et
1006 2138 1385 2192 immutabilem
1413 2137 1628 2207 affligar.
1687 2138 1902 2192 Viscera
1925 2139 2086 2207 igitur
2109 2140 2221 2211 pie-

279 2235 403 2288 tatis
441 2239 708 2306 paternae,
746 2237 947 2290 viscera
982 2235 1369 2289 misericordiae
1408 2251 1564 2305 super
1588 2252 1681 2288 vos
1711 2234 1809 2289 hoc
1831 2235 1985 2289 modo
2014 2236 2218 2306 aperi03

278 2332 471 2402 partim
512 2333 634 2402 quia
674 2333 740 2385 ad
776 2349 871 2386 nos
909 2332 1056 2386 vobis
1094 2331 1260 2385 facilis
1298 2349 1403 2385 non
1439 2336 1518 2386 est
1541 2332 1793 2386 transitus
1818 2336 2034 2403 propter
2058 2333 2218 2387 maris

277 2427 434 2497 longa
471 2433 524 2482 et
557 2429 851 2500 periculosa
888 2429 1074 2500 spatia,
1113 2428 1307 2499 partim
1339 2430 1461 2499 quia
1498 2445 1709 2483 causam
1746 2429 1839 2498 ire,
1878 2444 2090 2482 causam
2127 2429 2219 2483 do-

278 2524 403 2578 loris
444 2528 495 2578 et
530 2526 762 2580 malitiae
798 2526 981 2594 ignoro
1031 2526 1105 2579 sic
1144 2526 1424 2594 discutere,
1474 2530 1533 2579 ut
1578 2543 1734 2597 super
1778 2525 1860 2579 his
1907 2526 2220 2580 sententiam

281 2621 634 2675 determinem.
693 2623 978 2691 Admoneo,
1019 2623 1327 2676 auctoritate
1355 2623 1641 2693 apostolica
1665 2623 1946 2694 praecipiO,
1981 2626 2057 2692 ut,
2084 2623 2219 2677 sicut

280 2717 587 2771 temeritatis
606 2723 808 2773 vestrae
827 2720 1051 2773 foetores
1077 2723 1129 2773 et
1153 2720 1417 2773 inauditae
1442 2720 1705 2789 nequitiae
1729 2723 1959 2773 mentem
1983 2723 2218 2773 nostram

278 2813 495 2867 tristitia
531 2814 694 2868 nimia
729 2815 1069 2884 turbaverint,
1110 2816 1185 2869 sic
1219 2816 1552 2870 correctionis
1581 2820 1632 2870 et
1655 2816 2006 2887 poenitentiae
2033 2816 2215 2870 odores

278 2909 567 2964 redolentes
615 2914 844 2964 mentem
885 2915 1121 2964 nostram
1166 2912 1223 2964 in
1267 2912 1523 2966 laetitiam
1560 2917 1778 2967 mutent.
1846 2912 1993 2976 Quod
2031 2913 2076 2966 si
2110 2929 2217 2966 non

277 3007 521 3076 feceritiS,
562 3007 734 3076 gladio
774 3007 1118 3061 anathematis
1156 3025 1249 3061 vos
1286 3009 1423 3063 iuste
1460 3010 1749 3080 percutiam
1791 3013 1843 3063 et
1881 3010 2047 3063 sancti
2071 3009 2215 3064 Petri

279 3107 332 3158 et
353 3107 588 3157 nostram
614 3121 769 3174 super
794 3121 886 3157 vos
912 3103 1329 3158 maledictionem
1355 3106 1604 3160 emittam.
1657 3106 1797 3160 Data
1823 3105 1999 3176 Gapue
2024 3107 2086 3159 17
2109 3105 2213 3159 Ka-

276 3200 457 3254 lendas
496 3200 750 3270 OctobriS,
786 3200 1070 3254 indictione
1114 3202 1195 3253 12.

277 3350 302 3412 Ι
336 3355 435 3413 23.
479 3356 754 3428 Cyriacum
789 3359 1084 3428 episcopum
1111 3356 1601 3428 Carthayiniensem,
1644 3368 1690 3410 et
1728 3357 2128 3410 christianorum
2165 3369 2214 3411 et

481 3445 864 3500 Saracenorum
901 3448 1113 3498 iniuriis
1152 3447 1405 3516 affectum,
1449 3446 1758 3499 consolatur.

425 3540 703 3610 Gregorius
751 3542 1022 3612 episcopus
1073 3558 1250 3594 servus
1291 3558 1559 3595 servorum
1595 3540 1696 3595 Dei
1736 3540 1952 3612 Cyriaco
1992 3540 2210 3596 Cartha-

277 3639 478 3706 ginensi
516 3638 758 3709 episcopo
798 3638 1020 3692 salutem
1058 3642 1110 3691 et
1149 3637 1485 3708 apostolicam
1521 3637 1948 3693 benedictionem.

394 3740 435 3784 1.
466 3739 569 3784 Isai.
591 3740 662 3796 58,
686 3740 726 3783 1.
905 3741 946 3784 2.
980 3738 1047 3785 Cf.
1069 3739 1232 3784 Ezech.
1255 3739 1327 3797 33,
1349 3740 1391 3784 8.

2282 409 2398 455 1073

2257 468 2361 519 Sept.
2380 472 2429 510 15

2264 3548 2379 3592 1073

2239 3607 2342 3656 Sept.
2362 3608 2410 3646 15
