2722 4172
258 777 374 821 1074

232 837 327 875 Nov.
348 838 396 876 16

255 2984 371 3028 1074

230 3045 326 3083 Nov.
346 3046 394 3083 16

434 243 536 296 136
928 255 1202 294 GREGORII
1238 255 1317 291 vn
1354 254 1618 292 REGISTRl
1655 255 1697 292 11
1723 255 1784 291 23.
1810 255 1871 293 24.

428 367 479 428 Π
513 371 613 430 23.
649 373 715 426 In
765 374 1099 426 Isembertum
1150 374 1448 442 episcopum
1494 372 1851 425 Pictaveneem
1888 377 2291 444 pronuntiatum
2335 395 2370 428 a

651 470 815 540 Zeqato
873 486 965 521 suo
1022 468 1353 520 interdictum
1403 466 1698 534 confirma&
1757 486 1970 539 eumque
2015 473 2370 523 communione

647 567 840 635 privat,
882 565 1043 616 donec
1079 566 1137 615 in
1175 564 1374 633 synodo
1412 581 1465 615 se
1502 564 1702 616 stiterit.
1769 563 1951 618 Venire
1987 568 2037 619 si
2069 567 2366 636 περῖθωθνίι,

633 660 763 730 sore
798 670 856 713 ut
892 661 1162 712 deiciatur.

575 768 855 838 Gregorius
901 769 1174 839 episcopus
1214 785 1394 823 servus
1433 784 1700 822 servorum
1738 767 1839 822 Dei
1876 768 2159 825 Isemberto
2197 770 2370 826 Picta-

427 865 574 919 vensi
612 866 870 935 episcopo.

575 960 831 1024 Quoniam
878 960 1184 1014 interdictus
1233 977 1265 1013 a
1300 959 1472 1027 legato
1510 963 1687 1012 nostro
1728 958 1942 1013 Giraldo
1983 960 2222 1016 Ostiense
2260 963 2371 1033 epi-

427 1071 584 1126 scopo
630 1056 840 1110 obedire
877 1056 1261 1126 contempsisti,
1310 1055 1583 1109 concilium
1622 1059 1800 1109 nostro
1838 1061 2116 1127 praecepto
2157 1073 2372 1126 congre-

426 1155 607 1219 gatum
642 1151 896 1205 violenter
933 1152 1272 1220 conturbasti,
1310 1152 1505 1205 nostris
1544 1168 1747 1220 quoque
1785 1152 2079 1222 praeceptis
2116 1152 2180 1206 de
2214 1169 2373 1208 causa

427 1247 595 1300 sancti
631 1246 798 1300 Ylarii
844 1248 1148 1302 inobediens
1188 1247 1436 1316 extitisti,
1488 1248 1796 1310 auctoritate
1834 1248 2190 1318 apostolorum
2226 1248 2372 1304 Petri

427 1346 479 1396 et
523 1341 675 1396 Pauli
721 1343 1057 1397 interdictum
1104 1344 1230 1398 tibi‘·
1270 1361 1301 1397 a
1347 1347 1526 1397 nostro
1580 1342 1751 1411 legato
1802 1343 2095 1414 episcopale
2144 1343 2371 1399 officium

424 1454 532 1491 non
569 1438 738 1491 solum
775 1438 1158 1507 confirmamuS,
1197 1456 1380 1493 verum
1419 1439 1576 1492 etiam
1615 1443 1668 1492 te
1695 1457 1726 1492 a
1751 1440 2113 1495 communione
2139 1442 2371 1512 corporis

426 1537 479 1587 et
515 1534 782 1601 sanguinis
823 1534 1021 1587 domini
1058 1535 1226 1588 nostri
1263 1535 1380 1588 Iesu
1407 1534 1602 1588 Christi
1640 1551 1943 1604 separamus
1981 1553 2146 1605 usque
2187 1537 2253 1590 ad
2289 1537 2371 1591 fu-

424 1633 598 1682 turam
637 1629 920 1699 synodum,
968 1646 1126 1698 quam
1163 1629 1275 1683 Deo
1316 1633 1575 1683 annuente
1610 1630 1668 1682 in
1703 1630 1877 1700 prima
1915 1631 2205 1686 ebdomada
2244 1649 2370 1702 qua-

424 1721 779 1793 dragesimae¹
812 1725 1124 1779 celebraturi
1161 1742 1364 1792 sumus3
1404 1725 1508 1778 nisi
1544 1725 1679 1779 forte
1715 1726 1946 1796 periculo
1984 1728 2168 1781 mortis
2196 1728 2371 1782 immi-

423 1824 605 1890 nente,
658 1825 710 1875 et
746 1820 869 1888 hoc,
907 1821 1252 1892 praecedente
1291 1821 1644 1875 satisfactione
1683 1826 2009 1876 sacramento
2048 1821 2368 1878 confirmata.

422 1915 780 1987 Praecipimus
810 1917 968 1971 etiam
995 1917 1177 1971 eadem
1205 1917 1491 1988 apostolica
1520 1918 1843 1986 auctoritate,
1882 1922 1943 1971 ut
1966 1918 2022 1971 in
2047 1908 2222 1973 futuro
2249 1936 2371 1974 con-

423 2011 542 2065 cilio
590 2012 697 2066 iam
745 2013 883 2066 dicto
928 2017 981 2067 te
1017 2013 1169 2067 nobis
1207 2017 1567 2083 repraesentes
1608 2017 1660 2067 et
1698 2013 1762 2067 de
1799 2013 1880 2067 his
1920 2015 2158 2069 omnibus
2199 2019 2252 2069 et
2288 2033 2370 2070 ce-

422 2108 566 2177 teriS,
608 2124 740 2176 quae
777 2108 876 2162 tibi
912 2109 1060 2163 illata
1098 2113 1234 2178 sunt,
1274 2110 1532 2163 rationem
1568 2110 1868 2163 redditurus
1896 2111 2092 2164 veniaS.
2152 2110 2300 2175 Quod
2326 2112 2371 2166 si

422 2221 529 2257 non
565 2204 768 2273 feceriS,
808 2205 1015 2258 noveris
1054 2208 1106 2259 te
1143 2206 1199 2258 in
1238 2205 1419 2258 eadem
1458 2205 1656 2275 synodo
1697 2205 1891 2274 absque
1929 2222 2022 2276 spe
2055 2206 2263 2261 futurae
2287 2225 2369 2262 re-

423 2299 800 2353 conciliationis
836 2299 1214 2370 deponendum.
1274 2301 1414 2354 Data
1437 2300 1634 2354 Romae
1665 2302 1729 2354 16
1758 2301 2019 2356 Kalendas
2045 2301 2367 2372 DecembriS,

422 2395 707 2449 indictione
750 2396 832 2448 13.
2248 2403 2251 2405 ’

423 2565 475 2627 II
509 2569 610 2627 24.
651 2570 898 2626 Gozelino
920 2573 1308 2644 archiepiscopo
1320 2574 1703 2645 Burdiqalenei
1721 2585 1768 2628 et
1785 2572 2064 2630 Guilielmo
2090 2575 2237 2629 VIII
2248 2578 2369 2630 duct

647 2667 971 2738 Aquitaniae
1007 2670 1240 2734 mandat,
1282 2672 1331 2721 si
1367 2672 1637 2741 episcopus
1662 2672 1986 2724 Pictavensis
2018 2674 2090 2724 ad
2112 2674 2370 2743 synodum

611 2759 613 2761 ’
646 2782 753 2816 non
790 2767 1009 2830 venerit,
1060 2775 1118 2817 ut
1162 2765 1251 2817 ille
1289 2766 1655 2819 ecclesiasticas
1691 2787 1798 2833 2⁰63,
1840 2768 1923 2820 hic
1959 2770 2369 2822 iurisdictionem

647 2862 755 2912 eius
793 2861 1132 2914 administret.

574 2968 855 3038 Gregorius
904 2970 1177 3041 episcopus
1218 2988 1398 3025 servus
1439 2989 1708 3027 servorum
1745 2972 1845 3028 Dei
1884 2972 2130 3028 Gozelino
2168 2973 2366 3028 Burde-

424 3065 625 3133 galensi
664 3066 1051 3137 archiepiscopo
1093 3071 1246 3136 atque
1286 3066 1594 3123 Guilielmo²
1634 3069 1752 3123 duci
1789 3069 2105 3140 Aquitaniae
2145 3069 2366 3123 salutem

425 3165 478 3215 et
516 3161 858 3232 apostolicam
894 3162 1322 3217 benedictionem.

571 3257 767 3312 Notum
803 3257 918 3312 fieri
942 3258 1181 3312 volumus
1207 3264 1410 3314 vestrae
1445 3259 1725 3329 dilectioni,
1764 3277 1858 3314 nos
1886 3260 2169 3314 Isemberto
2194 3259 2366 3314 Picta-

424 3353 571 3406 vensi
609 3354 853 3425 episcopo
891 3355 1248 3409 mandavisse:
1289 3355 1545 3419 Quoniam
1569 3356 1875 3410 interdictus
1914 3373 1945 3409 a
1976 3355 2146 3424 legato
2184 3359 2364 3410 nostro

429 3446 641 3502 Giraldo
691 3449 929 3505 Ostiense
977 3451 1220 3522 episcopo
1273 3470 1472 3523 usque
1528 3454 1609 3505 ad
1651 3454 1719 3505 id
1768 3454 1935 3522 quod
1981 3455 2111 3505 ait.-
2171 3452 2365 3521 absque

538 3576 571 3601 a.
605 3565 676 3602 tibi
704 3567 854 3603 addidi.

543 3636 584 3680 1.
617 3636 732 3681 1075
751 3635 883 3681 Febr.
905 3638 1094 3682 22—28.
1205 3640 1247 3683 2.
1280 3638 1346 3684 VI
1366 3638 1519 3683 comiti
1538 3638 1808 3695 Pictavensi,
1824 3638 1933 3684 VIII
1953 3638 2058 3683 duci
2076 3637 2363 3696 Aquitaniae.
