2730 4198
823 315 1098 355 GREGORII
1134 317 1213 354 vn
1250 315 1513 355 REGISTRI
1550 317 1608 353 VI
1635 317 1670 353 9.
1699 316 1759 352 10.
2159 303 2266 356 339

326 432 706 486 Tarvannensis
748 432 994 487 ecclesiae
1031 432 1248 487 Ernolfo
1289 437 1340 487 et
1377 430 1640 487 Huberto¹
1680 437 1732 487 et
1770 432 2058 502 canoniciS,
2100 433 2145 486 si
2183 449 2268 487 ca-

322 529 504 582 nonice
542 529 786 597 vixerint,
826 529 1048 583 salutem
1088 534 1140 584 et
1179 530 1519 601 apostolicam
1557 529 1987 583 benedictionem.

469 623 694 677 Clericos
735 624 799 678 de
837 629 1007 679 castro
1046 625 1223 679 Sancti
1247 625 1414 694 Pauli,
1456 626 1519 678 de
1559 625 1746 693 quibus
1786 626 2020 679 canonici
2047 624 2270 680 Sanctae

321 719 517 773 Mariae
576 724 628 774 et
675 719 854 775 Sancti
898 721 1190 775 Audomari
1240 739 1334 791 per
1383 720 1755 788 Ingelrannum
1803 727 1855 775 et
1902 722 2032 775 alios
2079 722 2267 776 fratres

324 816 433 869 eius
472 816 622 870 nobis
663 820 785 870 sunt
823 818 1117 886 conquesti,
1159 817 1225 870 ad
1263 817 1529 870 civitatem
1571 817 1901 871 Tarvennam
1941 835 2005 871 ex
2045 819 2269 871 auctori-

322 916 432 967 tate
469 916 651 967 nostra
688 931 866 968 omnes
906 918 1200 981 convocate,
1241 916 1293 966 et
1329 911 1531 966 litteras
1569 917 1777 966 nostras
1818 914 1892 966 eis
1919 913 2094 982 legite,
2137 930 2269 982 quae

322 1011 468 1065 vobis
518 1011 779 1065 dabuntur
827 1026 889 1064 ex
937 1013 1118 1063 nostra
1165 1011 1330 1078 parte.
1410 1007 1604 1071 Quodsi
1651 1009 1920 1063 noluerint
1962 1009 2139 1063 venire
2187 1009 2271 1063 vel

323 1108 588 1162 venientes
626 1107 814 1160 litteris
852 1105 1045 1159 nostris
1084 1121 1190 1158 non
1229 1104 1496 1173 oboedire,
1537 1122 1743 1158 omnem
1784 1105 2031 1159 ecclesiae
2069 1106 2269 1173 ingres-

325 1220 440 1256 sum
489 1206 564 1271 et,
615 1202 752 1272 quod
789 1202 845 1254 in
882 1201 1071 1254 litteris
1109 1200 1303 1254 nostris
1343 1201 1417 1254 eis
1458 1201 1860 1270 contradicitur,
1912 1202 2268 1271 contradicite,

325 1303 376 1353 et
412 1299 627 1368 insuper
676 1297 920 1367 quicquid
967 1296 1031 1350 de
1079 1296 1297 1351 ecclesia
1335 1297 1696 1351 Tarvannensi
1733 1297 2006 1368 possident
2043 1298 2271 1352 clericali

323 1395 654 1449 exhibitione.
712 1392 885 1446 Laicis
927 1409 1130 1462 quoque
1167 1392 1223 1445 in
1260 1392 1450 1447 litteris
1489 1394 1682 1448 nostris
1723 1395 2004 1448 nominatis
2045 1399 2113 1464 et,
2155 1396 2269 1465 qui-

322 1507 539 1559 cumque
580 1489 669 1543 alii
705 1488 955 1559 praefatis
994 1488 1214 1558 clericiS,
1252 1493 1375 1559 post
1398 1490 1600 1544 litteras
1627 1495 1834 1544 nostras
1860 1491 1999 1545 visas
2026 1491 2109 1545 vel
2134 1492 2269 1545 noti-

321 1585 498 1640 ficatas
537 1602 643 1638 non
680 1584 1069 1654 obedientibuS,
1119 1601 1429 1640 consensum
1469 1586 1854 1656 auxiliumque,
1893 1592 1952 1641 ut
1989 1588 2044 1640 in
2082 1588 2271 1658 rapina

323 1687 374 1737 et
411 1682 682 1750 sacrilegio
721 1685 1082 1752 perseverent,
1124 1681 1474 1752 praebuerint,
1514 1682 1805 1737 notificate:
1849 1684 1987 1752 quod
2023 1684 2079 1737 in
2117 1701 2269 1755 prae-

322 1779 518 1849 scripta
563 1778 722 1848 positi
761 1778 867 1831 sint
905 1779 1455 1832 excommunicatione.
1570 1778 1877 1833 Mathildem
1915 1780 2127 1834 viduam
2167 1781 2269 1834 Ar-

321 1873 448 1928 nulfi
489 1874 748 1943 advocati,
797 1891 928 1943 quae
966 1878 1188 1943 terram,
1241 1891 1397 1943 quam
1435 1876 1656 1929 maritus
1697 1893 1819 1929 suus
1859 1877 2088 1930 moriens
2128 1877 2272 1931 dedit

324 1970 572 2025 ecclesiae
611 1974 821 2024 sanctae
847 1969 1045 2024 Mariae
1085 1974 1137 2024 et
1175 1988 1332 2040 quam
1370 1971 1513 2041 ipsa³¹
1548 1972 1792 2042 promisit
1829 1973 2074 2026 morienti
2114 1990 2168 2027 se
2206 1972 2269 2026 li-

322 2067 502 2121 beram
538 2067 735 2135 facere,
787 2067 1061 2120 admonete
1101 2067 1293 2135 adhuc,
1333 2070 1392 2120 ut
1431 2068 1568 2136 quod
1605 2068 1849 2138 promisit
1885 2067 2146 2139 perficiat3
2188 2069 2268 2122 sin

324 2167 523 2231 autem,
561 2163 617 2216 in
652 2163 890 2233 praefata
928 2163 1288 2231 damnatione,
1331 2180 1486 2232 quam
1524 2163 1612 2217 diu
1650 2181 1756 2217 non
1793 2165 1999 2234 fecerit,
2039 2169 2266 2218 maneat.

319 2258 650 2327 Rengerium,
690 2258 879 2327 Adam,
919 2258 1281 2312 Berewoldum
1321 2263 1373 2312 et
1410 2263 1658 2328 caeteros,
1701 2260 1789 2329 qui
1828 2261 2143 2314 subtrahunt
2181 2262 2269 2315 de-

2315 441 2429 484 1078

2297 501 2392 538 Nov.
2413 503 2461 539 25

322 2355 482 2409 cimas
522 2372 774 2408 novarum
814 2359 1075 2408 terrarum
1112 2355 1380 2425 praefatae
1419 2355 1684 2424 ecclesiae,
1727 2357 2018 2426 admonet-e,
2058 2361 2118 2411 ut
2152 2357 2270 2411 red·
2314 2406 2322 2416 ,

323 2452 451 2506 dant
489 2456 541 2506 et
578 2451 927 2519 satisfaciant3
979 2451 1117 2521 quod
1156 2451 1202 2504 si
1251 2451 1540 2520 noluerint,
1593 2470 1693 2522 quo
1736 2470 1901 2523 usque
1939 2454 2269 2524 resipiscant,

323 2547 620 2617 praedictae
667 2547 990 2601 damnationi
1037 2548 1355 2602 subiaceant.
1431 2548 1503 2602 Et
1547 2548 1646 2603 hoc
1697 2550 1856 2603 etiam
1895 2550 2164 2619 addimus,
2212 2553 2272 2603 ut

323 2643 496 2696 nullus
542 2643 764 2714 accipiat
802 2644 865 2698 de
902 2662 1062 2698 manu
1101 2645 1333 2698 omnium
1371 2645 1779 2716 praelibatorum
1822 2646 2138 2700 oblationem
2177 2646 2271 2699 ali-

326 2756 482 2808 quam
522 2739 632 2792 sive
670 2740 727 2792 in
764 2740 874 2793 vita
913 2741 1022 2794 sive
1059 2741 1116 2794 in
1154 2745 1338 2810 morte,
1382 2758 1482 2811 quo
1510 2759 1674 2811 usque
1702 2743 1947 2796 canonice
1975 2743 2113 2812 quod
2150 2759 2270 2813 pec-

324 2838 573 2889 caverunt
630 2836 920 2890 emendent.
997 2835 1138 2890 Data
1193 2832 1356 2891 Rome
1407 2839 1436 2891 7
1488 2837 1751 2892 Kalendas
1797 2838 2132 2908 DecembriS,
2190 2839 2270 2892 in-

323 2932 549 2986 dictione
589 2934 638 2986 2.

322 3103 402 3166 VI
424 3108 522 3165 lO.
561 3110 952 3163 Ravennatibus
987 3110 1266 3163 Wibertum
1303 3113 1360 3163 in
1399 3112 1598 3181 synodo
1639 3112 1889 3165 deiectum
1915 3129 2020 3164 esse
2043 3113 2267 3164 nuntiat.

471 3218 752 3288 Gregorius
803 3220 1079 3291 episcopus
1118 3237 1298 3274 servus
1339 3237 1609 3274 servorum
1646 3221 1748 3274 Dei
1788 3221 2026 3274 omnibus
2065 3221 2268 3274 Raven-

324 3315 530 3369 natibus
586 3317 871 3370 maioribus
920 3321 972 3370 et
1019 3316 1335 3385 minoribuS,
1398 3317 1487 3385 qui
1534 3317 1746 3371 beatum
1792 3315 2008 3370 Petrum
2058 3317 2269 3386 eiusque

323 3409 514 3480 filium,
564 3417 803 3466 sanctum
842 3413 1084 3467 videlicet
1120 3412 1481 3483 Apollinarem
1495 3411 1531 3481 ¹³,
1578 3412 1800 3466 salutem
1839 3416 1891 3466 et
1930 3412 2270 3483 apostolicam

325 3505 752 3562 benedictionem.

444 3641 479 3668 a.
503 3631 587 3679 ipse
613 3633 698 3670 cod.
825 3633 863 3671 b.
897 3635 1124 3671 venerantur
1148 3635 1209 3672 vel
1234 3633 1396 3680 diligunt
1422 3634 1608 3671 excidisse
1633 3634 1790 3671 videtur.

443 3711 484 3754 1.
515 3713 620 3766 post
648 3711 860 3770 episcopo
890 3713 1218 3758 Tarvannensi.

1816 3792 1873 3836 22
1886 3791 1916 3820 ἥ

2317 3241 2432 3284 1078

2298 3301 2394 3339 Nov.
2415 3301 2464 3338 25
