2730 4198
343 423 457 467 1082

304 3012 415 3055 1082
427 3012 449 3054 ’ἓ

489 288 596 342 508
830 304 1100 342 GREGORH
1140 305 1216 340 v11
1257 303 1518 340 les‘rm
1559 303 1655 338 v111
1684 302 1744 337 54.
1764 302 1812 338 55
1843 300 1904 346 (rx
1927 304 1987 338 31.
2008 301 2083 347 32).

489 424 891 473 consentaneum
929 420 1192 472 videatur:
1242 421 1301 470 ut
1339 418 1538 485 clerici,
1580 417 1624 470 si
1663 417 1908 471 canonice
1945 418 2119 472 vivere
2156 419 2337 473 volunt
2375 425 2427 474 et

487 514 543 567 in
582 532 640 568 eo
679 515 958 585 persistere
998 514 1133 583 quod
1172 518 1440 581 voverunt,
1481 530 1591 580 suc,
1633 513 1770 581 quod
1809 513 2093 582 antiquitus
2131 509 2424 585 possedere,

487 626 592 663 non
632 610 853 663 debeant
891 626 1067 662 carere
1104 609 1436 676 monasteri0,
1479 609 1614 677 quod
1650 611 1702 661 et
1725 608 1828 677 ipsi
1853 609 2150 663 interventu
2174 611 2426 680 pecuniae

489 705 774 758 obtinuisse
824 704 1065 758 monachi
1109 705 1443 758 infamantur.
1534 703 1701 773 Super
1755 703 1852 757 hoc
1899 721 2019 772 ergo
2070 706 2426 760 indubitanter

487 816 791 868 cognoscas;
833 800 955 868 quia
982 817 1259 870 perperam
1298 804 1413 854 acta
1450 800 1558 853 sive
1598 799 1846 869 subrepta
1883 800 2250 870 dampnamus,
2291 802 2426 856 iuste

489 899 603 948 acta
630 899 682 949 et
707 894 928 948 diffinita
952 895 1218 949 firmamus
1247 901 1297 949 et
1323 913 1353 948 a
1378 900 1429 948 te
1454 894 1710 948 firmanda
1736 899 1787 948 et
1807 895 2081 948 statuenda
2099 897 2422 951 mandamus.

634 990 713 1044 De
754 989 1062 1044 Carnotensi
1112 995 1282 1044 autem
1324 988 1612 1061 episcopo¹,
1662 991 1798 1044 unde
1836 991 2136 1044 fraternitas
2175 997 2267 1044 tua
2305 992 2425 1046 sub-

487 1103 815 1140 murmurare
853 1087 1086 1155 videtur,
1135 1088 1299 1155 nosti,
1351 1087 1488 1156 quod
1535 1087 1826 1140 dilectionis
1873 1090 1994 1140 tuae
2039 1087 2233 1140 intuitu
2269 1087 2424 1155 longo

489 1199 607 1236 eum
645 1186 878 1252 tempore
917 1199 1021 1235 una
1060 1198 1176 1234 cum
1203 1179 1517 1235 Parisiensi2
1543 1182 1737 1235 Romae
1766 1178 2074 1250 tenuimus⁸,
2114 1186 2172 1235 ut
2200 1187 2289 1236 aut
2312 1183 2426 1253 ipse

487 1278 689 1330 venires
730 1282 820 1331 aut
859 1278 925 1330 ad
964 1278 1351 1346 comprobanda
1390 1278 1590 1331 obiecta
1627 1278 1679 1330 in
1723 1295 1841 1331 eum
1882 1278 2112 1348 capitula
2148 1277 2346 1346 legatos
2374 1283 2427 1333 et

487 1377 645 1426 testes
692 1373 905 1426 idoneos
955 1372 1236 1440 delegares.
1316 1373 1464 1436 Quod
1511 1390 1628 1426 cum
1675 1374 1888 1427 minime
1936 1374 2148 1442 feceriS,
2195 1375 2426 1428 iustitiae

486 1469 794 1521 necessitate
833 1469 1014 1536 coacti,
1056 1468 1119 1521 de
1160 1469 1270 1521 eius
1296 1469 1625 1522 restitutione
1652 1474 1860 1523 sanctae
1886 1470 2149 1523 Romanae
2177 1470 2425 1524 ecclesiae

485 1563 675 1616 iudicio
715 1564 1084 1631 acquievimus
1161 1563 1257 1617 Cui
1296 1565 1340 1617 si
1380 1581 1605 1634 superna
1642 1565 1809 1634 pietas
1851 1565 2126 1634 aliquando
2165 1566 2425 1636 respirare

487 1659 822 1726 concesserit,
862 1658 1074 1727 liquido
1098 1663 1189 1712 tua
1226 1659 1491 1713 beatitudo
1530 1660 1820 1727 intelligere
1858 1662 2066 1730 poterit,
2106 1678 2221 1715 eam
2259 1662 2424 1715 multo

483 1754 990 1824 irreprehensibilius
1029 1755 1127 1808 hoc
1164 1755 1346 1823 egisse,
1389 1771 1545 1823 quam
1582 1759 1634 1808 te
1672 1755 1727 1807 in
1766 1757 1948 1809 matris
1983 1761 2105 1810 tuae
2130 1757 2426 1811 iudicialem·

484 1867 756 1904 censuram
804 1867 1016 1903 manum
1065 1851 1485 1920 reprehensionis
1527 1851 1838 1905 extendisse.
1918 1852 2179 1906 Decuerat
2217 1853 2425 1921 quidem

483 1963 574 1998 vos
602 1950 654 1999 et
679 1946 885 2014 dignius
913 1947 1200 2000 videretur:
1242 1947 1339 2000 hac
1378 1947 1550 2016 potius
1577 1951 1888 2016 tempestate
1916 1951 1967 2000 et
1991 1947 2085 2000 has
2111 1948 2270 2017 inter,
2297 1965 2425 2018 quas

481 2042 706 2112 patitur,
756 2042 1048 2111 angustiaS,
1092 2042 1193 2096 Dei
1232 2043 1409 2112 utique
1449 2043 1762 2097 emulatione
1812 2047 1863 2096 et
1910 2044 2227 2097 conscientia
2271 2043 2424 2113 bona,

482 2142 750 2206 tamquam
778 2137 914 2192 filios
942 2156 1079 2207 suos,
1120 2135 1532 2192 consolationum
1574 2139 1674 2192 sibi
1700 2139 1872 2192 dulcia
1896 2140 2209 2208 ministrare,
2251 2156 2424 2208 quam,

482 2234 609 2288 talia
646 2235 940 2287 mandando
981 2239 1032 2288 et
1068 2235 1260 2288 talibus
1292 2251 1407 2288 eam
1433 2235 1601 2288 neniis
1639 2234 1974 2304 implicandO,
2011 2235 2242 2288 dolorem
2269 2252 2426 2305 super

483 2330 714 2383 dolorem
755 2348 1034 2401 apponere,
1074 2330 1423 2400 multiplicare
1461 2331 1709 2400 pondera,
1748 2347 1854 2383 non
1887 2331 2269 2384 communicare
2294 2348 2424 2401 pon-

482 2425 705 2479 deribus.
767 2426 910 2479 Vale.

483 2595 611 2656 VIII
641 2601 718 2656 55
756 2595 854 2666 (IX
882 2600 1002 2669 32).
1046 2604 1267 2674 Huqoni
1302 2604 1691 2673 archiepiscopo
1724 2602 2068 2672 Daqdunensi
2091 2603 2426 2656 Lambertum

668 2700 966 2769 episcopum
992 2699 1413 2752 Tarvannensem
1439 2699 1963 2751 excommunicatione
1990 2699 2263 2752 liberatum
2287 2719 2422 2751 nun-

667 2797 777 2847 tiat.
840 2793 1128 2848 Concilium
1167 2805 1306 2865 ayat,
1347 2797 1404 2847 in
1445 2813 1562 2864 quo,
1603 2813 1730 2847 num
1753 2796 2095 2847 restituendus
2123 2796 2285 2848 eidem
2312 2796 2420 2864 epi-

666 2901 905 2961 scopatus
945 2894 1029 2956 sit,
1071 2893 1342 2944 iudicetur.

629 2999 909 3069 Gregorius
939 3001 1212 3071 episcopus
1241 3018 1418 3054 servus
1446 3017 1714 3054 servorum
1741 3001 1840 3054 Dei
1867 3000 2150 3054 venerabili
2171 2998 2419 3067 H(ugoni)

478 3096 815 3165 Lugdunensi
856 3097 1245 3168 archiepiscopo
1286 3096 1508 3150 salutem
1549 3100 1601 3150 et
1626 3096 1964 3166 apostolicam
1991 3095 2417 3150 benedictionem.

626 3192 881 3256 Quoniam
920 3210 1076 3247 causa
1112 3193 1380 3247 Lamberti
1420 3192 1546 3245 dicti
1573 3193 1918 3246 Tervanensis
1959 3191 2188 3261 episcopi
2225 3190 2420 3260 partim

479 3292 603 3341 nota
640 3289 836 3359 partim
873 3289 1140 3358 incognita
1177 3289 1326 3342 nobis
1368 3292 1472 3357 est,
1513 3289 1822 3358 praesertim
1861 3305 1976 3342 cum
2013 3282 2296 3340 Robertus⁴
2335 3302 2420 3339 co-

480 3401 590 3437 mes
616 3383 972 3438 Flandriensis
1011 3385 1164 3453 longe
1205 3386 1308 3439 alia
1346 3386 1506 3440 verba
1543 3386 1596 3438 in
1624 3384 1814 3438 litteris
1842 3383 1949 3437 suis
1974 3382 2123 3436 nobis
2151 3381 2418 3450 direxerit,

480 3496 635 3547 quam
673 3480 820 3550 prius
859 3479 1229 3549 Ingelrannus⁵
1269 3481 1690 3551 praesentialiter
1715 3479 1995 3546 retulisset,
2037 3495 2151 3531 eam
2178 3477 2422 3531 fraterni-

598 3610 637 3652 1.
669 3608 893 3655 Gosfrido.
1038 3613 1078 3655 2.
1113 3610 1339 3656 Gosfrido.
1483 3612 1524 3654 3.
1559 3608 1614 3653 cf.
1647 3621 1716 3665 ep.
1739 3609 1796 3652 38
1828 3620 1964 3664 supra
2000 3621 2043 3664 p.
2065 3608 2167 3651 489.
2311 3607 2353 3651 4.
2386 3607 2421 3651 Ι.

478 3680 520 3725 5.
554 3682 795 3726 canonicus
826 3682 872 3727 S.
894 3683 1158 3728 Audomari.
1206 3685 1262 3730 V.
1294 3697 1431 3742 supra
1458 3698 1502 3742 p.
1526 3683 1612 3726 338
1643 3696 1686 3726 n.
1711 3682 1751 3725 1.
