2730 4198
757 320 1105 360 BONITHONIS
1143 323 1220 359 AD
1259 322 1486 360 AMICUM
1522 324 1631 360 Lm.
1659 323 1718 359 v1
2104 309 2212 362 645

267 436 465 492 Gallias
512 454 761 492 numerus
808 437 1065 505 fidelium;
1114 438 1402 509 symoniaci
1451 438 1515 492 de
1565 438 1649 492 die
1694 438 1751 491 in
1790 437 1929 492 diem
1967 440 2210 509 propala-

265 533 473 602 bantur,
515 534 809 588 sacerdotes
849 535 1180 588 concubinati
1219 534 1649 604 aspernabantur.

413 629 738 684 Venerabilis
785 647 908 684 vero
959 630 1240 684 Nicholaus
1289 646 1456 699 papa,
1506 645 1625 682 cum
1670 645 1866 699 paucos
1912 629 1966 681 in
2013 634 2211 699 papatu

2244 447 2358 490 1059

2253 507 2343 555 Apr.

2255 680 2364 724 1061

265 725 484 778 vixisset
522 743 701 795 annOS,
742 726 893 780 beato
930 725 1032 780 fine
1073 726 1284 795 quievit.
1342 724 1469 778 Post
1505 725 1649 778 cuius
1689 725 1888 778 obitum
1927 725 2211 778 secundum
2242 740 2309 776 Iul.
2333 742 2380 777 27

265 821 523 874 maiorum
563 822 772 875 decreta
810 822 977 875 clerus
1018 826 1070 874 et
1094 820 1318 891 populus
1344 819 1652 886 Rsomanus)
1681 819 1838 888 elegit
1863 819 1961 873 sibi
1987 820 2212 874 Anshel-
2242 833 2324 871 Oct.
2349 836 2369 872 1

263 914 438 970 mum¹
471 916 758 972 Lucensem
801 918 1119 989 episcopum,
1159 915 1604 969 Mediolanensem
1643 932 1848 983 genere,
1888 916 2052 969 nobili
2088 933 2211 986 pro-

264 1013 414 1083 sapia
440 1017 629 1082 ortum,
657 1015 827 1067 virum
852 1017 1072 1081 utraque
1100 1011 1317 1065 scientia
1342 1010 1651 1081 pollentem3
1693 1028 1846 1080 quem
1875 1010 1976 1064 alio
2001 1012 2212 1066 nomine

263 1114 581 1163 vocaverunt
617 1109 978 1163 Alexandrum
989 1105 1022 1161 ².

410 1205 616 1260 Interea
665 1204 997 1274 Longobardi
1055 1202 1285 1273 episcopi
1342 1202 1482 1256 nacti
1495 1198 1530 1271 ³,
1590 1219 1645 1256 se
1693 1206 1901 1273 tempus
1949 1203 2212 1257 invenisse

262 1306 596 1372 oportunum,
636 1302 690 1354 in
719 1300 875 1354 simul
901 1299 1231 1367 conveniunt,
1273 1302 1484 1352 auctore
1512 1297 1761 1352 Guiberto
1789 1316 1943 1369 quem
1972 1299 2210 1369 supe'rius

262 1397 490 1451 diximus
531 1397 914 1464 cancellarium,
958 1399 1010 1448 et
1048 1394 1324 1448 concilium
1366 1393 1632 1448 celebrant
1667 1395 2070 1463 malignantium
2082 1392 2116 1464 ⁴,
2154 1396 2210 1448 in

261 1511 362 1563 quo
407 1493 721 1548 deliberant:
771 1508 875 1545 non
917 1491 1126 1545 aliunde
1165 1509 1220 1545 se
1257 1491 1451 1545 habere
1487 1507 1682 1561 papam
1720 1491 1823 1544 nisi
1862 1509 1927 1545 ex
1965 1491 2210 1562 paradiso

260 1589 469 1658 Italiae,
508 1589 789 1659 talemque,
831 1589 919 1658 qui
959 1588 1091 1641 sciat
1130 1588 1359 1657 compati
1396 1586 1790 1640 infirmitatibus
1829 1604 2025 1641 eorum.
2104 1587 2209 1642 De·
2288 1600 2290 1604 ⁴

259 1686 381 1739 hinc
419 1685 557 1739 ultra
594 1689 798 1739 montes
837 1688 1063 1755 pergunt
1102 1684 1435 1753 animumque
1473 1684 1823 1754 imperatricis
1850 1688 2031 1754 utpote
2058 1684 2209 1737 femi-

259 1799 417 1836 neum
458 1782 710 1849 alliciunt,
749 1780 999 1849 figmenta
1038 1780 1261 1848 quedam
1289 1783 1658 1850 componentes
1686 1780 1836 1849 quasi
1861 1780 1971 1833 veri
1998 1779 2205 1834 similia.

259 1877 394 1931 Nam
427 1878 692 1932 dicebant:
735 1894 913 1931 eorum
942 1872 1257 1943 dominum⁵,
1293 1879 1353 1928 ut
1386 1875 1628 1929 heredem
1657 1876 1823 1944 regni,
1863 1876 1939 1929 ita
1964 1876 2210 1930 heredem

259 1974 371 2028 fore
409 1974 741 2045 patriciatus3
786 1977 836 2027 et
873 1973 1084 2027 beatum
1109 1971 1384 2025 Nicolaum
1424 1972 1631 2026 decreto
1657 1971 1910 2040 firmasse,
1951 1976 2010 2026 ut
2034 1972 2208 2026 nullus

260 2071 316 2124 in
353 2069 659 2142 pontificum
697 2086 913 2123 numero
954 2068 1198 2138 deinceps
1236 2067 1533 2137 haberetur,
1574 2069 1664 2138 qui
1702 2085 1807 2121 non
1847 2086 1912 2122 ex
1951 2085 2209 2122 consensu

259 2168 397 2236 regis
437 2167 730 2235 eligeretur.
866 2164 962 2218 His
1002 2168 1054 2217 et
1092 2163 1284 2217 talibus
1323 2164 1795 2218 machinationibus
1835 2165 2068 2236 decepta,
2108 2165 2207 2218 im-

257 2263 492 2334 peratrix
541 2262 769 2316 feminea
815 2260 1028 2314 licentia
1077 2276 1346 2313 assensum
1397 2260 1542 2314 dedit
1587 2261 1735 2331 operi
1777 2261 2005 2329 nefariO,
2056 2258 2210 2330 quale

257 2377 360 2413 non
399 2359 501 2412 fuit
539 2375 570 2412 a
608 2358 708 2426 die,
750 2374 853 2427 qua
891 2360 1099 2425 gentes⁸
1139 2373 1252 2409 esse
1292 2360 1567 2426 ceperunt:
1608 2361 1682 2425 ut,
1723 2356 1812 2410 ubi
1850 2356 2024 2411 nullus
2057 2357 2207 2411 cleri-

258 2472 436 2509 corum
472 2454 825 2508 Romanorum
862 2452 946 2506 vel
982 2452 1235 2506 laicorum
1274 2452 1513 2505 interfuit
1558 2469 1727 2523 papae
1778 2452 2044 2521 electioni,
2103 2448 2208 2506 ibi⁶

258 2551 495 2621 pontifex
534 2550 812 2618 eligeretur
861 2567 891 2603 a
939 2548 1296 2603 consimilibus
1333 2548 1735 2602 fornicatoribus
1777 2552 1828 2603 et
1866 2549 2207 2619 symoniacis;

260 2647 365 2716 qui,
405 2663 486 2715 ve,
528 2646 786 2716 accipiens
826 2663 920 2716 per
957 2661 1142 2698 manus
1180 2645 1319 2712 regis
1361 2648 1413 2698 et
1445 2645 1658 2713 reginae
1685 2661 1892 2699 crucem
1919 2649 1970 2699 et
1996 2645 2209 2716 papalia

257 2742 502 2811 insignia,
545 2742 608 2795 ab
649 2741 889 2811 aquilone
926 2741 1131 2794 veniret
1167 2740 1402 2808 Romam,
1444 2741 1582 2794 unde
1621 2741 1907 2794 secundum
1932 2740 2207 2794 Ieremiam

257 2838 517 2909 pandetur
555 2837 753 2890 malum
793 2854 949 2907 super
974 2837 1245 2889 universos
1271 2835 1591 2889 habitatores
1617 2840 1755 2890 terre
1767 2833 1800 2889 ⁷.
1861 2836 1996 2900 Quid
2021 2836 2206 2906 plura?

254 2934 473 3003 Eligunt
511 2933 611 2987 sibi
636 2933 973 2986 Parmensem
1001 2931 1270 2999 Cadolum,
1309 2931 1483 2984 virum
1510 2932 1707 2984 divitiis
1731 2932 2060 3003 locupletem,
2101 2933 2206 2986 vir-

256 3031 455 3085 tutibus
496 3046 732 3099 egenum.
798 3028 913 3096 Qui,
954 3025 1178 3098 stipatus
1218 3027 1396 3080 multis
1436 3026 1706 3096 militibus,
1745 3029 1963 3082 intravit
1998 3028 2205 3098 Longo-

256 3128 511 3196 bardiam,
549 3125 746 3179 habens
787 3141 963 3179 secum
999 3124 1055 3177 in
1094 3124 1344 3177 comitatu
1383 3123 1671 3177 cervicosos
1700 3125 1972 3195 episcopos
1997 3123 2205 3193 Longo-

257 3222 488 3291 bardiae,
528 3222 819 3275 nescientes
858 3237 1016 3274 suave
1054 3220 1235 3288 iugum
1262 3219 1477 3273 Domini
1500 3217 1683 3274 ferre⁸.
1745 3220 1890 3275 Tunc
1916 3221 2205 3291 symoniaci

254 3318 580 3386 letabantur3
630 3317 961 3372 concubinati
999 3333 1121 3370 vero
1171 3315 1464 3369 sacerdotes
1511 3316 1713 3385 ingenti
1759 3317 2064 3371 exultabant
2108 3317 2204 3370 tri-

375 3499 409 3525 a.
443 3498 486 3534 gs
517 3503 551 3527 c.

374 3567 415 3610 1.
447 3566 482 3611 Ι.
588 3567 630 3610 2.
662 3566 720 3610 H.
825 3566 868 3609 3.
901 3563 968 3609 Cf.
1002 3576 1139 3620 supra
1167 3577 1212 3619 p.
1236 3563 1322 3607 623
1342 3564 1446 3607 n.7.
1516 3591 1518 3593 >
1549 3564 1592 3608 4.
1624 3559 1698 3607 Ps.
1722 3564 1792 3620 21,
1816 3564 1886 3607 17.
1992 3563 2033 3607 5.
2066 3563 2201 3607 Hein-

255 3640 397 3684 ricum
427 3640 507 3685 IV.
628 3640 669 3683 6.
700 3638 922 3683 Basileae.
1045 3638 1086 3682 7.
1116 3637 1276 3682 Ierem.
1300 3638 1340 3694 1,
1364 3637 1442 3681 14:
1478 3635 1584 3695 „Ab
1616 3636 1824 3693 aquilone
1854 3636 2080 3694 pandetur
2109 3649 2201 3686 ma-

255 3714 347 3757 lum
380 3725 514 3770 super
545 3725 701 3759 omnes
730 3711 1009 3758 habitatores
1039 3710 1237 3757 terrae“.
1358 3712 1399 3759 8.
1431 3710 1589 3755 Matth.
1614 3711 1682 3771 12,
1704 3711 1777 3759 30.

2236 2951 2316 2988 Oct.
2339 2954 2387 2990 28

2238 3039 2353 3082 1062
