2722 4172
470 301 540 355 32
963 316 1236 356 GREGORII
1273 317 1351 354 vn
1389 316 1650 355 REGISTRI
1686 319 1707 356 1
1735 318 1793 355 18.
1818 317 1908 355 isa.

324 437 438 482 1073
468 433 686 504 imperio
715 434 953 505 primum
978 434 1252 488 concordia
1276 434 1489 504 profuit,
1530 438 1734 488 tantum
1759 435 1999 506 deinceps
2030 436 2222 504 nocuit,
2263 434 2402 504 quod

326 498 393 536 Μ’
412 499 434 536 ⁹
467 530 726 599 utrimque
767 530 1046 584 eorundem
1084 530 1271 584 caritas
1309 530 1503 598 friguit.
1563 529 1748 584 Cetera
1774 531 1948 601 igitur,
1989 549 2119 601 quae
2155 548 2401 603 praesen-

468 626 600 680 tium
636 626 790 680 latori
828 626 1073 680 secretius
1100 626 1371 680 referenda
1402 627 1769 695 commisimus,
1808 627 2159 683 indubitanter
2183 627 2400 698 potestis

470 722 678 776 credere
717 727 768 776 et
803 739 896 793 per
933 739 1067 791 eum,
1110 723 1354 792 quicquid
1387 723 1663 790 magestati
1687 727 1890 777 vestrae
1915 723 2182 794 placuerit,
2224 740 2401 778 secure

468 818 617 872 nobis
656 817 960 887 significare.
1021 818 1160 873 Data
1196 818 1390 872 Albani
1431 822 1458 872 7
1500 819 1619 873 Idus
1658 818 1790 887 Iulii,
1829 820 2108 876 indictione
2152 823 2233 874 11.

470 989 495 1051 Ι
533 994 606 1052 18
625 1010 675 1052 a.
708 995 1127 1064 ConstitutiO,
1170 1013 1327 1065 quae
1364 995 1540 1050 facta
1579 1000 1676 1050 est
1711 996 1883 1050 inter
1919 996 2213 1050 domnum
2249 995 2402 1050 Gre-

705 1093 950 1160 gorium
996 1109 1226 1163 papam
1275 1093 1617 1163 septimum
1666 1097 1725 1146 et
1775 1091 2162 1146 Landulfum
2199 1092 2403 1147 Bene-

702 1191 1047 1242 ventanum
1092 1188 1473 1260 principem.

303 1314 416 1358 1073
618 1297 759 1352 Haec
797 1303 876 1352 est
913 1299 1228 1368 constitutio,
1272 1317 1428 1369 quam
1466 1300 1685 1354 domnus
1725 1316 1864 1370 papa
1899 1298 2176 1367 Gregorius
2212 1299 2402 1353 consti-

274 1375 437 1421 Aug.12
469 1395 572 1448 tuit
608 1411 726 1448 cum
761 1394 1018 1449 Landulfo
1043 1395 1407 1450 Beneventano
1446 1397 1680 1467 principe
1716 1400 1767 1449 et
1793 1412 1948 1464 quam
1972 1396 2214 1466 princeps
2238 1394 2402 1448 Bene-

469 1495 724 1545 ventanus
761 1491 874 1561 ipse
914 1492 1013 1545 sibi
1037 1490 1255 1545 firmiter
1280 1493 1521 1562 promisit
1548 1493 1604 1545 in
1631 1509 1775 1546 sacro
1802 1491 2164 1546 Beneventano
2191 1491 2402 1562 palati0,

472 1603 605 1641 anno
653 1587 822 1657 primo
873 1586 1201 1658 pontificatus
1252 1589 1387 1656 61118,
1446 1588 1747 1642 duodecimo
1805 1588 1888 1642 die
1943 1588 2170 1641 intrante
2226 1603 2403 1641 mense

470 1682 724 1752 AugustO,
762 1684 1044 1737 indictione
1082 1684 1370 1737 undecima.
1522 1683 1578 1737 Si
1617 1684 1680 1737 ab
1710 1684 1836 1737 hora
1861 1684 1977 1754 ipsa
2001 1685 2056 1736 in
2084 1688 2236 1737 antea
2261 1683 2404 1754 prin-

471 1796 592 1850 ceps
629 1780 742 1850 ipse
780 1780 965 1833 fuisset
989 1779 1211 1832 infidelis
1239 1784 1446 1833 sanctae
1471 1779 1736 1834 Romanae
1763 1781 2007 1835 ecclesiae
2035 1785 2086 1834 et
2109 1797 2278 1851 papae
2301 1779 2406 1850 ipsi

472 1877 678 1945 suisque
718 1876 1120 1943 successoribus3
1161 1875 1244 1930 vel
1283 1876 1328 1929 si
1363 1876 1417 1928 in
1459 1876 1630 1945 aliquo
1667 1877 1954 1945 quaesisset
1978 1877 2211 1930 minuere
2237 1875 2405 1946 publi-

470 1989 587 2027 cam
622 1990 733 2026 rem
770 1971 1218 2041 Beneventanam,
1269 1976 1359 2026 aut
1408 1972 1636 2042 aliquam
1682 1972 1802 2026 inde
1843 1973 2035 2042 absque
2071 1977 2202 2026 nutu
2238 1975 2414 2042 papae

470 2069 554 2123 vel
592 2069 784 2138 absque
825 2069 1075 2123 ordinatis
1115 2070 1224 2123 eius
1266 2069 1419 2122 alicui
1442 2069 1650 2122 fecisset
1672 2069 2083 2137 investitionem3
2121 2068 2203 2123 vel
2230 2069 2275 2122 si
2313 2068 2407 2121 ali-

473 2184 573 2236 quo
610 2166 894 2219 invenerita
934 2166 1102 2220 studio
1144 2183 1261 2219 cum
1287 2166 1459 2234 aliquo
1507 2165 1714 2218 homine
1752 2165 1892 2218 intus
1933 2170 2022 2219 aut
2062 2165 2189 2218 foris
2228 2165 2406 2218 civita-

471 2267 580 2317 tem
602 2261 1023 2316 Beneventanam
1059 2262 1284 2315 faciendi
1311 2266 1399 2315 aut
1424 2261 1708 2331 recipiendi
1733 2266 2114 2315 sacramentum
2150 2265 2239 2314 aut
2262 2261 2407 2314 inve-

472 2359 650 2413 niendi
688 2358 993 2424 divisiones;
1033 2358 1117 2412 vel
1156 2359 1200 2410 si
1232 2375 1327 2428 per
1354 2375 1408 2411 se
1436 2363 1525 2412 aut
1549 2374 1643 2427 per
1677 2358 2001 2426 suppositam
2025 2374 2303 2428 personam
2326 2356 2406 2409 in-

472 2460 557 2509 tus
585 2459 675 2508 aut
698 2454 824 2507 soris
851 2454 1116 2507 civitatem
1139 2453 1560 2507 Beneventanam
1587 2454 1842 2508 studuerit
1867 2453 2225 2522 qualicumque
2251 2452 2406 2505 modo

475 2556 565 2605 aut
587 2551 794 2619 ingenio
819 2550 1075 2629 reddendi
1093 2550 1290 2603 malum
1314 2550 1557 2603 meritum
1586 2554 1675 2603 aut
1691 2550 1915 2603 faciendi
1936 2549 2276 2603 damnitatem
2301 2548 2407 2602 cui-

473 2647 601 2702 libet
626 2647 688 2700 de
713 2646 950 2700 fidelibus
977 2651 1185 2700 sanctae
1210 2645 1473 2699 Romanae
1501 2646 1746 2699 ecclesiae
1774 2645 1868 2699 de¹³
1897 2663 1973 2714 63,
2012 2663 2142 2715 quae
2180 2645 2245 2698 ad
2282 2643 2408 2699 fide-

473 2743 676 2798 litatem
714 2743 945 2797 eiusdem
984 2747 1191 2796 sanctae
1216 2741 1478 2795 Romanae
1506 2741 1751 2795 ecclesiae
1791 2759 1939 2810 egere
1966 2759 2130 2812 usque
2154 2741 2307 2795 modo
2337 2770 2405 2777 —-

477 2840 522 2893 si
548 2857 603 2893 se
627 2840 776 2893 iuxta
801 2839 979 2892 domni
1005 2838 1275 2909 apostolici
1302 2838 1551 2892 iudicium
1577 2855 1682 2891 non
1718 2839 1947 2908 potuerit
1969 2839 2090 2892 inde
2117 2837 2406 2905 defendere,

477 2953 595 2990 cum
631 2936 790 2989 fuerit
827 2935 1116 3006 appellatus
1156 2964 1222 2971 -—
1267 2952 1297 2987 a
1334 2934 1597 3005 praesenti
1643 2935 1849 2988 amittat
1886 2952 2037 2988 suum
2074 2934 2338 2987 honorem.

621 3032 733 3100 Ego
773 3031 1025 3085 Iohannes
1050 3031 1350 3085 Portuensis
1386 3031 1658 3100 episcopus
1696 3047 2067 3099 recognoscens
2107 3027 2404 3098 subscripsi.

621 3128 733 3197 Ego
772 3128 1024 3182 Iohannes
1051 3126 1449 3181 Tusculanensis
1486 3127 1757 3197 episcopus
1781 3127 1994 3182 interfui
2031 3131 2082 3180 et
2107 3124 2404 3195 subscripsi.

622 3223 734 3293 Ego
774 3218 1035 3279 Hubertus
1074 3222 1439 3278 Praenestinus
1479 3223 1750 3294 episcopus
1789 3222 2087 3293 conscripsi.

622 3320 734 3389 Ego
773 3321 1074 3376 Desiderius
1107 3320 1379 3392 presbyter
1403 3319 1667 3373 Romanae
1693 3318 1937 3373 ecclesiae
1962 3317 2174 3371 interfui
2200 3321 2251 3371 et
2287 3316 2406 3370 sub-

478 3417 676 3486 scripsi.
784 3414 786 3416 ’

622 3511 735 3580 Ego
771 3512 956 3567 Petrus
1003 3512 1279 3567 cardinalis
1326 3511 1596 3583 presbyter
1640 3516 1692 3566 et
1735 3509 2153 3565 bibliothecarius
2197 3512 2406 3563 sanctae

477 3607 742 3662 Romanae
781 3609 1022 3663 ecclesiae
1059 3609 1270 3663 interfui
1309 3613 1360 3662 et
1397 3608 1692 3678 subscripsi.

596 3723 629 3750 a.
657 3715 713 3751 sic
740 3713 824 3750 cod.
926 3712 962 3749 b.
991 3728 1039 3749 an
1067 3712 1139 3750 ob?
