2730 4198
837 276 1111 315 GREGORn
1149 278 1227 314 vn
1264 276 1529 315 REGISTRI
1565 277 1666 314 vm
1694 277 1759 313 ια.
2162 261 2268 315 427

323 393 588 447 Romanae
635 392 904 448 ecclesiae
931 398 983 447 et
1029 393 1314 464 apostolice
1363 393 1475 447 sedi
1514 397 1566 448 et
1601 393 1699 448 tibi
1737 391 1947 446 domino
1986 407 2103 446 meo
2142 389 2271 446 Gre-

321 489 467 558 gorio
505 488 791 542 universali
827 506 1011 559 papae.
1090 489 1150 542 In
1189 490 1405 543 consilio
1443 488 1556 544 vel³
1593 491 1757 558 facto,
1803 489 1942 543 unde
1980 489 2143 542 vitam
2183 491 2274 541 aut

321 584 616 639 membrum
656 584 844 655 perdas
885 585 967 638 vel
1005 590 1188 656 captus
1227 586 1300 639 sis
1337 586 1478 639 mala
1516 585 1773 655 captione,
1813 601 1917 639 non
1958 601 2062 639 ero,
2136 583 2272 638 Con-

320 679 496 734 silium
506 680 543 749 '‘,
595 681 732 749 quod
782 680 911 734 mihi
960 682 1268 751 credideriS,
1318 685 1370 735 et
1415 681 1792 734 contradixeris
1831 697 1898 734 ne
1935 680 2067 734 illud
2104 680 2272 734 mani·-

320 776 523 845 festem,
561 793 667 830 non
705 778 1050 832 manifestabo
1091 779 1158 832 ad
1194 783 1342 831 tuum
1382 777 1631 830 damnum
1665 793 1750 830 me
1777 776 1988 830 sciente.
2051 775 2272 830 Sanctae

320 871 585 926 Romanae
625 873 907 928 aecclesiae
944 873 1143 943 tibique
1183 873 1387 926 adiutor
1426 889 1512 926 ero
1556 871 1622 925 ad
1660 871 1973 925 tenendum⁰
2002 872 2273 942 acquiren-

318 967 444 1022 dum
494 969 576 1023 etd
615 967 996 1024 defendendum
1042 969 1240 1038 regalia
1279 969 1446 1022 sancti
1482 966 1626 1022 Petri
1665 967 1878 1037 eiusque
1914 968 2272 1038 possessiones

319 1081 416 1136 pro
454 1081 570 1119 meo
608 1083 764 1136 posse
803 1070 986 1121 contra
1024 1082 1204 1119 omnes
1242 1065 1479 1118 homines
1519 1093 1587 1101 —
1629 1067 1850 1134 excepta
1886 1068 2039 1134 parte
2068 1063 2272 1118 Firma-

318 1177 420 1216 nae
465 1158 730 1216 marchiae
778 1167 831 1216 et
869 1161 1085 1216 Salerno
1135 1165 1290 1231 atque
1328 1159 1547 1229 Amalfi,
1598 1160 1737 1214 unde
1786 1159 1955 1213 adhuc
1991 1160 2132 1214 facta
2165 1177 2272 1214 non

322 1263 402 1312 est
450 1258 670 1312 difinitio
710 1289 778 1295 -—
821 1262 874 1312 et
920 1257 1175 1311 adiuvabo
1224 1261 1303 1326 te,
1353 1261 1413 1310 ut
1463 1273 1643 1311 secure
1683 1260 1736 1310 et
1771 1254 2054 1311 honorifice
2091 1259 2272 1311 teneas

320 1359 572 1425 papatum
599 1353 906 1408 Romanum.
969 1356 1210 1409 Terram⁰
1239 1354 1406 1408 sancti
1431 1353 1592 1422 Petri,
1635 1369 1790 1422 quam
1830 1368 1971 1406 nunc
2007 1356 2154 1407 tenes
2189 1352 2272 1408 vel

320 1449 593 1504 habiturus
633 1467 705 1519 eS,
745 1454 1026 1521 postquam
1053 1452 1253 1505 scivero
1279 1455 1401 1504 tuae
1428 1466 1540 1504 esse
1567 1449 1862 1520 potestatiS,
1901 1465 1998 1503 nec
2024 1449 2273 1504 invadere

321 1562 417 1600 nec
455 1546 729 1615 adquirere
769 1563 1017 1616 quaeram
1056 1564 1153 1602 nec
1192 1548 1351 1602 etiam
1379 1546 1690 1618 depraedari
1714 1562 2046 1616 praesumam
2077 1546 2272 1615 absque

319 1646 414 1696 tua
436 1647 749 1712 tuorumque
777 1660 1152 1713 successorum,
1194 1645 1282 1714 qui
1310 1644 1376 1697 ad
1401 1643 1652 1696 honorem
1681 1642 1849 1696 sancti
1871 1640 2017 1696 Petri
2044 1642 2272 1696 ordinati

319 1739 517 1793 fuerint
526 1739 556 1808 ¹,
605 1743 747 1794 certa
791 1739 1030 1809 licentia,
1080 1745 1288 1810 praeter
1332 1739 1481 1793 illam
1528 1756 1685 1809 quam
1729 1743 1787 1792 tu
1824 1737 1985 1792 michi
2022 1738 2272 1792 concedes

321 1835 407 1889 vel
443 1836 522 1889 tui
560 1836 857 1890 concessuri
895 1840 1018 1889 sunt
1056 1853 1394 1890 successores.
1472 1835 1786 1889 Pensionem
1824 1835 1889 1888 de
1926 1838 2069 1888 terra
2106 1835 2273 1889 sancti

322 1930 484 2000 Petri,
524 1949 679 2002 quam
721 1948 815 2001 ego
852 1936 1004 1986 teneo
1040 1937 1131 1986 aut
1154 1933 1358 2002 tenebo,
1399 1933 1534 1986 sicut
1561 1934 1815 1986 statutum
1843 1935 1923 1985 est
1937 1927 1965 2000 ¹,
2004 1935 2148 1985 recta
2173 1930 2274 1986 fide

325 2027 569 2097 studebO,
627 2032 687 2082 ut
741 2028 888 2082 illam
946 2028 1239 2082 annualiter
1292 2032 1472 2083 sancta
1518 2028 1755 2081 Romana
1800 2027 1991 2081 habeat
2037 2027 2268 2082 ecclesia.

323 2123 517 2178 Omnes
558 2141 762 2194 quoque
803 2124 1105 2194 aecclesiaS,
1153 2142 1284 2195 quae
1322 2126 1376 2178 in
1416 2142 1535 2180 mea
1571 2125 1860 2195 persistunt
1897 2123 2270 2194 dominatione,

321 2234 437 2273 cum
490 2237 668 2274 earum
714 2220 1131 2291 possessionibus
1184 2221 1446 2275 dimittam
1491 2221 1548 2274 in
1596 2224 1689 2274 tua
1725 2223 2018 2291 potestate⁸
2029 2240 2042 2287 3
2093 2224 2145 2275 et
2182 2222 2271 2276 de-

318 2314 497 2369 fensor
543 2332 631 2370 ero
680 2316 891 2370 illarum
940 2317 1006 2370 ad
1051 2303 1358 2371 fidelitatem
1410 2320 1620 2371 sanetae
1657 2316 1924 2387 Romanae
1975 2316 2269 2372 aecclesiae.

319 2409 391 2465 Et
439 2411 483 2465 si
531 2415 590 2466 tu
627 2412 711 2466 vel
749 2413 827 2467 tui
866 2429 1189 2468 successores
1230 2417 1350 2467 ante
1388 2430 1473 2467 me
1513 2431 1578 2467 ex
1617 2413 1716 2467 hac
1752 2414 1863 2467 vita
1899 2414 2270 2483 migraveritiS,

322 2508 605 2562 secundum
646 2510 784 2578 quod
822 2510 1052 2564 monitus
1090 2510 1238 2565 fuero
1275 2526 1306 2563 a
1329 2497 1633 2564 melioribus
1661 2510 2029 2579 cardinalibus,
2070 2510 2271 2565 clericis

320 2590 568 2658 Romanis
617 2609 670 2659 et
714 2591 890 2674 laiciS,
942 2607 1225 2676 adiuvabo,
1273 2611 1333 2660 ut
1370 2623 1511 2678 papa
1549 2606 1771 2676 eligatur
1809 2610 1862 2661 et
1899 2606 2168 2661 ordinetur
2207 2606 2271 2660 ad

319 2700 572 2755 honorem
613 2702 781 2755 sancti
804 2701 963 2756 Petri.
1022 2702 1166 2756 Haec
1204 2704 1380 2757 omnia
1418 2719 1579 2774 supra
1617 2692 1815 2774 scripta
1840 2702 2126 2757 observabo
2152 2720 2272 2757 san-

321 2800 436 2852 ctae
463 2796 729 2852 Romanae
769 2798 1048 2853 aecclesiae
1087 2802 1139 2852 et
1175 2799 1274 2853 tibi
1313 2815 1429 2853 cum
1468 2804 1613 2854 recta
1650 2798 1767 2854 fide.
1826 2798 1897 2853 Et
1933 2799 2069 2853 hanc
2104 2798 2271 2854 fideli-

320 2896 484 2948 tatem
543 2894 828 2949 observabo
877 2895 982 2948 tuis
1031 2895 1441 2965 successoribus,
1500 2896 1566 2949 ad
1611 2896 1861 2949 honorem
1914 2895 2081 2949 sancti
2126 2894 2271 2950 Petri

321 2990 591 3060 ordinatiS,
634 2991 723 3060 qui
759 2991 935 3060 michi,
977 2992 1022 3045 si
1059 2991 1206 3045 mea¹¹
1247 2991 1402 3062 culp-a
1437 3008 1542 3046 non
1580 2992 1907 3060 remanserit,
1945 2990 2272 3046 firmaverint

319 3080 687 3141 investituram
737 3105 768 3141 a
814 3091 867 3142 te
915 3087 1045 3141 mihi
1093 3103 1406 3142 concessam.
1492 3086 1619 3157 [Sici
1658 3105 1743 3142 me
1779 3087 1923 3142 Deus
1971 3088 2182 3142 adiuvet
2219 3092 2272 3142 et

320 3182 448 3237 haec
486 3188 668 3238 sancta
705 3182 1016 3254 euangelia]
1083 3182 1309 3238 Actumk
1348 3181 1621 3256 Ciperani²
1661 3185 1694 3238 3
1733 3184 1996 3239 Kalendas
2033 3183 2168 3238 Iulii.

437 3327 469 3352 a.
497 3316 536 3353 in
566 3317 659 3354 add.
680 3319 714 3354 2.
819 3317 854 3354 b.
883 3317 1154 3364 consiliumque
1184 3319 1218 3353 2.
1323 3328 1354 3353 c.
1383 3318 1430 3354 ad
1457 3318 1547 3353 add.
1567 3318 1601 3353 2.
1712 3317 1748 3354 d.
1777 3318 1815 3354 et
1841 3317 2117 3354 defendendum
2146 3332 2215 3353 om.
2233 3319 2268 3354 2.

322 3393 354 3417 e.
389 3383 601 3431 terramque
631 3385 666 3420 2.
821 3383 846 3420 f.
884 3383 1079 3420 intraverit
1107 3385 1130 3419 2
1160 3397 1231 3431 pro
1268 3383 1430 3420 ordinati
1456 3383 1605 3420 fuerint.
1764 3393 1797 3429 g.
1834 3384 1936 3419 tuam
1970 3384 2196 3431 potestatem
2233 3384 2266 3419 2.

319 3445 358 3483 h.
386 3447 466 3484 sine
495 3449 517 3484 2
541 3463 611 3496 pro
639 3460 733 3486 mea.
871 3450 896 3486 i.
926 3449 988 3486 Sic
1021 3469 1060 3474 -
1093 3448 1287 3496 euangelia
1314 3450 1457 3486 addidi
1481 3463 1528 3485 en
1555 3450 1591 3485 2.
1728 3448 1766 3486 k.
1794 3450 1928 3486 Actum
1961 3468 2000 3474 -
2031 3449 2116 3487 Iulii
2142 3464 2210 3485 om.
2233 3451 2268 3486 2.

440 3527 479 3569 1.
512 3540 556 3571 v.
587 3525 705 3572 infra
737 3528 812 3584 lc,
844 3541 888 3584 p.
912 3528 1014 3572 428.
1165 3528 1207 3571 2.
1241 3527 1459 3584 Ceprano.

2321 398 2433 442 1080

2300 457 2380 495 Iun.
2399 457 2449 495 29
