2730 4198
810 278 1085 316 GREGORII
1122 280 1200 315 vn
1238 277 1500 315 REGISTRI
1536 277 1594 313 1v
1622 275 1683 312 27.
1712 275 1772 311 28.
2153 259 2261 311 283

318 395 866 448 excommunicationis
905 395 1128 463 vincu10‚
1167 395 1223 448 in
1263 394 1399 463 quod
1426 392 1790 463 participando
1818 407 1938 445 cum
1965 405 2262 443 excommu-
2295 394 2413 438 1077·

317 491 504 544 nicatis
542 490 776 561 prolapsi
803 492 945 559 estiS‚
985 491 1198 561 possitis
1226 489 1420 544 absolvi
1451 494 1503 543 et
1527 491 1582 542 in
1608 488 2025 543 communionem
2053 489 2263 539 sanctae

316 587 500 640 matris
550 586 797 640 ecclesiae
846 587 1130 657 apostolica
1176 585 1501 653 indulgentia
1548 589 1599 638 et
1641 584 2000 638 benedictione
2037 581 2260 635 restitui.

318 681 465 745 Quod
502 698 622 736 cum
658 683 855 737 factum
893 683 1066 751 fuerit,
1108 683 1152 735 si
1189 685 1371 734 nostra
1407 680 1607 733 monita
1644 680 1804 732 immo
1831 679 2050 732 verbum
2074 678 2176 732 Dei
2202 693 2264 731 ea

317 794 420 846 qua
467 783 672 848 oportet
716 779 1048 832 veneratione
1098 777 1388 847 suscipitiS‚
1447 776 1685 830 volumus
1736 779 1788 828 et
1839 774 2124 844 apostolica
2170 791 2263 827 vos

317 875 624 928 auctoritate
664 891 961 929 monemus:
1011 878 1069 928 ut
1107 890 1226 927 cum
1266 872 1409 926 omni
1448 872 1666 925 caritate
1707 875 1758 924 et
1797 870 2125 924 oboedientia
2164 869 2263 924 sibi

317 971 597 1038 assistatis3
641 975 911 1040 quatenus,
953 987 1071 1024 cum
1111 968 1326 1023 consilio
1355 967 1632 1022 confratris
1658 967 1825 1020 nostri
1855 965 2185 1036 patriarchae
2211 969 2264 1019 et

317 1066 538 1120 aliorum
587 1067 949 1137 episcoporum
1000 1065 1140 1118 illius
1191 1064 1492 1135 provinciae
1538 1079 1636 1117 nec
1681 1079 1787 1116 non
1836 1078 1956 1115 cum
2005 1061 2262 1115 adiutorio

315 1162 461 1216 ducis
511 1167 563 1216 et
602 1164 835 1217 omnium
872 1166 1132 1229 vestrum,
1183 1161 1246 1214 de
1295 1164 1435 1214 statu
1474 1159 1807 1213 ecclesiarum
1856 1162 1908 1211 et
1946 1157 2263 1212 christianae

313 1258 581 1326 religionis
630 1259 811 1312 ordine
850 1275 909 1312 ac
948 1257 1358 1328 dispensatione,
1414 1272 1545 1324 quae
1583 1255 1880 1309 necessaria
1918 1258 2065 1322 sunt,
2115 1254 2264 1307 iuxta

312 1355 536 1408 formam
575 1373 606 1408 a
645 1355 837 1409 sanctis
884 1353 1122 1424 patribus
1171 1353 1421 1407 traditam
1468 1356 1791 1422 pertractare
1837 1350 2006 1420 possit
2053 1367 2113 1404 ac
2150 1349 2262 1403 Deo

314 1450 592 1504 adiuvante
638 1455 819 1504 nostra
855 1451 968 1504 vice
1007 1449 1298 1520 disponere.
1378 1447 1520 1502 Data
1557 1446 1836 1519 Carpinete
1876 1448 1910 1500 5
1949 1446 2070 1499 Idus
2109 1445 2262 1514 Iunii,

311 1546 594 1601 indictione
638 1548 720 1600 15.

312 1715 391 1780 IV
411 1721 512 1780 28.
548 1724 847 1794 Hispaniae
876 1726 1150 1795 principes
1191 1724 1353 1787 docet,
1396 1739 1572 1775 eorum
1610 1739 1828 1791 reynum
1866 1723 2154 1792 antiquitus
2181 1739 2260 1773 ec-

553 1821 738 1873 elesiae
766 1821 1038 1874 Romanae
1076 1821 1329 1872 traditum
1368 1836 1486 1870 esse.
1548 1817 1808 1870 Hortatur
1847 1818 1918 1869 ad
1957 1817 2184 1870 debitum
2213 1817 2259 1870 b.

552 1917 712 1969 Petro
753 1919 1018 1969 servitium
1047 1917 1444 1986 praestandum.
1503 1913 1755 1966 Amatam
1787 1916 2084 1983 episcopum
2108 1914 2259 1967 Ello-

554 2031 752 2065 rensem
800 2023 847 2065 et
889 2012 1214 2067 Frotardam
1263 2011 1497 2064 abbatem
1547 2009 1605 2064 S.
1646 2010 1833 2062 Pontii
1884 2009 2262 2063 Tomeriensem

554 2109 746 2178 leqatos
785 2127 904 2162 suos
945 2109 1278 2161 commendat.

461 2216 742 2286 Gregorius
786 2219 1060 2289 episcopus
1101 2235 1281 2271 servus
1321 2233 1589 2271 servorum
1616 2215 1716 2270 Dei
1750 2216 1960 2284 regibus
1987 2215 2260 2271 comitibus

313 2314 600 2383 ceterisque
648 2315 973 2385 principibus
1012 2314 1314 2384 Hyspaniae
1365 2312 1588 2366 salutem
1638 2317 1690 2366 et
1727 2312 2069 2382 apostolicam
2108 2312 2262 2367 bene-

313 2409 606 2464 dictionem.

461 2505 579 2559 Non
613 2506 854 2574 ignorare
893 2506 1152 2560 credimus
1179 2505 1514 2576 prudentiam
1538 2509 1786 2574 vestram,
1828 2505 1954 2575 quin
1991 2510 2173 2560 sancta
2211 2510 2263 2560 et

318 2600 602 2668 apostolica
640 2602 787 2656 sedes
823 2603 1067 2673 princeps
1108 2606 1160 2657 et
1196 2602 1508 2656 universalis
1545 2606 1713 2656 mater
1745 2602 1814 2656 sit
1838 2602 2073 2656 omnium
2099 2602 2261 2657 eccle-

317 2695 512 2748 siarum
559 2700 611 2749 et
658 2698 916 2766 gentium,
967 2715 1094 2767 quas
1144 2699 1321 2752 divina
1370 2699 1648 2753 clementia
1693 2698 1762 2753 ad
1811 2698 2131 2767 agnitionem
2179 2699 2260 2752 sui

315 2790 539 2844 nominis
577 2791 634 2844 in
670 2790 772 2846 fide
811 2793 1008 2846 domini
1041 2811 1099 2847 ac
1126 2794 1400 2848 salvatoris
1426 2795 1595 2848 nostri
1618 2794 1736 2848 Iesu
1763 2794 1957 2849 Christi
1980 2812 2076 2865 per
2102 2811 2260 2848 euan-

315 2886 534 2955 gelicam
575 2891 626 2940 et
664 2888 1005 2958 apostolicam
1042 2889 1332 2943 doctrinam
1370 2891 1548 2944 venire
1594 2891 2002 2961 praeordinavit.
2062 2889 2259 2954 Quibus

313 2982 448 3036 hanc
486 3000 665 3037 curam
705 2989 757 3038 et
780 2988 1088 3054 perpetuam
1115 2985 1268 3039 debet
1298 2986 1544 3041 exhibere
1570 2986 1989 3054 sollicitudinem,
2029 2989 2088 3039 ut
2126 2986 2260 3040 sicut

315 3079 380 3132 ad
418 3080 826 3134 conservandam
854 3079 1137 3133 catholicae
1171 3079 1292 3134 fidei
1315 3082 1608 3150 veritatem,
1646 3083 1723 3136 ita
1749 3099 1951 3151 quoque
1978 3081 2045 3135 ad
2070 3098 2258 3149 cogno-

314 3175 557 3228 scendam
598 3179 649 3230 et
686 3176 965 3230 tenendam
1004 3175 1259 3229 iustitiam
1298 3176 1608 3231 documenta
1648 3182 1699 3231 et
1736 3178 2006 3231 salutifera
2034 3177 2257 3231 admini-

313 3275 442 3330 stret
466 3272 682 3325 monita.
731 3271 816 3326 Ad
845 3272 989 3325 cuius
1018 3271 1420 3341 dispensationis
1447 3271 1673 3326 officium
1702 3273 1944 3341 quoniam
1972 3273 2257 3326 secundum

312 3367 632 3421 voluntatem
678 3367 780 3422 Dei
832 3383 1143 3436 quamquam
1193 3366 1346 3419 inviti
1395 3371 1447 3421 et
1492 3368 1695 3436 indigni
1742 3368 2010 3423 constituti
2058 3385 2254 3437 summ,

311 3463 564 3517 creditum
600 3463 750 3516 nobis
787 3463 1139 3516 ministerium
1175 3461 1325 3516 valde
1362 3463 1805 3533 pertimescimus3
1852 3465 2089 3532 scienteS‚
2129 3481 2255 3533 quo-

311 3558 455 3610 niam
492 3563 545 3612 et
580 3559 661 3612 his
700 3559 789 3628 qui
826 3575 991 3629 prope
1040 3562 1090 3611 et
1135 3558 1217 3610 his
1267 3559 1356 3626 qui
1400 3558 1553 3627 longe
1601 3563 1721 3612 sunt
1759 3559 2018 3614 debitores
2057 3577 2252 3629 sumuS,

310 3669 406 3706 nec
431 3654 570 3723 apud
596 3670 879 3724 supernum
903 3654 1127 3708 iudicem
1155 3654 1504 3708 excusationis
1537 3654 1706 3708 locum
1736 3655 1927 3709 habere
1945 3655 2252 3726 poterimUS,

2295 454 2417 491 Iun.9

2309 2218 2421 2262 1077

2290 2278 2438 2316 Iun.28
