2782 4198
384 400 499 444 1076

376 461 444 499 Iul.
467 461 516 499 25

545 265 654 317 240
1091 278 1366 316 GREGORH
1402 279 1481 315 vn
1517 277 1782 316 REGISTRI
1818 279 1875 315 1v
1903 279 1937 315 1.

545 395 693 450 decet
739 395 1042 448 karissimos
1089 393 1249 462 filios,
1298 393 1550 448 honorem
1594 394 1672 464 pii
1717 395 1882 464 patris
1928 397 2088 449 vestri
2130 395 2487 466 apostolorum

546 491 795 562 principis
830 507 956 560 prae
995 489 1156 543 oculis
1195 489 1395 543 habete.
1549 488 1871 559 Quicumque
1910 496 2083 546 autem
2124 493 2488 562 episcoporum

544 587 628 641 vel
664 587 930 653 laicorum,
978 586 1165 639 timore
1204 585 1287 639 vel
1324 586 1493 653 gratia
1530 585 1760 639 humana
1798 587 2013 656 seducti,
2056 605 2087 641 a
2125 588 2488 642 communione

544 683 681 750 regis
731 699 785 735 se
834 698 938 735 non
983 682 1379 749 subtraxerunt,
1431 681 1522 734 sed
1562 681 1610 734 ei
1647 681 1879 736 faventes
1921 684 2145 736 animam
2188 692 2365 737 suama
2405 681 2486 736 etb

544 778 683 830 illius
723 776 928 831 diabolo
967 778 1172 831 tradere
1211 795 1316 831 non
1354 777 1657 845 timuerunt,
1699 777 1743 830 si
1781 795 1885 831 non
1922 779 2238 848 resipuerint
2277 783 2328 833 et
2366 795 2487 833 con-

546 874 758 941 dignam
794 874 1170 943 poenitentiam
1210 873 1425 941 egerint,
1466 873 1663 925 nullam
1703 890 1821 927 cum
1861 874 1934 927 eis
1965 875 2380 928 communionem
2405 874 2489 928 vel

546 970 829 1023 amicitiam
868 969 1118 1022 habeatis
1179 969 1273 1022 Isti
1313 969 1452 1022 enim
1492 973 1628 1037 sunt,
1677 970 1766 1038 qui
1806 971 2033 1023 animam
2074 987 2223 1022 suam
2262 974 2313 1023 et
2348 971 2487 1037 regis

545 1065 662 1118 odio
702 1065 894 1118 habent
931 1068 983 1118 et
1021 1065 1277 1133 occidunt,
1319 1069 1371 1118 et
1407 1082 1627 1133 regnum
1665 1066 1892 1135 patriam
1931 1066 2369 1134 christianamque
2405 1082 2488 1119 re-

543 1160 790 1229 ligionem
831 1161 1143 1214 confundere
1181 1178 1284 1213 non
1325 1161 1650 1214 erubescunt.
1715 1160 1861 1214 Sicut
1893 1162 2031 1215 enim
2056 1161 2206 1215 nobis
2233 1162 2486 1230 imminet,

546 1256 684 1325 quod
720 1273 814 1326 per
857 1255 1168 1326 prophetam
1208 1257 1422 1310 dicitur:
1477 1257 1543 1311 Si
1578 1277 1683 1310 non
1723 1261 2122 1311 annunciaveris
2161 1261 2343 1328 iniquo
2382 1261 2486 1311 ini-

547 1356 792 1423 quitatem
831 1372 995 1418 suam,
1038 1343 1270 1405 animam
1309 1356 1415 1406 eius
1447 1355 1510 1406 cle
1538 1373 1694 1406 manu
1721 1365 1810 1407 tua
1835 1357 2103 1424 requiram
2120 1350 2159 1416 ¹,-
2200 1358 2275 1407 et:
2316 1355 2486 1407 Male-

545 1451 728 1514 dictae,
783 1451 876 1518 qui
908 1449 1148 1519 prohibet
1181 1449 1420 1519 qladium
1457 1468 1607 1502 suum
1645 1470 1679 1502 a
1716 1446 2014 1519 sanquinffl,
2063 1450 2118 1502 id
2158 1455 2236 1502 est
2273 1449 2489 1503 verbum

546 1544 908 1596 correctionis⁰
949 1560 980 1596 a
1017 1560 1177 1612 prave
1215 1544 1504 1597 viventium
1541 1542 1951 1614 increpatione³;
1992 1546 2067 1598 ita
2102 1545 2205 1597 illis
2231 1546 2487 1613 imminet,

546 1640 591 1692 si
627 1655 734 1692 non
769 1639 1108 1707 oboedierint,
1147 1639 1227 1692 ira
1255 1639 1418 1693 divini
1442 1640 1623 1693 iudicii
1650 1645 1701 1693 et
1724 1641 1871 1708 ultio,
1911 1644 2136 1694 testante
2166 1637 2486 1709 Samuhele⁴,

543 1735 816 1788 idolatriae
868 1735 1093 1788 sceleris.
1246 1735 1415 1788 Testis
1466 1736 1605 1788 enim
1652 1736 1803 1789 nobis
1852 1740 1931 1789 est
1967 1736 2135 1789 Deus:
2186 1738 2308 1805 quia
2344 1737 2490 1790 nulla

544 1848 638 1884 nos
685 1831 957 1884 commoda
1014 1830 1260 1883 secularis
1317 1835 1584 1901 respectus
1643 1835 1824 1884 contra
1879 1849 2069 1901 pravos
2128 1832 2390 1902 principes
2439 1836 2490 1886 et

545 1927 733 1997 impios
774 1926 1066 1980 sacerdotes
1105 1926 1345 1996 impellit,
1386 1921 1477 1980 sed
1515 1927 1858 1980 consideratio
1887 1927 2055 1981 nostri
2085 1926 2241 1980 officii
2268 1932 2320 1981 et
2342 1931 2490 1998 pote-

545 2027 669 2091 staS,
711 2039 813 2091 qua
851 2022 1040 2076 cotidie
1080 2027 1435 2091 angustamur,
1478 2023 1792 2093 apostolicae
1819 2025 1971 2077 sedis.
2033 2023 2219 2077 Melius
2247 2028 2326 2077 est
2351 2025 2491 2077 enim

545 2119 710 2187 nobiS,
752 2119 981 2172 debitam
1018 2123 1240 2172 mortem
1281 2120 1451 2172 carnis
1490 2137 1585 2189 per
1621 2123 1872 2189 tyrannos
1913 2121 1958 2173 si
1984 2121 2273 2190 oportuerit
2299 2120 2488 2188 subire,

546 2231 702 2284 quam
750 2219 928 2268 nostro
978 2215 1183 2268 silentio
1222 2215 1409 2269 timore
1450 2216 1533 2269 vel
1573 2216 1842 2269 commodo
1884 2217 2196 2270 christianae
2235 2217 2363 2283 legis
2402 2216 2490 2270 de-

546 2311 819 2364 structioni
858 2311 1164 2364 consentire.
1227 2310 1442 2364 Sanctos
1483 2311 1692 2379 quidem
1730 2316 1906 2380 patres
1937 2316 2141 2364 nostros
2169 2311 2363 2364 dixisse
2391 2312 2490 2364 sci-

546 2423 687 2459 mus:
731 2406 839 2472 Qui
869 2410 1054 2477 pravis
1093 2408 1384 2459 hominibus
1419 2410 1504 2459 sui
1529 2410 1939 2460 consideratione
1966 2408 2128 2476 officii
2150 2427 2255 2460 non
2282 2419 2487 2460 contra-

547 2505 690 2567 dicit,
733 2506 979 2556 consentit
988 2523 1005 2566 ,·
1046 2514 1092 2556 et
1129 2506 1223 2572 qui
1257 2505 1538 2556 resecanda
1575 2523 1681 2555 non
1708 2502 1924 2573 aufert⁴¹‚
1968 2506 2250 2556 committit.
2309 2503 2489 2556 Omni-

547 2602 731 2668 potens
779 2598 948 2666 DeUS,
999 2615 1029 2651 a
1078 2614 1177 2667 quo
1227 2602 1412 2651 cuncta
1461 2599 1597 2652 bona
1642 2599 1955 2668 procedunt,
2008 2599 2208 2651 meritis
2249 2598 2489 2652 dominae

547 2698 756 2747 nostrae
796 2694 1033 2747 coelestis
1071 2694 1282 2761 reginae
1321 2710 1380 2746 ac
1417 2694 1688 2747 beatorum
1715 2694 2068 2765 apostolorum
2095 2694 2238 2747 Petri
2265 2699 2316 2748 et
2339 2694 2490 2748 Pauli

546 2790 917 2844 intercessione
958 2789 1115 2843 corda
1151 2793 1327 2843 vestra
1364 2788 1634 2843 confirmet
1671 2794 1723 2843 et
1761 2791 2034 2859 custodiat,
2077 2795 2128 2844 et
2166 2791 2379 2860 spiritus
2408 2790 2490 2843 sui

547 2886 772 2954 gratiam
811 2885 1234 2955 superinfundat3
1284 2889 1367 2954 ut,
1418 2902 1549 2954 quae
1589 2890 1709 2939 sunt
1748 2887 1795 2940 ei
1833 2887 2027 2957 placita
2064 2887 2338 2953 facienteS,
2379 2902 2488 2939 me-

547 2982 768 3036 reamini
815 2998 1063 3052 sponsam
1110 2982 1246 3050 eiUS,
1295 2986 1518 3035 matrem
1565 2982 1808 3036 videlicet
1852 2987 2111 3036 nostram⁶
2152 2982 2215 3034 de
2253 2980 2487 3035 faucibus

547 3077 790 3148 luporum
831 3078 1049 3148 eripere,
1091 3081 1245 3147 atque
1273 3078 1339 3131 ad
1370 3095 1647 3148 supernam
1686 3079 1827 3131 illius
1866 3079 2104 3146 gloriam,
2146 3078 2209 3130 ab
2248 3077 2487 3130 omnibus

546 3174 773 3243 peccatis
810 3173 1050 3243 absoluti,
1089 3174 1376 3244 pervenire.
1435 3174 1600 3228 Datar
1623 3174 1875 3228 Laurenti
1901 3177 1932 3228 8
1959 3173 2218 3228 Kalendas
2244 3172 2486 3241 Augusti,

545 3269 828 3323 indictione
870 3271 954 3323 14.

663 3398 697 3423 a.
731 3387 873 3425 animas
902 3398 988 3425 suas
1017 3389 1052 3425 2.
1181 3388 1218 3426 b.
1245 3388 1306 3426 vel
1334 3390 1370 3426 2.
1502 3400 1532 3426 c.
1560 3387 1848 3437 praedicationis
1878 3389 1901 3424 2
1923 3401 1993 3435 pro
2021 3387 2263 3424 correctionis
2297 3407 2336 3412 —
2365 3387 2487 3424 inere-

547 3452 712 3499 patione.
843 3454 879 3490 d.
906 3454 1083 3502 prohibet
1110 3456 1146 3491 2.
1276 3466 1308 3491 e.
1334 3456 1498 3492 vestram
1526 3457 1561 3492 2.
1690 3454 1716 3491 f.
1743 3453 1841 3491 Data
1871 3472 1911 3478 --
1943 3454 1994 3490 14
2020 3467 2088 3489 om.
2110 3455 2145 3490 2.

666 3532 707 3575 1.
740 3530 807 3576 Cf.
838 3532 1004 3576 Ezech.
1025 3533 1066 3589 3,
1091 3534 1160 3577 18.
1324 3534 1366 3578 2.
1397 3534 1557 3578 Ierem.
1578 3533 1651 3590 48,
1675 3534 1744 3577 10.
1907 3533 1949 3576 3.
1980 3545 2025 3576 v.
2057 3544 2194 3588 supra
2221 3545 2266 3588 p.
2290 3532 2346 3575 26
2376 3545 2420 3575 n.
2442 3531 2486 3576 4.

545 3602 589 3646 4.
623 3603 647 3646 1
670 3604 782 3660 Reg.
806 3606 876 3662 15,
898 3607 969 3649 23.
