2730 4198
657 299 932 337 GREGORII
969 302 1047 337 vn
1083 301 1393 339 EPISTOLAE
1434 301 1777 339 COLLEGTAE.
1809 301 1871 337 46.
2127 287 2234 340 573

287 418 401 468 ctae
449 414 696 468 ecclesiae
743 415 985 469 hereticis
1037 416 1285 471 adulteris
1336 421 1387 470 et
1434 417 1760 471 invasoribus
1812 417 1960 485 quasi
1999 417 2236 486 patribus
2267 425 2383 467 1084

287 509 608 563 subiciantur
647 514 802 578 atque
841 512 904 565 ab
946 513 1019 565 eis
1048 512 1189 565 velut
1221 512 1514 565 adulterina
1539 513 1757 565 infamia
1782 515 2042 564 notentur.
2101 512 2237 566 Hinc

286 605 452 659 multa
490 605 645 674 mala,
686 605 892 659 diversa
929 607 1162 676 pericula
1202 611 1254 661 et
1277 608 1514 661 inaudita
1540 607 1862 661 crudelitatis
1890 606 2085 659 scelera
2112 623 2237 674 qua-

285 699 407 754 liter
447 700 553 753 sint
591 705 790 770 exorta,
832 719 864 755 a
901 702 1093 755 nostris
1131 702 1317 770 legatis
1356 702 1469 756 luce
1509 703 1699 755 clarius
1725 719 1951 770 veraque
1986 701 2238 755 relatione

287 796 507 865 potestis
547 796 839 863 addiscere3
882 801 934 850 et
971 797 1016 850 si
1054 815 1110 850 re
1138 815 1262 851 vera
1296 799 1480 852 doletis
1509 803 1560 851 et
1587 797 1970 850 contristamini
1998 797 2061 850 de
2086 798 2240 850 rui-na

285 890 599 945 christianae
638 892 905 960 religionis
947 897 998 945 et
1037 894 1338 947 confusione
1378 895 1526 962 eique
1553 893 1711 946 vultis
1733 909 1961 965 *manum
1987 892 2239 962 praebere

285 986 555 1055 adiutorii,
600 987 913 1058 intrinsecus
953 993 1093 1042 certo
1132 989 1259 1042 tacti
1299 989 1501 1056 dolore,
1543 988 1607 1041 ab
1649 988 1845 1041 eisdem
1882 988 2071 1040 instrui
2111 989 2238 1041 satis

284 1083 521 1152 potestis.
579 1082 712 1136 Sunt
751 1083 892 1136 enim
930 1084 1080 1137 beato
1118 1083 1274 1137 Petro
1313 1083 1605 1136 fidelissimi
1646 1086 1698 1136 et
1734 1083 1872 1136 inter
1909 1083 2108 1153 primos
2149 1084 2239 1136 do-

283 1195 401 1231 mus
440 1179 550 1231 eius
577 1179 932 1247 unusquisque
958 1179 1012 1231 in
1041 1195 1133 1232 suo
1161 1179 1340 1232 ordine
1368 1179 1713 1246 adnumerati,
1756 1179 1844 1246 qui
1870 1179 2013 1232 nullo
2041 1183 2239 1232 terrore

284 1273 529 1342 nullaque
569 1274 937 1343 temporalium
976 1291 1153 1327 rerum
1191 1275 1537 1344 promissione
1575 1278 1862 1344 potuerunt
1890 1275 1945 1326 in
1973 1274 2144 1343 aliquo
2175 1275 2238 1328 ab

288 1369 398 1422 eius
449 1368 699 1422 fidelitate
748 1373 800 1423 et
848 1369 1146 1424 defensione
1197 1371 1349 1424 avelli
1398 1375 1450 1424 et
1497 1388 1527 1423 a
1565 1370 1763 1437 gremio
1804 1374 2014 1424 sanctae
2053 1371 2237 1424 matris

285 1464 564 1518 aecclesiae
604 1465 853 1534 separari.

433 1558 536 1613 Sed
582 1561 729 1628 quia,
771 1560 906 1614 sicut
952 1561 1100 1614 novit
1146 1566 1322 1614 vestra
1367 1562 1700 1629 fraternitaS,
1750 1561 1873 1614 licet
1922 1561 2135 1629 indigno
2188 1569 2239 1616 et

283 1656 544 1725 peccatori
593 1656 841 1709 divinitus
893 1674 987 1726 per
1037 1657 1348 1726 prophetam
1399 1657 1613 1711 dicitur:
1669 1657 1844 1727 Super
1886 1669 2107 1711 montem
2147 1679 2235 1712 ex-

284 1748 502 1804 celsum¹
541 1756 593 1805 et
629 1751 861 1820 reliqua,
898 1756 950 1805 et
987 1752 1204 1805 iterum:
1257 1751 1462 1818 Clama,
1505 1772 1570 1806 ne
1609 1772 1766 1805 cesses
1779 1749 1814 1818 ²,
1858 1753 2015 1806 velim
2054 1753 2235 1823 nolim,

285 1845 428 1898 omni
466 1847 760 1916 postposita
798 1848 1133 1915 verecundia,
1181 1849 1370 1901 timore
1409 1865 1612 1917 quoque
1651 1847 1732 1901 vel
1771 1847 1989 1901 alicuius
2028 1852 2236 1903 terreno

286 1958 489 2007 amore,
539 1942 865 2010 euangelizo;
919 1943 1084 1997 clamo
1125 1943 1292 1996 clamo
1333 1948 1384 1997 et
1421 1944 1613 1997 iterum
1652 1943 1846 2011 clamO,
1889 1948 1941 1997 et
1980 1944 2236 1998 adnuncio

285 2037 460 2098 vobis:
513 2038 636 2105 quia
674 2038 956 2092 christiana
994 2038 1175 2105 religio
1218 2043 1269 2092 et
1307 2057 1442 2092 vera·
1467 2038 1621 2108 fides,
1663 2056 1819 2108 quam
1857 2037 1994 2092 filius
2034 2039 2135 2094 Dei
2173 2041 2237 2095 de

286 2131 428 2186 coelo
467 2133 678 2186 veniens
717 2151 812 2203 per
850 2139 1026 2204 patres
1066 2138 1272 2188 nostros
1311 2151 1405 2187 nos
1447 2134 1637 2200 docuit,
1678 2135 1732 2187 in
1770 2134 2058 2188 secularem
2085 2153 2238 2190 versa

282 2243 500 2297 pravam
538 2230 981 2297 consuetudinem,
1022 2230 1123 2283 heu
1159 2230 1289 2300 proh
1319 2230 1465 2283 dolor
1493 2230 1559 2283 ad
1584 2230 1835 2283 nichilum
1865 2247 1998 2300 pene
2028 2231 2238 2285 devenit

284 2326 352 2391 et,
391 2323 647 2383 inmutato
688 2325 900 2393 antiquo
941 2325 1129 2393 colore,
1172 2326 1358 2378 cecidit
1395 2343 1501 2378 non
1540 2325 1710 2378 solum
1748 2325 1804 2378 in
1831 2325 2028 2379 diaboli
2055 2344 2236 2380 verum

285 2419 445 2471 etiam
483 2419 540 2472 in
578 2419 852 2473 Iudeorum
896 2420 1301 2476 Sarracenorum
1342 2426 1496 2490 atque
1534 2438 1860 2491 paganorum
1901 2422 2232 2475 derisionem.

284 2513 367 2566 Illi
405 2515 542 2567 enim
582 2514 722 2582 leges
763 2532 883 2569 suas
924 2547 993 2553 -—
1033 2518 1157 2571 licet
1193 2518 1290 2572 hoc
1329 2523 1564 2587 tempore
1604 2517 1670 2570 ad
1707 2517 1909 2571 nullam
1937 2518 2235 2571 animarum

285 2607 507 2662 salutem
544 2610 716 2678 utileS,
756 2611 1016 2680 nullisque
1055 2613 1339 2681 miraculiS,
1381 2614 1515 2667 sicut
1540 2612 1627 2666 lex
1656 2618 1836 2667 nostra
1874 2614 2072 2667 aeterni
2097 2614 2234 2681 regis

284 2704 548 2773 frequenti
588 2707 938 2776 attestatione,
977 2708 1285 2762 clarificatas
1326 2714 1378 2763 et
1416 2709 1777 2762 corroboratas
1817 2739 1885 2746 ——
1927 2713 2086 2780 prout
2125 2725 2235 2762 cre-

286 2799 431 2868 dunt,
473 2799 765 2854 observant.
823 2801 930 2855 Nos
972 2808 1162 2872 autem,
1203 2805 1364 2858 seculi
1402 2803 1648 2857 inebriati
1690 2821 1865 2858 amore
1906 2810 1957 2858 et
1981 2822 2118 2858 vana
2146 2805 2234 2858 de-

285 2895 423 2964 cepti
463 2895 761 2965 ambitione,
803 2898 944 2950 omni
982 2899 1233 2967 religione
1274 2904 1325 2953 et
1362 2899 1632 2952 honestate
1661 2900 1937 2969 cupiditati
1966 2903 2120 2968 atque
2148 2917 2234 2953 su-

284 2990 499 3060 perbiae
524 2992 848 3061 postpositiS,
879 2993 1084 3061 exleges
1112 2999 1164 3048 et
1184 2995 1332 3064 quasi
1353 2995 1486 3048 fatui
1505 2994 1767 3061 videmur3
1799 2995 1920 3063 quia
1941 2996 2233 3065 praesentis

285 3087 424 3149 ‚vitae
463 3090 515 3139 et
551 3086 758 3140 futurae
798 3088 1019 3142 salutem
1059 3093 1116 3151 et,
1147 3089 1398 3143 honorem
1437 3090 1570 3142 sicut
1607 3094 1783 3160 patres
1818 3091 1984 3144 nostri
2010 3108 2115 3144 non
2141 3091 2233 3145 ha-

283 3181 465 3236 bemus
505 3198 601 3236 nec
641 3183 826 3251 etiam,
879 3184 1014 3238 sicut
1052 3189 1282 3254 oportet,
1334 3202 1622 3255 speramus
1700 3185 1771 3239 Et
1809 3186 1854 3239 si
1893 3191 2015 3240 sunt
2053 3187 2231 3256 aliqui,

282 3276 406 3357 licet
452 3278 736 3347 rarissimi,
786 3280 875 3347 qui
914 3279 1084 3332 Deum
1131 3281 1379 3350 timeant,
1428 3298 1523 3351 pro
1573 3298 1628 3335 se
1673 3285 1954 3350 utcumque
1991 3299 2098 3335 non
2135 3300 2231 3352 pro

285 3374 545 3434 communi
593 3374 814 3427 fratrum
864 3374 1031 3428 salute
1080 3375 1348 3429 decertant
1393 3380 1602 3446 promta
1639 3376 1923 3431 voluntate.
2003 3377 2102 3440 Qui
2150 3378 2232 3432 vel

287 3471 413 3535 quot
461 3472 583 3522 sunt
622 3470 711 3538 qui
749 3487 844 3540 pro
885 3471 1072 3523 timore
1110 3470 1192 3524 vel
1232 3487 1407 3525 amore
1448 3472 1819 3541 omnipotentis
1858 3472 1982 3541 Dei,
2034 3472 2091 3525 in
2130 3489 2230 3542 quo

283 3563 506 3617 vivimus
564 3582 835 3619 movemur
883 3570 935 3619 et
981 3563 1207 3635 sumus³,
1269 3570 1474 3620 tantum
1522 3567 1776 3620 desudent
1819 3568 1902 3621 vel
1949 3584 2115 3637 usque
2164 3568 2231 3622 ad

404 3671 443 3714 1.
474 3671 578 3716 Isai.
601 3674 671 3729 57,
696 3675 736 3718 7.
886 3675 928 3720 2.
960 3675 1064 3719 Isai.
1087 3675 1158 3732 58,
1182 3675 1222 3720 1.
1375 3676 1416 3720 3.
1449 3674 1553 3721 Act.
1581 3676 1650 3732 17,
1673 3676 1744 3720 28.
