<?xml version="1.0" encoding="UTF-8"?>
<!DOCTYPE html PUBLIC "-//W3C//DTD XHTML 1.0 Transitional//EN"
    "http://www.w3.org/TR/xhtml1/DTD/xhtml1-transitional.dtd">
<html xmlns="http://www.w3.org/1999/xhtml" xml:lang="en" lang="en">
 <head>
  <title>
</title>
<meta http-equiv="Content-Type" content="text/html;charset=utf-8" />
  <meta name='ocr-system' content='tesseract 3.04.00' />
  <meta name='ocr-capabilities' content='ocr_page ocr_carea ocr_par ocr_line ocrx_word'/>
</head>
<body>
  <div class='ocr_page' id='page_1' title='image "bibliothecarerum02wattuoft_0394.png"; bbox 0 0 2730 4198; ppageno 0'>
   <div class='ocr_carea' id='block_1_1' title="bbox 547 274 1995 328">
    <p class='ocr_par' dir='ltr' id='par_1_1' title="bbox 547 274 1995 328">
     <span class='ocr_line' id='line_1_1' title="bbox 547 274 1995 328; baseline -0.003 0"><span class='ocrx_word' id='word_1_1' title='bbox 547 274 653 328; x_wconf 84' lang='lat'>378</span> <span class='ocrx_word' id='word_1_2' title='bbox 1036 288 1306 327; x_wconf 80' lang='lat' dir='ltr'><strong>GREGORH</strong></span> <span class='ocrx_word' id='word_1_3' title='bbox 1346 289 1423 326; x_wconf 89' lang='lat' dir='ltr'>v11</span> <span class='ocrx_word' id='word_1_4' title='bbox 1460 287 1723 326; x_wconf 72' lang='lat' dir='ltr'>REffls&#39;rRI</span> <span class='ocrx_word' id='word_1_5' title='bbox 1761 289 1818 325; x_wconf 82' lang='lat' dir='ltr'>vl</span> <span class='ocrx_word' id='word_1_6' title='bbox 1845 287 1906 325; x_wconf 87' lang='lat'>39.</span> <span class='ocrx_word' id='word_1_7' title='bbox 1932 289 1995 326; x_wconf 84' lang='lat'>40.</span> 
     </span>
    </p>
   </div>
   <div class='ocr_carea' id='block_1_2' title="bbox 368 403 2483 2295">
    <p class='ocr_par' dir='ltr' id='par_1_2' title="bbox 386 403 2482 475">
     <span class='ocr_line' id='line_1_2' title="bbox 386 403 2482 475; baseline 0.004 -22"><span class='ocrx_word' id='word_1_8' title='bbox 386 410 500 453; x_wconf 82' lang='lat'>1079</span> <span class='ocrx_word' id='word_1_9' title='bbox 544 405 680 460; x_wconf 89' lang='lat' dir='ltr'>inter</span> <span class='ocrx_word' id='word_1_10' title='bbox 717 409 888 459; x_wconf 82' lang='lat' dir='ltr'>cetera</span> <span class='ocrx_word' id='word_1_11' title='bbox 926 404 1401 458; x_wconf 85' lang='lat' dir='ltr'>archidiaconatum</span> <span class='ocrx_word' id='word_1_12' title='bbox 1427 403 1790 471; x_wconf 90' lang='lat' dir='ltr'>Pergamensis</span> <span class='ocrx_word' id='word_1_13' title='bbox 1820 403 2065 459; x_wconf 89' lang='lat' dir='ltr'>ecclesiae</span> <span class='ocrx_word' id='word_1_14' title='bbox 2105 406 2482 475; x_wconf 80' lang='lat' dir='ltr'>quinquaginta</span> 
     </span>
    </p>

    <p class='ocr_par' dir='ltr' id='par_1_3' title="bbox 368 470 2483 1527">
     <span class='ocr_line' id='line_1_3' title="bbox 368 470 2482 570; baseline 0 -15"><span class='ocrx_word' id='word_1_15' title='bbox 368 470 445 508; x_wconf 81' lang='lat' dir='ltr'>Iun.</span> <span class='ocrx_word' id='word_1_16' title='bbox 466 471 512 508; x_wconf 66' lang='lat'>21</span> <span class='ocrx_word' id='word_1_17' title='bbox 542 501 794 555; x_wconf 91' lang='lat' dir='ltr'>librarum</span> <span class='ocrx_word' id='word_1_18' title='bbox 830 500 998 570; x_wconf 91' lang='lat' dir='ltr'>pretio</span> <span class='ocrx_word' id='word_1_19' title='bbox 1025 499 1318 553; x_wconf 89' lang='lat' dir='ltr'>vendidisse</span> <span class='ocrx_word' id='word_1_20' title='bbox 1346 500 1662 570; x_wconf 81' lang='lat' dir='ltr'>perhibetur.</span> <span class='ocrx_word' id='word_1_21' title='bbox 1813 499 1928 554; x_wconf 95' lang='lat' dir='ltr'>Huc</span> <span class='ocrx_word' id='word_1_22' title='bbox 1955 501 2167 570; x_wconf 90' lang='lat' dir='ltr'>accedit,</span> <span class='ocrx_word' id='word_1_23' title='bbox 2209 501 2347 570; x_wconf 93' lang='lat' dir='ltr'>quod</span> <span class='ocrx_word' id='word_1_24' title='bbox 2374 518 2482 556; x_wconf 90' lang='lat' dir='ltr'>ser-</span> 
     </span>
     <span class='ocr_line' id='line_1_4' title="bbox 542 595 2482 664; baseline 0.001 -14"><span class='ocrx_word' id='word_1_25' title='bbox 542 613 633 650; x_wconf 92' lang='lat' dir='ltr'>vos</span> <span class='ocrx_word' id='word_1_26' title='bbox 672 596 770 650; x_wconf 91' lang='lat' dir='ltr'>Dei</span> <span class='ocrx_word' id='word_1_27' title='bbox 802 626 864 632; x_wconf 95' lang='lat'>—</span> <span class='ocrx_word' id='word_1_28' title='bbox 901 611 1045 664; x_wconf 88' lang='lat' dir='ltr'>quos,</span> <span class='ocrx_word' id='word_1_29' title='bbox 1086 600 1143 648; x_wconf 90' lang='lat' dir='ltr'>ut</span> <span class='ocrx_word' id='word_1_30' title='bbox 1180 595 1483 663; x_wconf 89' lang='lat' dir='ltr'>religiosum</span> <span class='ocrx_word' id='word_1_31' title='bbox 1522 596 1691 648; x_wconf 87' lang='lat' dir='ltr'>virum</span> <span class='ocrx_word' id='word_1_32' title='bbox 1731 595 1893 664; x_wconf 87' lang='lat' dir='ltr'>decet,</span> <span class='ocrx_word' id='word_1_33' title='bbox 1933 597 2069 650; x_wconf 89' lang='lat' dir='ltr'>tueri</span> <span class='ocrx_word' id='word_1_34' title='bbox 2107 600 2159 650; x_wconf 89' lang='lat' dir='ltr'>et</span> <span class='ocrx_word' id='word_1_35' title='bbox 2194 597 2250 650; x_wconf 94' lang='lat' dir='ltr'>in</span> <span class='ocrx_word' id='word_1_36' title='bbox 2284 597 2482 652; x_wconf 89' lang='lat' dir='ltr'>cunctis</span> 
     </span>
     <span class='ocr_line' id='line_1_5' title="bbox 542 691 2479 747; baseline 0.001 -2"><span class='ocrx_word' id='word_1_37' title='bbox 542 692 787 745; x_wconf 89' lang='lat' dir='ltr'>adiuvare</span> <span class='ocrx_word' id='word_1_38' title='bbox 827 691 1037 744; x_wconf 77' lang='lat' dir='ltr'>deberet</span> <span class='ocrx_word' id='word_1_39' title='bbox 1075 721 1140 728; x_wconf 90' lang='lat'>—</span> <span class='ocrx_word' id='word_1_40' title='bbox 1185 709 1212 745; x_wconf 89' lang='lat' dir='ltr'>e</span> <span class='ocrx_word' id='word_1_41' title='bbox 1253 692 1510 745; x_wconf 84' lang='lat' dir='ltr'>contrario</span> <span class='ocrx_word' id='word_1_42' title='bbox 1555 692 1805 745; x_wconf 86' lang='lat' dir='ltr'>infestare</span> <span class='ocrx_word' id='word_1_43' title='bbox 1844 695 1897 745; x_wconf 87' lang='lat' dir='ltr'>et</span> <span class='ocrx_word' id='word_1_44' title='bbox 1931 691 2210 747; x_wconf 83' lang='lat' dir='ltr'>molestare</span> <span class='ocrx_word' id='word_1_45' title='bbox 2247 697 2479 747; x_wconf 88' lang='lat' dir='ltr'>conatur.</span> 
     </span>
     <span class='ocr_line' id='line_1_6' title="bbox 541 787 2480 858; baseline 0.001 -17"><span class='ocrx_word' id='word_1_46' title='bbox 541 787 680 841; x_wconf 86' lang='lat' dir='ltr'>Tuae</span> <span class='ocrx_word' id='word_1_47' title='bbox 719 787 880 855; x_wconf 82' lang='lat' dir='ltr'>igitur</span> <span class='ocrx_word' id='word_1_48' title='bbox 928 787 1272 841; x_wconf 84' lang='lat' dir='ltr'>fraternitatis</span> <span class='ocrx_word' id='word_1_49' title='bbox 1312 787 1603 841; x_wconf 91' lang='lat' dir='ltr'>sollicitudo</span> <span class='ocrx_word' id='word_1_50' title='bbox 1643 787 1970 858; x_wconf 92' lang='lat' dir='ltr'>corripiendo</span> <span class='ocrx_word' id='word_1_51' title='bbox 2010 787 2120 841; x_wconf 89' lang='lat' dir='ltr'>sive</span> <span class='ocrx_word' id='word_1_52' title='bbox 2159 787 2480 843; x_wconf 83' lang='lat' dir='ltr'>exhortando</span> 
     </span>
     <span class='ocr_line' id='line_1_7' title="bbox 540 882 2483 954; baseline 0.001 -16"><span class='ocrx_word' id='word_1_53' title='bbox 540 883 745 938; x_wconf 85' lang='lat' dir='ltr'>studeat</span> <span class='ocrx_word' id='word_1_54' title='bbox 771 887 924 951; x_wconf 87' lang='lat' dir='ltr'>atque</span> <span class='ocrx_word' id='word_1_55' title='bbox 949 883 1247 952; x_wconf 86' lang='lat' dir='ltr'>provideat:</span> <span class='ocrx_word' id='word_1_56' title='bbox 1279 887 1532 952; x_wconf 87' lang='lat' dir='ltr'>quatenus</span> <span class='ocrx_word' id='word_1_57' title='bbox 1560 900 1714 954; x_wconf 85' lang='lat' dir='ltr'>saepe</span> <span class='ocrx_word' id='word_1_58' title='bbox 1741 883 1908 937; x_wconf 90' lang='lat' dir='ltr'>dictus</span> <span class='ocrx_word' id='word_1_59' title='bbox 1936 882 2128 937; x_wconf 91' lang='lat' dir='ltr'>electus</span> <span class='ocrx_word' id='word_1_60' title='bbox 2154 883 2280 938; x_wconf 74' lang='lat' dir='ltr'>haee</span> <span class='ocrx_word' id='word_1_61' title='bbox 2307 884 2483 940; x_wconf 90' lang='lat' dir='ltr'>omnia</span> 
     </span>
     <span class='ocr_line' id='line_1_8' title="bbox 540 979 2480 1047; baseline 0.002 -16"><span class='ocrx_word' id='word_1_62' title='bbox 540 979 814 1032; x_wconf 91' lang='lat' dir='ltr'>emendare</span> <span class='ocrx_word' id='word_1_63' title='bbox 850 979 1086 1046; x_wconf 83' lang='lat' dir='ltr'>festinet,</span> <span class='ocrx_word' id='word_1_64' title='bbox 1145 983 1197 1032; x_wconf 89' lang='lat' dir='ltr'>et</span> <span class='ocrx_word' id='word_1_65' title='bbox 1241 983 1347 1031; x_wconf 87' lang='lat' dir='ltr'>tam</span> <span class='ocrx_word' id='word_1_66' title='bbox 1388 996 1563 1032; x_wconf 92' lang='lat' dir='ltr'>coram</span> <span class='ocrx_word' id='word_1_67' title='bbox 1602 979 1712 1033; x_wconf 92' lang='lat' dir='ltr'>Deo</span> <span class='ocrx_word' id='word_1_68' title='bbox 1762 995 1917 1047; x_wconf 91' lang='lat' dir='ltr'>quam</span> <span class='ocrx_word' id='word_1_69' title='bbox 1965 995 2140 1032; x_wconf 90' lang='lat' dir='ltr'>coram</span> <span class='ocrx_word' id='word_1_70' title='bbox 2185 979 2480 1035; x_wconf 86' lang='lat' dir='ltr'>hominibus</span> 
     </span>
     <span class='ocr_line' id='line_1_9' title="bbox 540 1073 2482 1145; baseline 0.001 -18"><span class='ocrx_word' id='word_1_71' title='bbox 540 1074 733 1128; x_wconf 90' lang='lat' dir='ltr'>bonum</span> <span class='ocrx_word' id='word_1_72' title='bbox 780 1075 1136 1127; x_wconf 89' lang='lat' dir='ltr'>testimonium</span> <span class='ocrx_word' id='word_1_73' title='bbox 1185 1075 1376 1128; x_wconf 86' lang='lat' dir='ltr'>habere</span> <span class='ocrx_word' id='word_1_74' title='bbox 1424 1079 1680 1145; x_wconf 82' lang='lat' dir='ltr'>procuret.</span> <span class='ocrx_word' id='word_1_75' title='bbox 1744 1073 1800 1128; x_wconf 86' lang='lat' dir='ltr'>Si</span> <span class='ocrx_word' id='word_1_76' title='bbox 1848 1091 1971 1128; x_wconf 89' lang='lat' dir='ltr'>vero</span> <span class='ocrx_word' id='word_1_77' title='bbox 2010 1074 2094 1128; x_wconf 89' lang='lat' dir='ltr'>vel</span> <span class='ocrx_word' id='word_1_78' title='bbox 2142 1075 2317 1129; x_wconf 90' lang='lat' dir='ltr'>omnia</span> <span class='ocrx_word' id='word_1_79' title='bbox 2353 1075 2482 1130; x_wconf 89' lang='lat' dir='ltr'>haec</span> 
     </span>
     <span class='ocr_line' id='line_1_10' title="bbox 538 1169 2478 1241; baseline 0 -19"><span class='ocrx_word' id='word_1_80' title='bbox 538 1169 619 1223; x_wconf 88' lang='lat' dir='ltr'>vel</span> <span class='ocrx_word' id='word_1_81' title='bbox 647 1170 901 1238; x_wconf 88' lang='lat' dir='ltr'>quaedam</span> <span class='ocrx_word' id='word_1_82' title='bbox 927 1170 1148 1223; x_wconf 87' lang='lat' dir='ltr'>fortasse</span> <span class='ocrx_word' id='word_1_83' title='bbox 1174 1187 1364 1238; x_wconf 84' lang='lat' dir='ltr'>negare</span> <span class='ocrx_word' id='word_1_84' title='bbox 1391 1170 1630 1239; x_wconf 86' lang='lat' dir='ltr'>voluerit,</span> <span class='ocrx_word' id='word_1_85' title='bbox 1658 1171 1896 1224; x_wconf 90' lang='lat' dir='ltr'>volumus</span> <span class='ocrx_word' id='word_1_86' title='bbox 1924 1175 2078 1239; x_wconf 90' lang='lat' dir='ltr'>atque</span> <span class='ocrx_word' id='word_1_87' title='bbox 2104 1171 2478 1241; x_wconf 85' lang='lat' dir='ltr'>praecipimus:</span> 
     </span>
     <span class='ocr_line' id='line_1_11' title="bbox 538 1266 2480 1335; baseline 0.002 -18"><span class='ocrx_word' id='word_1_88' title='bbox 538 1270 596 1318; x_wconf 88' lang='lat' dir='ltr'>ut</span> <span class='ocrx_word' id='word_1_89' title='bbox 635 1269 755 1334; x_wconf 83' lang='lat' dir='ltr'>apto</span> <span class='ocrx_word' id='word_1_90' title='bbox 795 1268 1030 1335; x_wconf 87' lang='lat' dir='ltr'>tempore</span> <span class='ocrx_word' id='word_1_91' title='bbox 1071 1269 1123 1319; x_wconf 88' lang='lat' dir='ltr'>et</span> <span class='ocrx_word' id='word_1_92' title='bbox 1159 1266 1271 1319; x_wconf 89' lang='lat' dir='ltr'>loco</span> <span class='ocrx_word' id='word_1_93' title='bbox 1298 1270 1508 1320; x_wconf 88' lang='lat' dir='ltr'>nostrae</span> <span class='ocrx_word' id='word_1_94' title='bbox 1534 1268 1662 1320; x_wconf 89' lang='lat' dir='ltr'>vicis</span> <span class='ocrx_word' id='word_1_95' title='bbox 1690 1268 2000 1320; x_wconf 86' lang='lat' dir='ltr'>auctoritate</span> <span class='ocrx_word' id='word_1_96' title='bbox 2033 1284 2151 1320; x_wconf 87' lang='lat' dir='ltr'>eum</span> <span class='ocrx_word' id='word_1_97' title='bbox 2177 1266 2241 1320; x_wconf 95' lang='lat' dir='ltr'>de</span> <span class='ocrx_word' id='word_1_98' title='bbox 2267 1266 2480 1321; x_wconf 90' lang='lat' dir='ltr'>obiectis</span> 
     </span>
     <span class='ocr_line' id='line_1_12' title="bbox 538 1360 2480 1432; baseline 0.002 -20"><span class='ocrx_word' id='word_1_99' title='bbox 538 1360 773 1427; x_wconf 85' lang='lat' dir='ltr'>diligenti</span> <span class='ocrx_word' id='word_1_100' title='bbox 812 1362 1194 1415; x_wconf 84' lang='lat' dir='ltr'>examinatione</span> <span class='ocrx_word' id='word_1_101' title='bbox 1233 1362 1498 1431; x_wconf 80' lang='lat' dir='ltr'>discutiaS,</span> <span class='ocrx_word' id='word_1_102' title='bbox 1540 1367 1591 1416; x_wconf 86' lang='lat' dir='ltr'>et</span> <span class='ocrx_word' id='word_1_103' title='bbox 1613 1367 1814 1416; x_wconf 89' lang='lat' dir='ltr'>remota</span> <span class='ocrx_word' id='word_1_104' title='bbox 1849 1363 1990 1416; x_wconf 92' lang='lat' dir='ltr'>omni</span> <span class='ocrx_word' id='word_1_105' title='bbox 2017 1363 2301 1431; x_wconf 76' lang='lat' dir='ltr'>occasione,</span> <span class='ocrx_word' id='word_1_106' title='bbox 2343 1363 2480 1432; x_wconf 92' lang='lat' dir='ltr'>quod</span> 
     </span>
     <span class='ocr_line' id='line_1_13' title="bbox 535 1455 1880 1527; baseline 0.003 -19"><span class='ocrx_word' id='word_1_107' title='bbox 535 1455 736 1509; x_wconf 90' lang='lat' dir='ltr'>iustitia</span> <span class='ocrx_word' id='word_1_108' title='bbox 775 1455 1063 1525; x_wconf 77' lang='lat' dir='ltr'>dictaverit,</span> <span class='ocrx_word' id='word_1_109' title='bbox 1105 1458 1273 1510; x_wconf 89' lang='lat' dir='ltr'>modis</span> <span class='ocrx_word' id='word_1_110' title='bbox 1314 1459 1552 1512; x_wconf 91' lang='lat' dir='ltr'>omnibus</span> <span class='ocrx_word' id='word_1_111' title='bbox 1592 1459 1880 1527; x_wconf 85' lang='lat' dir='ltr'>exequaris.</span> 
     </span>
    </p>

    <p class='ocr_par' dir='ltr' id='par_1_4' title="bbox 529 1550 2479 2295">
     <span class='ocr_line' id='line_1_14' title="bbox 682 1550 2478 1624; baseline 0.003 -22"><span class='ocrx_word' id='word_1_112' title='bbox 682 1550 829 1613; x_wconf 80' lang='lat' dir='ltr'>Quod</span> <span class='ocrx_word' id='word_1_113' title='bbox 868 1556 1042 1605; x_wconf 90' lang='lat' dir='ltr'>autem</span> <span class='ocrx_word' id='word_1_114' title='bbox 1078 1552 1147 1606; x_wconf 90' lang='lat' dir='ltr'>M.</span> <span class='ocrx_word' id='word_1_115' title='bbox 1188 1554 1465 1624; x_wconf 86' lang='lat' dir='ltr'>presbyter</span> <span class='ocrx_word' id='word_1_116' title='bbox 1501 1552 1638 1607; x_wconf 90' lang='lat' dir='ltr'>filius</span> <span class='ocrx_word' id='word_1_117' title='bbox 1676 1558 1854 1618; x_wconf 89' lang='lat' dir='ltr'>noster</span> <span class='ocrx_word' id='word_1_118' title='bbox 1891 1554 2215 1621; x_wconf 88' lang='lat' dir='ltr'>interrogare</span> <span class='ocrx_word' id='word_1_119' title='bbox 2259 1554 2478 1623; x_wconf 91' lang='lat' dir='ltr'>curavit,</span> 
     </span>
     <span class='ocr_line' id='line_1_15' title="bbox 535 1646 2479 1719; baseline 0.003 -21"><span class='ocrx_word' id='word_1_120' title='bbox 535 1646 659 1715; x_wconf 91' lang='lat' dir='ltr'>quid</span> <span class='ocrx_word' id='word_1_121' title='bbox 697 1646 760 1699; x_wconf 94' lang='lat' dir='ltr'>de</span> <span class='ocrx_word' id='word_1_122' title='bbox 799 1646 897 1715; x_wconf 84' lang='lat' dir='ltr'>his,</span> <span class='ocrx_word' id='word_1_123' title='bbox 939 1648 1028 1716; x_wconf 90' lang='lat' dir='ltr'>qui</span> <span class='ocrx_word' id='word_1_124' title='bbox 1068 1665 1098 1702; x_wconf 92' lang='lat' dir='ltr'>a</span> <span class='ocrx_word' id='word_1_125' title='bbox 1136 1650 1450 1719; x_wconf 85' lang='lat' dir='ltr'>symoniacis</span> <span class='ocrx_word' id='word_1_126' title='bbox 1488 1649 1780 1703; x_wconf 88' lang='lat' dir='ltr'>nescienter</span> <span class='ocrx_word' id='word_1_127' title='bbox 1819 1654 1871 1703; x_wconf 84' lang='lat' dir='ltr'>et</span> <span class='ocrx_word' id='word_1_128' title='bbox 1908 1650 2020 1703; x_wconf 89' lang='lat' dir='ltr'>sine</span> <span class='ocrx_word' id='word_1_129' title='bbox 2057 1650 2225 1719; x_wconf 87' lang='lat' dir='ltr'>pretio</span> <span class='ocrx_word' id='word_1_130' title='bbox 2254 1650 2479 1705; x_wconf 89' lang='lat' dir='ltr'>ordinati</span> 
     </span>
     <span class='ocr_line' id='line_1_16' title="bbox 534 1743 2479 1813; baseline 0.003 -18"><span class='ocrx_word' id='word_1_131' title='bbox 534 1746 671 1810; x_wconf 90' lang='lat' dir='ltr'>sunt,</span> <span class='ocrx_word' id='word_1_132' title='bbox 713 1743 1026 1811; x_wconf 87' lang='lat' dir='ltr'>apostolicae</span> <span class='ocrx_word' id='word_1_133' title='bbox 1065 1744 1203 1798; x_wconf 88' lang='lat' dir='ltr'>sedis</span> <span class='ocrx_word' id='word_1_134' title='bbox 1242 1745 1538 1798; x_wconf 86' lang='lat' dir='ltr'>misericors</span> <span class='ocrx_word' id='word_1_135' title='bbox 1577 1761 1797 1798; x_wconf 87' lang='lat' dir='ltr'>censura</span> <span class='ocrx_word' id='word_1_136' title='bbox 1844 1746 2112 1813; x_wconf 89' lang='lat' dir='ltr'>decernat,</span> <span class='ocrx_word' id='word_1_137' title='bbox 2159 1745 2257 1800; x_wconf 94' lang='lat' dir='ltr'>hoc</span> <span class='ocrx_word' id='word_1_138' title='bbox 2303 1746 2479 1801; x_wconf 87' lang='lat' dir='ltr'>obser-</span> 
     </span>
     <span class='ocr_line' id='line_1_17' title="bbox 533 1839 2479 1911; baseline 0.001 -17"><span class='ocrx_word' id='word_1_139' title='bbox 533 1857 657 1894; x_wconf 88' lang='lat' dir='ltr'>vare</span> <span class='ocrx_word' id='word_1_140' title='bbox 695 1844 748 1894; x_wconf 86' lang='lat' dir='ltr'>te</span> <span class='ocrx_word' id='word_1_141' title='bbox 786 1840 1050 1893; x_wconf 88' lang='lat' dir='ltr'>volumus:</span> <span class='ocrx_word' id='word_1_142' title='bbox 1094 1856 1196 1908; x_wconf 80' lang='lat' dir='ltr'>eOS,</span> <span class='ocrx_word' id='word_1_143' title='bbox 1239 1841 1328 1908; x_wconf 92' lang='lat' dir='ltr'>qui</span> <span class='ocrx_word' id='word_1_144' title='bbox 1367 1848 1488 1894; x_wconf 86' lang='lat' dir='ltr'>ante</span> <span class='ocrx_word' id='word_1_145' title='bbox 1516 1844 1722 1910; x_wconf 86' lang='lat' dir='ltr'>tempus</span> <span class='ocrx_word' id='word_1_146' title='bbox 1746 1839 1964 1911; x_wconf 88' lang='lat' dir='ltr'>Nicolay</span> <span class='ocrx_word' id='word_1_147' title='bbox 1989 1858 2157 1911; x_wconf 92' lang='lat' dir='ltr'>papae</span> <span class='ocrx_word' id='word_1_148' title='bbox 2183 1842 2296 1895; x_wconf 92' lang='lat' dir='ltr'>sine</span> <span class='ocrx_word' id='word_1_149' title='bbox 2321 1859 2479 1897; x_wconf 87' lang='lat' dir='ltr'>vena-</span> 
     </span>
     <span class='ocr_line' id='line_1_18' title="bbox 531 1935 2479 2007; baseline 0.001 -18"><span class='ocrx_word' id='word_1_150' title='bbox 531 1936 679 1990; x_wconf 88' lang='lat' dir='ltr'>litate</span> <span class='ocrx_word' id='word_1_151' title='bbox 719 1953 749 1989; x_wconf 92' lang='lat' dir='ltr'>a</span> <span class='ocrx_word' id='word_1_152' title='bbox 787 1936 1102 2007; x_wconf 85' lang='lat' dir='ltr'>symoniacis</span> <span class='ocrx_word' id='word_1_153' title='bbox 1142 1936 1208 1989; x_wconf 92' lang='lat' dir='ltr'>ad</span> <span class='ocrx_word' id='word_1_154' title='bbox 1248 1935 1473 2004; x_wconf 90' lang='lat' dir='ltr'>aliquem</span> <span class='ocrx_word' id='word_1_155' title='bbox 1511 1936 1732 2004; x_wconf 90' lang='lat' dir='ltr'>gradum</span> <span class='ocrx_word' id='word_1_156' title='bbox 1767 1938 1997 2006; x_wconf 89' lang='lat' dir='ltr'>promoti</span> <span class='ocrx_word' id='word_1_157' title='bbox 2035 1941 2180 2006; x_wconf 89' lang='lat' dir='ltr'>sunt,</span> <span class='ocrx_word' id='word_1_158' title='bbox 2221 1937 2266 1991; x_wconf 93' lang='lat' dir='ltr'>si</span> <span class='ocrx_word' id='word_1_159' title='bbox 2289 1941 2479 1992; x_wconf 77' lang='lat' dir='ltr'>tamen</span> 
     </span>
     <span class='ocr_line' id='line_1_19' title="bbox 530 2031 2478 2104; baseline 0.002 -19"><span class='ocrx_word' id='word_1_160' title='bbox 530 2032 640 2085; x_wconf 90' lang='lat' dir='ltr'>vita</span> <span class='ocrx_word' id='word_1_161' title='bbox 680 2048 860 2086; x_wconf 91' lang='lat' dir='ltr'>eorum</span> <span class='ocrx_word' id='word_1_162' title='bbox 896 2031 1378 2101; x_wconf 89' lang='lat' dir='ltr'>inreprehensibilis</span> <span class='ocrx_word' id='word_1_163' title='bbox 1429 2049 1542 2086; x_wconf 91' lang='lat' dir='ltr'>esse</span> <span class='ocrx_word' id='word_1_164' title='bbox 1578 2032 1857 2102; x_wconf 89' lang='lat' dir='ltr'>probatur,</span> <span class='ocrx_word' id='word_1_165' title='bbox 1907 2050 2003 2103; x_wconf 94' lang='lat' dir='ltr'>per</span> <span class='ocrx_word' id='word_1_166' title='bbox 2039 2050 2225 2087; x_wconf 92' lang='lat' dir='ltr'>manus</span> <span class='ocrx_word' id='word_1_167' title='bbox 2262 2033 2478 2104; x_wconf 92' lang='lat' dir='ltr'>imposi-</span> 
     </span>
     <span class='ocr_line' id='line_1_20' title="bbox 531 2127 2478 2198; baseline 0.002 -17"><span class='ocrx_word' id='word_1_168' title='bbox 531 2128 728 2182; x_wconf 91' lang='lat' dir='ltr'>tionem</span> <span class='ocrx_word' id='word_1_169' title='bbox 768 2127 1127 2196; x_wconf 81' lang='lat' dir='ltr'>confirmatOS,</span> <span class='ocrx_word' id='word_1_170' title='bbox 1176 2128 1232 2181; x_wconf 93' lang='lat' dir='ltr'>in</span> <span class='ocrx_word' id='word_1_171' title='bbox 1285 2128 1403 2182; x_wconf 87' lang='lat' dir='ltr'>suis·</span> <span class='ocrx_word' id='word_1_172' title='bbox 1441 2127 1707 2182; x_wconf 86' lang='lat' dir='ltr'>ordinibus</span> <span class='ocrx_word' id='word_1_173' title='bbox 1744 2145 2052 2198; x_wconf 90' lang='lat' dir='ltr'>permanere</span> <span class='ocrx_word' id='word_1_174' title='bbox 2090 2133 2142 2183; x_wconf 89' lang='lat' dir='ltr'>et</span> <span class='ocrx_word' id='word_1_175' title='bbox 2178 2130 2478 2184; x_wconf 87' lang='lat' dir='ltr'>ministrare</span> 
     </span>
     <span class='ocr_line' id='line_1_21' title="bbox 529 2223 2142 2295; baseline -0.001 -17"><span class='ocrx_word' id='word_1_176' title='bbox 529 2241 698 2295; x_wconf 90' lang='lat' dir='ltr'>posse.</span> <span class='ocrx_word' id='word_1_177' title='bbox 777 2224 918 2278; x_wconf 89' lang='lat' dir='ltr'>Data</span> <span class='ocrx_word' id='word_1_178' title='bbox 954 2224 1150 2278; x_wconf 88' lang='lat' dir='ltr'>Romae</span> <span class='ocrx_word' id='word_1_179' title='bbox 1193 2227 1254 2277; x_wconf 90' lang='lat'>11</span> <span class='ocrx_word' id='word_1_180' title='bbox 1298 2224 1560 2278; x_wconf 88' lang='lat' dir='ltr'>Kalendas</span> <span class='ocrx_word' id='word_1_181' title='bbox 1598 2223 1733 2293; x_wconf 89' lang='lat' dir='ltr'>Iulii,</span> <span class='ocrx_word' id='word_1_182' title='bbox 1771 2224 2055 2277; x_wconf 89' lang='lat' dir='ltr'>indictione</span> <span class='ocrx_word' id='word_1_183' title='bbox 2094 2225 2142 2279; x_wconf 83' lang='lat'>2.</span> 
     </span>
    </p>
   </div>
   <div class='ocr_carea' id='block_1_3' title="bbox 528 2393 2479 2758">
    <p class='ocr_par' dir='ltr' id='par_1_5' title="bbox 528 2393 2479 2758">
     <span class='ocr_line' id='line_1_22' title="bbox 528 2393 2474 2470; baseline -0.001 -14"><span class='ocrx_word' id='word_1_184' title='bbox 528 2393 607 2456; x_wconf 85' lang='lat' dir='ltr'>VI</span> <span class='ocrx_word' id='word_1_185' title='bbox 632 2399 734 2456; x_wconf 85' lang='lat'>40.</span> <span class='ocrx_word' id='word_1_186' title='bbox 770 2402 1031 2455; x_wconf 76' lang='lat' dir='ltr'>Bosonem</span> <span class='ocrx_word' id='word_1_187' title='bbox 1061 2402 1314 2467; x_wconf 71' lang='lat' dir='ltr'>hortatur,</span> <span class='ocrx_word' id='word_1_188' title='bbox 1356 2412 1414 2454; x_wconf 73' lang='lat' dir='ltr'>ut</span> <span class='ocrx_word' id='word_1_189' title='bbox 1442 2402 1705 2454; x_wconf 74' lang='lat' dir='ltr'>ecclesiam</span> <span class='ocrx_word' id='word_1_190' title='bbox 1733 2399 1791 2454; x_wconf 84' lang='lat' dir='ltr'>S.</span> <span class='ocrx_word' id='word_1_191' title='bbox 1818 2399 2099 2470; x_wconf 74' lang='lat' dir='ltr'>Sepulchri</span> <span class='ocrx_word' id='word_1_192' title='bbox 2121 2402 2184 2454; x_wconf 83' lang='lat' dir='ltr'>dc</span> <span class='ocrx_word' id='word_1_193' title='bbox 2207 2401 2474 2455; x_wconf 87' lang='lat' dir='ltr'>Novovico</span> 
     </span>
     <span class='ocr_line' id='line_1_23' title="bbox 768 2497 2479 2567; baseline 0.001 -17"><span class='ocrx_word' id='word_1_194' title='bbox 768 2499 981 2550; x_wconf 75' lang='lat' dir='ltr'>iniuriis</span> <span class='ocrx_word' id='word_1_195' title='bbox 1021 2497 1228 2566; x_wconf 71' lang='lat' dir='ltr'>afficere</span> <span class='ocrx_word' id='word_1_196' title='bbox 1267 2499 1484 2562; x_wconf 75' lang='lat' dir='ltr'>desinat,</span> <span class='ocrx_word' id='word_1_197' title='bbox 1525 2499 1708 2566; x_wconf 78' lang='lat' dir='ltr'>iusque</span> <span class='ocrx_word' id='word_1_198' title='bbox 1745 2515 1894 2549; x_wconf 76' lang='lat' dir='ltr'>suum</span> <span class='ocrx_word' id='word_1_199' title='bbox 1931 2498 1989 2549; x_wconf 78' lang='lat' dir='ltr'>in</span> <span class='ocrx_word' id='word_1_200' title='bbox 2017 2497 2217 2567; x_wconf 67' lang='lat' dir='ltr'>synodo</span> <span class='ocrx_word' id='word_1_201' title='bbox 2245 2499 2479 2567; x_wconf 71' lang='lat' dir='ltr'>episcopi</span> 
     </span>
     <span class='ocr_line' id='line_1_24' title="bbox 769 2592 2475 2664; baseline 0.001 -19"><span class='ocrx_word' id='word_1_202' title='bbox 769 2593 985 2646; x_wconf 74' lang='lat' dir='ltr'>Diensis</span> <span class='ocrx_word' id='word_1_203' title='bbox 1035 2604 1395 2664; x_wconf 71' lang='lat' dir='ltr'>persequatur.</span> <span class='ocrx_word' id='word_1_204' title='bbox 1473 2592 1731 2662; x_wconf 74' lang='lat' dir='ltr'>Alioquin</span> <span class='ocrx_word' id='word_1_205' title='bbox 1755 2592 1885 2661; x_wconf 75' lang='lat' dir='ltr'>fore</span> <span class='ocrx_word' id='word_1_206' title='bbox 1922 2603 1981 2646; x_wconf 75' lang='lat' dir='ltr'>ut</span> <span class='ocrx_word' id='word_1_207' title='bbox 2018 2595 2475 2647; x_wconf 73' lang='lat' dir='ltr'>excommunicatio</span> 
     </span>
     <span class='ocr_line' id='line_1_25' title="bbox 769 2690 1257 2758; baseline -0.002 -16"><span class='ocrx_word' id='word_1_208' title='bbox 769 2692 877 2742; x_wconf 80' lang='lat' dir='ltr'>eius</span> <span class='ocrx_word' id='word_1_209' title='bbox 916 2690 1257 2758; x_wconf 76' lang='lat' dir='ltr'>confirmetur.</span> 
     </span>
    </p>
   </div>
   <div class='ocr_carea' id='block_1_4' title="bbox 349 2794 2473 3348">
    <p class='ocr_par' dir='ltr' id='par_1_6' title="bbox 368 2794 2212 2870">
     <span class='ocr_line' id='line_1_26' title="bbox 368 2794 2212 2870; baseline 0.001 -21"><span class='ocrx_word' id='word_1_210' title='bbox 368 2806 482 2850; x_wconf 84' lang='grc'><strong>1079</strong></span> <span class='ocrx_word' id='word_1_211' title='bbox 676 2798 958 2868; x_wconf 87' lang='lat' dir='ltr'>Gregorius</span> <span class='ocrx_word' id='word_1_212' title='bbox 997 2799 1273 2870; x_wconf 90' lang='lat' dir='ltr'>episcopus</span> <span class='ocrx_word' id='word_1_213' title='bbox 1313 2816 1492 2852; x_wconf 89' lang='lat' dir='ltr'>servus</span> <span class='ocrx_word' id='word_1_214' title='bbox 1533 2815 1803 2852; x_wconf 88' lang='lat' dir='ltr'>servorum</span> <span class='ocrx_word' id='word_1_215' title='bbox 1840 2797 1941 2851; x_wconf 91' lang='lat' dir='ltr'>Dei</span> <span class='ocrx_word' id='word_1_216' title='bbox 1977 2796 2170 2851; x_wconf 91' lang='lat' dir='ltr'>Bosoni</span> <span class='ocrx_word' id='word_1_217' title='bbox 2185 2794 2212 2851; x_wconf 89' lang='lat'>¹.</span> 
     </span>
    </p>

    <p class='ocr_par' dir='ltr' id='par_1_7' title="bbox 349 2867 2473 3348">
     <span class='ocr_line' id='line_1_27' title="bbox 349 2867 2473 2965; baseline -0.001 -15"><span class='ocrx_word' id='word_1_218' title='bbox 349 2867 426 2904; x_wconf 54' lang='grc' dir='ltr'>Μ’</span> <span class='ocrx_word' id='word_1_219' title='bbox 447 2867 496 2904; x_wconf 65' lang='grc'>28</span> <span class='ocrx_word' id='word_1_220' title='bbox 674 2895 964 2949; x_wconf 91' lang='lat' dir='ltr'>Ecclesiam</span> <span class='ocrx_word' id='word_1_221' title='bbox 1004 2896 1171 2949; x_wconf 89' lang='lat' dir='ltr'>sancti</span> <span class='ocrx_word' id='word_1_222' title='bbox 1210 2894 1448 2965; x_wconf 86' lang='lat' dir='ltr'>Sepulcri</span> <span class='ocrx_word' id='word_1_223' title='bbox 1486 2894 1548 2948; x_wconf 93' lang='lat' dir='ltr'>de</span> <span class='ocrx_word' id='word_1_224' title='bbox 1586 2893 1732 2947; x_wconf 91' lang='lat' dir='ltr'>Novo</span> <span class='ocrx_word' id='word_1_225' title='bbox 1758 2890 1933 2962; x_wconf 76' lang='lat' dir='ltr'>Vico²,</span> <span class='ocrx_word' id='word_1_226' title='bbox 1974 2910 2106 2963; x_wconf 92' lang='lat' dir='ltr'>quae</span> <span class='ocrx_word' id='word_1_227' title='bbox 2143 2893 2273 2946; x_wconf 92' lang='lat' dir='ltr'>iuris</span> <span class='ocrx_word' id='word_1_228' title='bbox 2312 2893 2473 2947; x_wconf 88' lang='lat' dir='ltr'>eccle-</span> 
     </span>
     <span class='ocr_line' id='line_1_28' title="bbox 528 2988 2472 3058; baseline -0.003 -12"><span class='ocrx_word' id='word_1_229' title='bbox 528 2992 635 3046; x_wconf 90' lang='lat' dir='ltr'>siae</span> <span class='ocrx_word' id='word_1_230' title='bbox 674 2991 1164 3046; x_wconf 90' lang='lat' dir='ltr'>Hierosolimitanae</span> <span class='ocrx_word' id='word_1_231' title='bbox 1205 2995 1256 3045; x_wconf 89' lang='lat' dir='ltr'>et</span> <span class='ocrx_word' id='word_1_232' title='bbox 1294 2990 1549 3044; x_wconf 91' lang='lat' dir='ltr'>censualis</span> <span class='ocrx_word' id='word_1_233' title='bbox 1589 2990 1699 3043; x_wconf 95' lang='lat' dir='ltr'>eius</span> <span class='ocrx_word' id='word_1_234' title='bbox 1738 3007 1851 3044; x_wconf 91' lang='lat' dir='ltr'>esse</span> <span class='ocrx_word' id='word_1_235' title='bbox 1890 2989 2096 3058; x_wconf 90' lang='lat' dir='ltr'>dicitur,</span> <span class='ocrx_word' id='word_1_236' title='bbox 2135 2988 2257 3042; x_wconf 91' lang='lat' dir='ltr'>huic</span> <span class='ocrx_word' id='word_1_237' title='bbox 2292 2991 2472 3042; x_wconf 89' lang='lat' dir='ltr'>nostro</span> 
     </span>
     <span class='ocr_line' id='line_1_29' title="bbox 527 3084 2472 3159; baseline -0.003 -18"><span class='ocrx_word' id='word_1_238' title='bbox 527 3088 711 3142; x_wconf 91' lang='lat' dir='ltr'>clerico</span> <span class='ocrx_word' id='word_1_239' title='bbox 753 3087 969 3159; x_wconf 88' lang='lat' dir='ltr'>Symoni</span> <span class='ocrx_word' id='word_1_240' title='bbox 1006 3088 1286 3156; x_wconf 89' lang='lat' dir='ltr'>regendam</span> <span class='ocrx_word' id='word_1_241' title='bbox 1326 3086 1831 3153; x_wconf 84' lang='lat' dir='ltr'>commendavimus3</span> <span class='ocrx_word' id='word_1_242' title='bbox 1883 3102 2037 3154; x_wconf 90' lang='lat' dir='ltr'>quam</span> <span class='ocrx_word' id='word_1_243' title='bbox 2078 3084 2143 3138; x_wconf 90' lang='lat' dir='ltr'>ab</span> <span class='ocrx_word' id='word_1_244' title='bbox 2181 3084 2323 3137; x_wconf 90' lang='lat' dir='ltr'>omni</span> <span class='ocrx_word' id='word_1_245' title='bbox 2359 3099 2472 3136; x_wconf 91' lang='lat' dir='ltr'>mo-</span> 
     </span>
     <span class='ocr_line' id='line_1_30' title="bbox 525 3179 2471 3238; baseline -0.002 -1"><span class='ocrx_word' id='word_1_246' title='bbox 525 3183 679 3238; x_wconf 88' lang='lat' dir='ltr'>lestia</span> <span class='ocrx_word' id='word_1_247' title='bbox 717 3188 769 3238; x_wconf 91' lang='lat' dir='ltr'>et</span> <span class='ocrx_word' id='word_1_248' title='bbox 807 3184 1128 3238; x_wconf 91' lang='lat' dir='ltr'>calumniosa</span> <span class='ocrx_word' id='word_1_249' title='bbox 1168 3183 1401 3237; x_wconf 91' lang='lat' dir='ltr'>omnium</span> <span class='ocrx_word' id='word_1_250' title='bbox 1439 3183 1710 3236; x_wconf 90' lang='lat' dir='ltr'>hominum</span> <span class='ocrx_word' id='word_1_251' title='bbox 1746 3181 2077 3235; x_wconf 86' lang='lat' dir='ltr'>infestatione</span> <span class='ocrx_word' id='word_1_252' title='bbox 2110 3179 2332 3234; x_wconf 90' lang='lat' dir='ltr'>liberam</span> <span class='ocrx_word' id='word_1_253' title='bbox 2358 3196 2471 3233; x_wconf 89' lang='lat' dir='ltr'>esse</span> 
     </span>
     <span class='ocr_line' id='line_1_31' title="bbox 525 3276 2471 3348; baseline -0.004 -14"><span class='ocrx_word' id='word_1_254' title='bbox 525 3280 786 3348; x_wconf 79' lang='lat' dir='ltr'>volenteS,</span> <span class='ocrx_word' id='word_1_255' title='bbox 836 3279 931 3334; x_wconf 90' lang='lat' dir='ltr'>sub</span> <span class='ocrx_word' id='word_1_256' title='bbox 969 3279 1136 3334; x_wconf 90' lang='lat' dir='ltr'>tutela</span> <span class='ocrx_word' id='word_1_257' title='bbox 1173 3283 1354 3333; x_wconf 91' lang='lat' dir='ltr'>nostra</span> <span class='ocrx_word' id='word_1_258' title='bbox 1392 3296 1504 3333; x_wconf 91' lang='lat' dir='ltr'>esse</span> <span class='ocrx_word' id='word_1_259' title='bbox 1544 3278 1884 3332; x_wconf 73' lang='lat' dir='ltr'>decernimus</span> <span class='ocrx_word' id='word_1_260' title='bbox 1943 3276 2294 3347; x_wconf 77' lang='lat' dir='ltr'>Quapropter,</span> <span class='ocrx_word' id='word_1_261' title='bbox 2345 3291 2471 3344; x_wconf 90' lang='lat' dir='ltr'>quo-</span> 
     </span>
    </p>
   </div>
   <div class='ocr_carea' id='block_1_5' title="bbox 526 3447 2469 3730">
    <p class='ocr_par' dir='ltr' id='par_1_8' title="bbox 526 3447 2469 3730">
     <span class='ocr_line' id='line_1_32' title="bbox 647 3447 2469 3510; baseline -0.003 -12"><span class='ocrx_word' id='word_1_262' title='bbox 647 3455 686 3498; x_wconf 89' lang='lat'>1.</span> <span class='ocrx_word' id='word_1_263' title='bbox 720 3466 853 3510; x_wconf 89' lang='lat' dir='ltr'>quem</span> <span class='ocrx_word' id='word_1_264' title='bbox 884 3452 1024 3498; x_wconf 87' lang='lat' dir='ltr'>fuisse</span> <span class='ocrx_word' id='word_1_265' title='bbox 1054 3457 1186 3510; x_wconf 85' lang='lat' dir='ltr'>putat</span> <span class='ocrx_word' id='word_1_266' title='bbox 1213 3454 1335 3498; x_wconf 86' lang='lat' dir='ltr'>Brial</span> <span class='ocrx_word' id='word_1_267' title='bbox 1356 3453 1558 3508; x_wconf 86' lang='lat' dir='ltr'>(Recueil</span> <span class='ocrx_word' id='word_1_268' title='bbox 1579 3453 1658 3496; x_wconf 89' lang='lat' dir='ltr'>des</span> <span class='ocrx_word' id='word_1_269' title='bbox 1679 3452 1919 3496; x_wconf 86' lang='lat' dir='ltr'>historiens</span> <span class='ocrx_word' id='word_1_270' title='bbox 1939 3450 2049 3496; x_wconf 92' lang='lat' dir='ltr'>XIV</span> <span class='ocrx_word' id='word_1_271' title='bbox 2070 3450 2156 3494; x_wconf 84' lang='lat'>636</span> <span class='ocrx_word' id='word_1_272' title='bbox 2185 3463 2229 3492; x_wconf 93' lang='lat' dir='ltr'>n.</span> <span class='ocrx_word' id='word_1_273' title='bbox 2251 3448 2299 3504; x_wconf 93' lang='lat' dir='ltr'>b)</span> <span class='ocrx_word' id='word_1_274' title='bbox 2330 3447 2469 3493; x_wconf 91' lang='lat' dir='ltr'>filium</span> 
     </span>
     <span class='ocr_line' id='line_1_33' title="bbox 526 3523 2469 3580; baseline -0.002 -11"><span class='ocrx_word' id='word_1_275' title='bbox 526 3524 776 3570; x_wconf 85' lang='lat' dir='ltr'>Audeberti</span> <span class='ocrx_word' id='word_1_276' title='bbox 816 3528 991 3571; x_wconf 81' lang='lat' dir='ltr'>comitis</span> <span class='ocrx_word' id='word_1_277' title='bbox 1022 3526 1249 3571; x_wconf 87' lang='lat' dir='ltr'>Marchiae</span> <span class='ocrx_word' id='word_1_278' title='bbox 1279 3526 1619 3571; x_wconf 89' lang='lat' dir='ltr'>Lemovicensis</span> <span class='ocrx_word' id='word_1_279' title='bbox 1659 3526 1733 3579; x_wconf 93' lang='lat' dir='ltr'>(de</span> <span class='ocrx_word' id='word_1_280' title='bbox 1771 3526 1815 3568; x_wconf 88' lang='lat' dir='ltr'>la</span> <span class='ocrx_word' id='word_1_281' title='bbox 1844 3523 2064 3580; x_wconf 89' lang='lat' dir='ltr'>Marche),</span> <span class='ocrx_word' id='word_1_282' title='bbox 2102 3526 2264 3579; x_wconf 85' lang='lat' dir='ltr'>postea</span> <span class='ocrx_word' id='word_1_283' title='bbox 2293 3523 2358 3566; x_wconf 88' lang='grc' dir='ltr'>ΙΠ</span> <span class='ocrx_word' id='word_1_284' title='bbox 2396 3535 2469 3567; x_wconf 82' lang='grc'>60-</span> 
     </span>
     <span class='ocr_line' id='line_1_34' title="bbox 527 3585 2468 3656; baseline -0.002 -14"><span class='ocrx_word' id='word_1_285' title='bbox 527 3585 695 3643; x_wconf 60' lang='grc' dir='ltr'>ιῐιίῢθώ</span> <span class='ocrx_word' id='word_1_286' title='bbox 720 3599 945 3644; x_wconf 88' lang='lat' dir='ltr'>Marchiae</span> <span class='ocrx_word' id='word_1_287' title='bbox 987 3601 1310 3644; x_wconf 84' lang='lat'>1088—1091.</span> <span class='ocrx_word' id='word_1_288' title='bbox 1460 3601 1501 3643; x_wconf 82' lang='lat'>2.</span> <span class='ocrx_word' id='word_1_289' title='bbox 1547 3597 1808 3656; x_wconf 85' lang='lat' dir='ltr'>„Neuvic“.</span> <span class='ocrx_word' id='word_1_290' title='bbox 1855 3598 1958 3641; x_wconf 93' lang='lat' dir='ltr'>Duo</span> <span class='ocrx_word' id='word_1_291' title='bbox 1996 3599 2102 3641; x_wconf 87' lang='lat' dir='ltr'>sunt</span> <span class='ocrx_word' id='word_1_292' title='bbox 2139 3596 2236 3640; x_wconf 92' lang='lat' dir='ltr'>eius</span> <span class='ocrx_word' id='word_1_293' title='bbox 2275 3595 2468 3640; x_wconf 91' lang='lat' dir='ltr'>nominis</span> 
     </span>
     <span class='ocr_line' id='line_1_35' title="bbox 531 3668 2233 3730; baseline -0.001 -15"><span class='ocrx_word' id='word_1_294' title='bbox 531 3671 713 3728; x_wconf 83' lang='lat' dir='ltr'>oppida,</span> <span class='ocrx_word' id='word_1_295' title='bbox 745 3685 883 3716; x_wconf 91' lang='lat' dir='ltr'>unum</span> <span class='ocrx_word' id='word_1_296' title='bbox 914 3673 960 3716; x_wconf 90' lang='lat' dir='ltr'>in</span> <span class='ocrx_word' id='word_1_297' title='bbox 990 3673 1260 3730; x_wconf 89' lang='lat' dir='ltr'>Lemovicis,</span> <span class='ocrx_word' id='word_1_298' title='bbox 1292 3673 1481 3716; x_wconf 86' lang='lat' dir='ltr'>alterum</span> <span class='ocrx_word' id='word_1_299' title='bbox 1513 3671 1634 3727; x_wconf 89' lang='lat' dir='ltr'>apud</span> <span class='ocrx_word' id='word_1_300' title='bbox 1664 3669 1989 3727; x_wconf 87' lang='lat' dir='ltr'>Petragoricos.</span> <span class='ocrx_word' id='word_1_301' title='bbox 2035 3668 2233 3714; x_wconf 89' lang='lat' dir='ltr'><strong>BRIAL.</strong></span> 
     </span>
    </p>
   </div>
  </div>
 </body>
</html>
