2730 4198
811 286 1086 324 GREGORII
1123 288 1202 323 vn
1239 286 1502 325 REGIs'rm
1540 287 1619 323 vn
1646 286 1681 321 1.
1708 286 1743 322 2.
2141 271 2243 325 381

305 404 408 458 illis
446 402 629 457 Diensi
676 400 948 474 episcopo¹
985 404 1263 474 praecipue
1311 402 1674 457 sollicitudinis
1722 406 1931 455 nostrae
1980 402 2145 455 vicem
2187 403 2250 456 de

306 500 544 554 omnibus
583 499 1011 553 commiserimus.
1069 499 1234 563 Quam
1273 499 1338 552 ob
1376 516 1488 552 rem
1526 514 1797 552 monemus
1835 502 1931 566 te⁸,
1982 502 2040 551 ut
2075 497 2251 568 ipsum

306 596 603 665 quantotius
641 612 888 666 procures
930 595 1072 648 adire
1112 599 1164 648 et
1191 611 1310 648 cum
1349 611 1408 648 eo
1437 595 1692 647 rationem
1719 593 1844 646 facti
1872 609 2082 662 ponere,
2124 611 2250 662 qua-

303 697 454 746 tenus
501 691 558 745 in
607 708 669 745 ea
714 709 771 745 re
820 692 935 762 ipse
975 692 1112 760 quod
1149 690 1514 758 corrigendum
1560 689 1720 742 fuerit
1757 689 1984 756 corrigat
2023 693 2075 743 et
2113 689 2250 758 quod

304 786 716 843 confirmandum
754 787 1064 841 corroboret.

451 883 697 938 Preterea
734 900 1003 937 monemus
1041 886 1111 950 te,
1149 885 1209 934 ut
1247 898 1310 934 ex
1348 883 1499 950 parte
1532 879 1673 933 beati
1698 878 1842 933 Petri
1867 879 2158 950 praecipias
2199 884 2251 934 et

304 981 494 1034 invites
532 984 642 1034 tam
667 979 915 1048 Anglicos
943 994 1099 1047 quam
1123 976 1501 1030 Normannicos
1530 1005 1598 1012 —
1629 992 1694 1028 ex
1731 992 2043 1045 unoquoque
2083 976 2250 1029 archi-

305 1077 608 1147 episcopatu
645 1075 729 1129 vel
767 1075 894 1128 duos
934 1104 1002 1111 —-
1043 1073 1313 1143 episcopos
1354 1071 1420 1124 ad
1450 1070 1740 1124 Romanam
1779 1071 2052 1141 synodum,
2093 1089 2249 1141 quam

305 1173 361 1226 in
400 1172 797 1241 quadragesima
828 1170 937 1224 Deo
978 1172 1187 1222 auctore
1226 1184 1404 1221 sumus
1445 1167 1773 1236 celebraturi,
1812 1168 2006 1221 venire.
2068 1167 2167 1231 Qui
2205 1168 2250 1221 si

304 1269 438 1323 forte
475 1267 914 1321 murmuraverint
962 1269 1014 1319 et
1051 1265 1117 1318 ad
1156 1281 1271 1318 eum
1312 1264 1596 1317 terminum
1636 1280 1691 1317 se
1730 1264 1960 1318 dixerint
1997 1264 2250 1318 interesse

303 1380 408 1417 non
445 1379 622 1434 posse,
670 1362 755 1416 vel
792 1365 912 1432 post
949 1356 1172 1431 pascha²
1212 1359 1456 1413 studeant
1503 1359 1816 1429 apostolicae
1855 1360 1967 1414 sedi
2005 1378 2060 1414 se
2097 1378 2250 1431 prae-

303 1462 525 1512 sentare.
603 1457 742 1511 Data
778 1457 972 1511 Romae
1013 1458 1045 1510 9
1085 1456 1347 1510 Kalendas
1387 1455 1645 1524 OctobriS,
1685 1456 1970 1510 indictione
2010 1459 2059 1510 3.

301 1628 406 1691 VII
432 1633 488 1690 2.
525 1635 844 1688 [ascensibus
883 1636 1094 1688 clericos
1136 1635 1193 1689 S.
1223 1636 1453 1688 Martini
1488 1646 1595 1688 tum
1632 1635 1930 1687 muneribus
1971 1646 2079 1688 tum
2110 1654 2247 1688 eom-

522 1735 766 1784 muuione
805 1734 1045 1802 privatos
1095 1734 1316 1784 nuntiat.
1399 1731 1717 1798 Quibuscum
1754 1749 1818 1783 ue
1857 1734 2245 1798 communicent,

523 1830 799 1898 praecipit.

451 1936 732 2006 Gregorius
778 1938 1050 2007 episcopus
1091 1954 1270 1990 servus
1311 1954 1577 1991 servorum
1618 1937 1718 1991 Dei
1755 1937 1979 1992 Lucensi
2019 1937 2157 1992 clero
2197 1942 2250 1992 et

305 2034 520 2104 popu10,
572 2033 842 2088 videlicetb
882 2034 962 2087 his
1014 2034 1102 2102 qui
1147 2050 1251 2086 non
1290 2034 1676 2088 communicant
1712 2050 1878 2103 neque
1919 2035 2250 2088 consentiunt

304 2130 779 2198 excommunicatiS,
820 2129 1042 2183 salutem
1082 2133 1134 2183 et
1173 2130 1511 2199 apostolicam
1550 2130 1980 2184 benedictionem.

450 2224 766 2280 Clericorum
809 2230 1013 2280 vestrae
1053 2225 1299 2279 ecclesiae
1339 2226 1615 2294 diligenter
1650 2243 1862 2280 causam
1888 2226 2248 2281 examinantes

302 2321 493 2391 diuque
529 2321 584 2374 in
624 2339 686 2375 ea
722 2321 1037 2390 laboranteS,
1078 2321 1275 2375 nullam
1301 2322 1356 2374 in
1385 2323 1458 2376 eis
1485 2323 1744 2376 rationem
1772 2327 1926 2391 atque
1953 2323 2246 2392 veritatem,

302 2417 436 2471 sicut
473 2417 621 2472 decet
657 2418 985 2486 christianoS,
1027 2417 1339 2472 invenimus.
1406 2417 1636 2482 Quorum
1676 2418 1972 2472 mirabilem
2011 2423 2062 2473 et
2100 2420 2248 2473 inau-

303 2513 468 2566 ditam
511 2514 809 2583 superbiam
846 2515 968 2568 licet
1006 2515 1119 2568 sine
1160 2514 1426 2568 audientia
1464 2516 1747 2569 secundum
1788 2515 2093 2586 synodalem
2131 2533 2248 2570 sen-

305 2608 539 2677 tentiam,
580 2626 738 2678 quam
771 2611 827 2663 in
854 2628 909 2664 se
934 2616 1363 2681 provocaverant,
1403 2612 1590 2682 punire
1617 2612 1966 2680 debuerimuS,
2005 2629 2242 2666 mansue‘

303 2704 498 2758 tudinis
537 2708 714 2759 tamen
753 2707 942 2776 spiritu
966 2724 1049 2760 res
1077 2724 1257 2762 eorum
1284 2708 1567 2762 audiendas
1595 2726 1708 2762 esse
1734 2709 1949 2777 dignum
1977 2709 2245 2776 duximus3

302 2804 362 2854 ut
405 2801 581 2854 saltim
619 2801 859 2856 confusos
898 2807 950 2856 et
988 2804 1250 2858 convictos
1290 2805 1355 2858 ad
1395 2822 1582 2858 sanum
1621 2805 1895 2859 consilium
1935 2822 2247 2875 sensumque

302 2896 612 2951 humilitatis
638 2915 1014 2952 revocaremus
1053 2898 1189 2952 Nam
1217 2900 1262 2953 si
1286 2900 1341 2953 in
1369 2902 1443 2955 eis
1471 2901 1682 2972 aliquod
1706 2901 2017 2955 humilitatis
2040 2902 2247 2970 signum

302 3010 449 3047 mens
486 2999 667 3048 nostra
704 2995 1082 3065 perpendisset,
1124 2996 1236 3050 sine
1275 2996 1450 3066 aliqua
1488 3015 1519 3051 a
1556 2998 1706 3052 nobis
1745 2998 2104 3051 misericordia
2141 3015 2245 3052 non

300 3090 652 3145 recessissent.
731 3090 927 3155 Quibus
974 3091 1029 3144 in
1068 3092 1314 3161 superbia
1352 3110 1446 3146 sua
1483 3094 1912 3163 perdurantibUS,
1964 3094 2246 3147 auctoritas

302 3185 571 3240 beatorum
618 3186 911 3258 martyrum
960 3191 1114 3255 atque
1164 3187 1465 3257 pontificum
1503 3189 1724 3243 Fabiani
1771 3194 1822 3244 et
1865 3189 2115 3261 Stephani
2161 3207 2246 3243 co-

301 3298 416 3337 ram
452 3282 602 3337 nobis
643 3284 802 3338 allata
841 3288 942 3350 est3
986 3301 1143 3353 quam
1180 3300 1276 3336 nos
1315 3301 1411 3354 per
1449 3285 1625 3339 omnia
1663 3286 1783 3339 huic
1808 3287 2025 3354 negocio
2060 3303 2246 3340 conve-

302 3378 414 3432 nire
453 3383 740 3449 cernenteS,
782 3398 869 3435 eos
908 3384 966 3433 ut
1003 3379 1222 3433 rebelles
1264 3384 1316 3433 et
1343 3380 1732 3435 inoboedientes
1761 3382 1990 3436 eiusdem
2021 3383 2245 3436 auctori-

302 3474 427 3527 tatis
478 3476 736 3529 sententia
783 3476 1159 3530 damnavimus,
1240 3475 1406 3539 Quam
1452 3476 1641 3530 litteris
1680 3479 1873 3531 nostris
1911 3479 2244 3532 inserendam

305 3585 416 3624 esse
443 3571 880 3640 existimavimus3
921 3576 996 3641 ut,
1037 3573 1244 3642 quantis
1271 3573 1377 3626 sint
1401 3573 1719 3629 facinoribus
1744 3574 1946 3629 inretiti
1971 3576 2245 3645 quantisve

426 3679 462 3723 l.
493 3679 688 3736 Hugoni.
807 3682 848 3726 2.
882 3682 998 3726 1080
1027 3679 1138 3739 Apr.
1162 3682 1231 3726 12.
1495 3703 1528 3729 a.
1554 3692 1592 3729 te
1621 3693 1771 3730 addidi.
1900 3693 1937 3731 b.
1966 3694 2132 3742 exceptis
2160 3694 2245 3731 coa.

2312 409 2425 452 1079

2280 468 2383 515 Sept.
2406 471 2454 505 23

2283 1853 2396 1896 1079

2280 1912 2359 1950 Oct.
2381 1914 2401 1950 1
