2722 4172
753 278 1029 318 Gnnconn
1065 278 1145 316 vn
1181 276 1446 316 REGISTRI
1482 277 1526 314 11
1552 274 1614 312 24.
1640 274 1701 312 25.
2099 259 2200 311 137

258 416 350 470 spe
386 399 593 452 futurae
629 396 1065 451 reconciliationis
1105 394 1486 466 deponendum.
1547 391 1695 456 Quod
1734 391 1777 444 si
1810 390 2086 444 observare
2110 406 2204 443 no·
2259 393 2375 437 1074

256 495 428 563 luerit,
469 493 756 565 apostolica
781 493 927 546 vobis
955 492 1266 545 auctoritate
1291 489 1662 560 praecipimuS,
1692 491 1750 540 ut
1772 486 1946 540 nullus
1973 489 2206 539 vestrum

257 591 359 645 sibi
397 590 605 644 obediat
642 606 810 658 neque
849 605 967 642 eum
1006 603 1101 658 pro
1131 587 1374 657 episcopo
1402 585 1607 638 habeat.
1663 583 1782 636 Tibi
1808 586 1999 650 autem,
2040 580 2206 635 Goze-

255 686 362 741 line
398 685 789 754 Burdigalensis
829 684 1239 754 archiepiscope,
1295 679 1670 735 ecclesiasticas
1708 695 1792 732 res
1831 677 2205 732 committimus

256 782 580 849 tractandas3
639 780 890 852 populum
941 783 994 833 et
1041 779 1262 846 clerum,
1314 793 1381 830 ne
1428 775 1528 829 sibi
1574 774 1805 842 obediat,
1858 790 2203 827 commoneas.

257 877 375 932 Tibi
411 894 552 947 vero,
594 876 868 931 Guilielme
905 891 1094 942 comeS,
1126 873 1384 926 iustitiam
1411 871 1678 924 committo
1705 869 2048 922 tractandam.
2108 868 2206 923 At-

258 989 357 1042 que
394 974 451 1026 in
488 974 676 1027 vestris
715 971 956 1025 manibus
994 986 1206 1024 causam
1245 969 1414 1022 sancti
1439 966 1607 1020 Ylarii
1645 966 1930 1034 regendam
1968 969 2020 1019 et
2056 966 2207 1019 iusti—

256 1070 385 1123 tiam
422 1069 544 1123 inde
583 1068 956 1124 exhibendam*¹
995 1065 1383 1120 committimus.
1450 1062 1590 1116 Data
1623 1061 1819 1116 Romae
1852 1063 1915 1115 16
1943 1061 2206 1116 Kalendas

257 1164 577 1234 DecembriS,
617 1164 901 1218 indictione
944 1164 1026 1216 13.

257 1336 308 1397 H
341 1340 376 1397 2
387 1342 442 1398 5.
478 1341 756 1395 Annonem
805 1342 1254 1412 archiepiscopum
1304 1336 1657 1391 Coloniensem
1705 1339 1958 1402 hortatur,
2017 1339 2211 1390 iudicet

476 1441 612 1491 inter
636 1439 941 1490 Bennonem
980 1439 1278 1507 episcopum
1308 1435 1758 1505 Osnabruyensem
1798 1445 1845 1487 et
1875 1434 2208 1487 Wernherum

477 1534 711 1587 abbatem
749 1532 1101 1586 Corbeiensem
1154 1543 1200 1584 et
1250 1533 1516 1601 quandam
1561 1531 1892 1584 abbatissam.
1957 1530 2104 1596 Quae
2143 1531 2207 1582 lis

477 1633 526 1682 si
570 1632 814 1700 componi
848 1648 953 1682 non
983 1631 1181 1700 possit,
1233 1628 1352 1680 illos
1392 1629 1463 1679 ad
1500 1628 1757 1697 synodum
1797 1627 2094 1679 Romanam
2130 1628 2209 1678 ire

477 1727 665 1779 iubeat.
725 1725 898 1779 Addit
934 1727 996 1777 de
1034 1725 1339 1777 clericorum
1379 1726 1625 1776 castitate.

405 1835 686 1905 Gregorius
727 1836 1002 1906 episcopus
1042 1852 1223 1889 servus
1251 1850 1520 1888 servorum
1546 1833 1646 1887 Dei
1671 1833 1884 1886 Annoni
1910 1832 2207 1886 Coloniensi

257 1932 646 2004 archiepiscopo
686 1932 908 1986 salutem
948 1936 1001 1986 et
1039 1930 1378 2002 apostolicam
1417 1929 1849 1983 benedictionem.

404 2028 476 2082 Ut
501 2029 773 2097 diligentia
796 2033 904 2096 tua,
946 2027 1282 2081 dilectissime
1307 2027 1487 2094 frater,
1527 2025 1793 2079 reminisci
1817 2028 2007 2095 potest,
2046 2023 2208 2092 legati

256 2122 424 2178 nestri
470 2124 695 2179 Ubertus
743 2124 1115 2178 Praenestinus
1165 2128 1217 2177 et
1264 2121 1507 2176 Giraldus
1555 2121 1810 2175 Ostiensis
1861 2121 2092 2191 episcopi
2141 2121 2208 2174 ad

256 2229 434 2292 partes
472 2226 673 2276 vestras
713 2220 960 2274 destinati
997 2220 1161 2288 litem,
1203 2235 1336 2288 quae
1373 2218 1512 2271 inter
1549 2214 1882 2271 Bennonem¹
1911 2217 2207 2285 Osburgen-

257 2334 368 2371 sem
407 2317 711 2388 episcopum
749 2313 828 2371 et²
868 2358 880 2370 .
904 2358 916 2370 .
941 2358 952 2370 .
975 2358 987 2370 .
1030 2315 1398 2370 Corbeiensem
1437 2313 1678 2367 abbatem
1718 2330 1779 2367 ac
1818 2313 2080 2384 quandam
2118 2313 2208 2366 ab-

256 2413 510 2468 batissam
547 2413 878 2482 versabatur,
933 2413 999 2466 ad
1038 2429 1093 2466 se
1132 2416 1191 2465 ut
1229 2411 1562 2464 dirimeretur
1601 2409 1853 2478 delatam,
1893 2414 2015 2464 tuae
2052 2426 2209 2463 vene-

257 2509 453 2563 randae
493 2509 754 2564 sollertiae
782 2510 919 2563 iuste
949 2507 1309 2562 diffiniendam
1336 2506 1723 2560 commiserunt.
1782 2505 1995 2575 Verum,
2034 2507 2209 2560 nescio

260 2623 364 2675 qua
401 2606 639 2659 obstante
677 2622 850 2673 causa,
891 2605 1059 2658 adhuc
1093 2604 1388 2658 indiscussa
1412 2619 1684 2657 remanere
1708 2603 1860 2657 nobis
1885 2602 2206 2673 perhibetur.

260 2701 589 2772 Quapropter
637 2702 910 2756 caritatem
955 2705 1126 2769 tuam,
1176 2701 1340 2753 frater
1376 2699 1681 2768 karissime,
1729 2699 1922 2753 iterum
1963 2699 2208 2752 duximus

261 2797 664 2866 adhortandam,
713 2801 772 2850 ut
809 2798 1105 2867 praefatum
1141 2797 1417 2864 negocium
1456 2795 1732 2864 diligenter
1772 2796 1952 2848 audias
1993 2799 2044 2849 et
2079 2794 2209 2863 legi-

258 2894 387 2947 time
437 2892 680 2947 djffinias.
741 2893 1008 2961 Ceterum,
1061 2894 1105 2945 si
1155 2892 1331 2962 aliqua
1376 2893 1510 2946 ratio
1558 2909 1660 2962 qua
1696 2891 1795 2945 hoc
1831 2890 2079 2962 perficere
2118 2908 2209 2945 ne-

261 3006 419 3059 queas
460 2989 748 3058 obstiterit,
798 2989 879 3042 his
919 2989 1019 3042 sibi
1062 2988 1253 3041 litteris
1297 2989 1544 3056 ostensiS,
1595 2987 1712 3041 eosb
1753 2987 1821 3040 ad
1858 2988 2114 3057 synodum
2152 2987 2208 3039 in

259 3086 431 3157 prima
468 3086 739 3156 proximae
779 3083 1207 3153 quadragesimae
1246 3081 1563 3138 ebdomada³
1604 3084 1859 3152 agendam
1899 3083 2041 3136 adire
2068 3099 2208 3136 com-

259 3199 498 3236 moneas:
557 3185 812 3252 quatenus
860 3180 1214 3233 controversia
1261 3180 1399 3234 inter
1451 3197 1538 3234 eos
1587 3180 1677 3233 diu
1723 3183 2015 3250 protracta,
2066 3178 2209 3231 omni

262 3278 530 3332 occasione
566 3277 845 3348 propulsa,
873 3275 1181 3329 canonicum
1218 3274 1374 3329 finem
1415 3276 1653 3347 accipiat.
1788 3274 2068 3328 Praeterea
2105 3273 2208 3327 sol-

259 3373 584 3428 licitudinem
621 3377 768 3427 tuam
807 3389 869 3427 ex
909 3375 1060 3443 parte
1102 3371 1245 3425 beati
1280 3370 1452 3440 Petri,
1492 3371 1781 3426 communis
1820 3370 1986 3440 patris
2026 3374 2079 3438 et
2115 3369 2208 3423 do-

378 3532 411 3558 a.
447 3519 697 3558 exhibendum
724 3535 755 3557 c.
909 3519 947 3557 b.
982 3530 1052 3557 nos
1080 3534 1111 3556 c.

381 3600 422 3643 1.
458 3599 516 3643 H.
682 3600 723 3642 2.
769 3597 1084 3643 Wernherum.
1130 3598 1187 3643 V.
1221 3596 1425 3653 Catalog.
1458 3595 1560 3641 abb.
1594 3595 1726 3641 Corb.
1758 3609 1896 3653 supra
1925 3596 1978 3639 T.
2006 3595 2029 3639 I
2066 3609 2110 3652 p.
2135 3596 2205 3639 70.

263 3672 306 3716 3.
346 3672 461 3716 1075
489 3670 621 3716 Febr.
643 3672 848 3716 22—28.

2231 453 2326 491 Nov.
2345 455 2392 492 16

2262 1843 2378 1888 1074

2235 1905 2330 1942 Nov.
2351 1906 2398 1942 18
