2730 4198
356 460 469 504 1076

313 518 433 568 (Sept.
453 519 515 567 27)

350 3399 465 3442 1076

311 3459 405 3496 Nov.
420 3459 511 3496 Dec.

543 324 652 378 542
866 339 1138 378 GREGORII
1176 340 1254 375 vn
1292 338 1600 375 EPISTOLAE
1640 336 1982 375 COLLECTAE.
2016 339 2076 375 16.
2107 339 2165 375 17.

543 456 643 510 huc
680 473 843 526 usque
881 456 1111 509 malitiae
1151 458 1366 507 conatus
1407 453 1663 519 substitit3
1714 453 1805 506 sed
1853 455 2235 507 atrocissimum
2284 455 2486 508 facinus

544 552 1004 622 turpissimumque
1052 549 1309 617 flagitium
1354 549 1611 602 horrendo
1661 548 1820 602 etiam
1868 549 2138 618 sacrilegio
2186 550 2484 604 cumulavit.

543 647 675 700 Nam
719 648 920 700 adultas
961 663 1026 699 ex
1064 646 1245 699 illicito
1285 645 1618 698 matrimonio
1663 644 1823 713 filias,
1875 646 2102 715 praediis
2151 646 2398 700 ecclesiae
2437 650 2489 700 et

542 743 795 796 reditibus
834 743 1042 795 nomine
1091 741 1225 794 dotis
1273 741 1473 794 collatis
1514 744 1668 809 atque
1710 740 1947 794 alienatis
1988 741 2179 794 scelere
2217 742 2488 795 immanis-

544 838 700 906 simo,
752 838 1032 890 maritavit.
1120 836 1215 890 His
1261 837 1624 906 iniquitatibus
1674 840 1973 906 coopertuS,
2030 837 2264 890 eamdem
2310 842 2487 891 tamen

544 933 813 986 ecclesiam
855 932 1191 986 dilaceratam
1229 933 1654 1003 dissipatamque,
1696 932 1740 984 si
1773 931 1945 1000 liceat,
1984 932 2230 985 incubare
2258 933 2485 986 molitur.

543 1028 738 1092 Quibus
779 1029 841 1081 de
880 1029 1049 1081 causis
1090 1028 1341 1082 celsitudo
1379 1034 1469 1081 tua
1495 1029 1698 1081 noverit
1722 1027 1871 1080 illum
1896 1028 2002 1080 iam
2030 1028 2167 1081 beati
2192 1027 2336 1081 Petri
2363 1045 2487 1099 apo-

543 1123 664 1177 stoli
703 1124 901 1193 spiculo
943 1124 1250 1194 perfossum,
1292 1129 1357 1193 et,
1399 1124 1501 1177 nisi
1541 1124 1777 1177 sceleris⁰
1816 1123 2118 1192 resipuerit,
2161 1124 2487 1178 anathemate

542 1219 809 1272 mortifero
849 1236 961 1272 esse
1000 1219 1319 1273 damnatum.
1399 1219 1725 1290 Quapropter
1764 1224 1984 1289 paterna
2033 1219 2249 1272 caritate
2287 1224 2338 1273 te
2377 1237 2487 1273 am-

542 1331 753 1367 monere
793 1319 845 1367 et
882 1331 1093 1367 causam
1134 1315 1359 1368 breviter
1399 1333 1656 1385 exponere
1697 1315 2007 1383 studuimuS,
2047 1332 2112 1367 ne
2147 1315 2368 1369 fortasse
2393 1333 2487 1386 per

540 1410 889 1478 ignorantiam
927 1414 1038 1462 tam
1077 1410 1293 1463 scelesto
1333 1411 1555 1479 homini,
1603 1415 1712 1463 tam
1762 1411 1850 1463 diu
1897 1411 1952 1462 in
1998 1411 2225 1464 tenebris
2265 1411 2372 1464 suis
2411 1411 2486 1464 ia-

542 1505 702 1572 centi,
750 1505 969 1557 ulterius
1018 1505 1273 1558 auxilium
1319 1506 1569 1576 praebeas
1609 1523 1738 1559 neve
1788 1506 2041 1559 scelerum
2080 1507 2189 1560 eius
2228 1512 2279 1560 te
2318 1508 2484 1577 parti-

541 1601 710 1670 cipem
748 1601 935 1667 facias3
987 1601 1103 1668 sed,
1155 1602 1266 1654 sedi
1306 1602 1621 1671 apostolicae
1660 1602 1953 1671 nostrisque
1991 1604 2203 1656 monitis
2253 1603 2485 1657 modeste

540 1696 789 1766 parend0,
829 1696 979 1749 illum
1019 1713 1050 1748 a
1077 1699 1129 1749 te
1156 1696 1396 1765 repellaS,
1435 1697 1519 1750 vel
1546 1698 1720 1765 etiam,
1760 1701 1819 1749 ut
1843 1698 2053 1751 tandem
2083 1699 2360 1768 aliquando
2387 1699 2486 1752 sibi

542 1792 778 1845 consulat
816 1796 970 1861 atque
1011 1792 1076 1845 ad
1114 1792 1399 1845 remedium
1442 1793 1792 1861 poenitentiae
1831 1794 2111 1862 confugiat,
2153 1794 2339 1847 blande
2368 1777 2486 1847 sua-

542 1887 734 1956 dendO,
787 1888 832 1941 si
880 1888 1101 1957 poteriS,
1152 1888 1385 1941 inducas.
1462 1887 1598 1941 Nam
1645 1889 1774 1942 tales
1821 1890 1877 1942 in
1915 1889 2053 1942 malo
2094 1894 2485 1959 perseverantes

539 1983 715 2037 fovere
755 1988 806 2037 et
844 1984 1091 2037 adiuvare
1129 1983 1261 2036 nihil
1298 1987 1378 2036 est
1416 1983 1572 2052 aliud,
1614 2002 1770 2053 quam
1808 1985 1942 2038 iram
1969 1984 2182 2038 Domini
2211 1990 2393 2039 contra
2429 2003 2486 2040 se

539 2096 838 2150 provocare.
990 2080 1096 2133 Nos
1134 2097 1257 2133 vero
1298 2096 1457 2149 supra
1496 2080 1664 2134 dictae
1714 2081 1960 2134 ecclesiae
2001 2080 2334 2134 afflictionem
2372 2081 2486 2134 diu·
2549 2118 2551 2120 »

538 2176 643 2229 tius
700 2193 803 2229 non
851 2176 1103 2244 ferenteS,
1155 2176 1266 2229 Deo
1315 2176 1631 2246 inspirante,
1691 2177 1860 2230 virum
1910 2178 2020 2230 vita
2063 2177 2386 2247 probabilem
2433 2181 2486 2231 et

540 2277 838 2342 compertae
875 2272 1140 2339 religionis
1178 2271 1309 2325 inibi
1348 2272 1701 2325 ordinavimus
1754 2277 1805 2325 et
1851 2273 2292 2340 consecravimuS,
2340 2273 2484 2326 vide-

539 2367 662 2421 licet
702 2367 753 2421 S.
782 2364 1023 2421 Melanii¹
1065 2364 1358 2434 abbatem23
1401 2368 1506 2436 qui,
1547 2384 1663 2420 cum
1704 2367 1767 2420 ob
1808 2367 1935 2420 alias
1976 2383 2183 2435 causas,
2227 2384 2354 2436 quas
2394 2385 2484 2422 ex-

540 2463 737 2533 plicare
775 2463 1040 2533 prolixum
1080 2468 1183 2531 est,
1225 2463 1290 2516 ad
1327 2479 1422 2515 nos
1462 2464 1715 2532 venisset,
1756 2462 2090 2533 pontificatus
2130 2480 2260 2516 onus
2299 2481 2366 2517 ex
2402 2464 2483 2519 in-

542 2564 750 2629 sperato
790 2559 964 2612 subire
1011 2558 1312 2628 compulsus
1360 2562 1453 2612 est.
1532 2558 1612 2612 De
1653 2576 1752 2628 quo
1793 2558 2098 2612 confidimus
2136 2560 2191 2612 in
2230 2559 2482 2613 Domino:

542 2656 689 2725 quia,
739 2656 784 2708 si
829 2685 893 2691 -—
933 2659 992 2708 ut
1030 2655 1384 2708 desideramus
1423 2654 1716 2724 litterisque
1755 2655 1947 2708 nostris
1991 2655 2350 2725 multipliciter
2386 2655 2484 2708 im-

540 2751 748 2821 plorare
787 2751 1081 2804 curavimus
1109 2781 1176 2787 —-
1205 2751 1503 2820 principum
1540 2755 1711 2804 terrae
1751 2755 1803 2804 et
1827 2751 2081 2804 bonorum
2109 2752 2339 2804 virorum
2365 2767 2483 2819 gra-

539 2847 669 2900 tiam
710 2851 762 2900 et
799 2847 972 2900 studia
1009 2847 1200 2900 habere
1236 2847 1510 2915 meruerit,
1559 2847 1785 2900 Domino
1825 2850 2161 2917 cooperante,
2210 2846 2305 2900 sub
2343 2846 2483 2900 beati

540 2942 683 2997 Petri
719 2943 1009 3013 patrocinio
1051 2943 1323 2997 ecclesiam
1359 2943 1416 2996 in
1454 2943 1640 2996 melius
1678 2942 2007 2996 restaurabit.

548 3096 645 3152 17.
693 3098 987 3151 Teutonieis
1026 3100 1299 3169 siqnifi'eat,
1341 3119 1394 3152 se
1433 3102 1559 3152 adeo
1588 3100 1873 3152 accelerare
1901 3100 1972 3150 ad
1998 3117 2079 3151 eos
2105 3100 2203 3150 iter
2226 3099 2479 3162 statuisse,

688 3205 747 3247 ut
775 3197 950 3265 possit
986 3197 1070 3247 die
1107 3196 1144 3248 8
1178 3195 1426 3248 Ianuarii
1462 3198 1593 3248 anni
1618 3196 1763 3249 1077
1788 3198 2040 3249 Mantuae
2079 3213 2196 3247 esse.
2256 3194 2485 3246 Mandat

689 3301 883 3356 curent,
924 3301 982 3344 ut
1019 3292 1141 3343 bene
1177 3294 1464 3362 recipiatur
1476 3290 1512 3344 ¹³.

689 3390 969 3460 Gregorius
1009 3393 1283 3463 episcopus
1319 3410 1499 3447 servus
1526 3410 1796 3447 servorum
1820 3393 1919 3447 Dei
1947 3390 2346 3461 archiepiscopis
2373 3390 2482 3460 epi-

542 3489 712 3558 scopis
753 3489 968 3542 ducibus
1008 3489 1285 3543 comitibus
1323 3506 1419 3543 nec
1456 3507 1561 3543 non
1598 3489 1882 3543 maioribus
1923 3492 2076 3556 atque
2113 3486 2400 3540 minoribus
2426 3486 2482 3539 in

659 3602 693 3628 a.
730 3606 779 3627 an
807 3591 991 3628 celerius?
1017 3591 1174 3629 BRIAL.
1303 3591 1340 3629 b.
1377 3595 1530 3643 Legitur
1565 3591 1602 3639 1)
1632 3607 1692 3640 ap.
1714 3592 1874 3629 Paulum
1893 3590 2079 3633 Bernrid„
2117 3592 2226 3627 Ροηί.
2253 3592 2357 3626 Rom.
2382 3591 2482 3626 vitae

541 3654 598 3691 ed.
622 3657 829 3693 Watterich
860 3660 896 3694 T.
923 3660 945 3694 I
968 3657 1062 3702 523,
1104 3656 1141 3704 2)
1177 3660 1213 3694 in
1251 3658 1429 3694 Udalricz·
1462 3659 1624 3695 Babenb.
1653 3658 1735 3694 cod.
1760 3671 1809 3704 ορ
1845 3657 2056 3693 an-ardum
2087 3658 2194 3703 Corp.
2220 3657 2302 3692 hist.
2327 3658 2370 3693 II
2395 3654 2481 3692 149.

659 3720 699 3762 1.
729 3720 1025 3765 Redonensis.
1175 3723 1216 3765 2.
1247 3722 1448 3766 Ivonem.
