<?xml version="1.0" encoding="UTF-8"?>
<!DOCTYPE html PUBLIC "-//W3C//DTD XHTML 1.0 Transitional//EN"
    "http://www.w3.org/TR/xhtml1/DTD/xhtml1-transitional.dtd">
<html xmlns="http://www.w3.org/1999/xhtml" xml:lang="en" lang="en">
 <head>
  <title>
</title>
<meta http-equiv="Content-Type" content="text/html;charset=utf-8" />
  <meta name='ocr-system' content='tesseract 3.04.00' />
  <meta name='ocr-capabilities' content='ocr_page ocr_carea ocr_par ocr_line ocrx_word'/>
</head>
<body>
  <div class='ocr_page' id='page_1' title='image "bibliothecarerum02wattuoft_0637.png"; bbox 0 0 2730 4198; ppageno 0'>
   <div class='ocr_carea' id='block_1_1' title="bbox 753 248 2208 301">
    <p class='ocr_par' dir='ltr' id='par_1_1' title="bbox 753 248 2208 301">
     <span class='ocr_line' id='line_1_1' title="bbox 753 248 2208 301; baseline 0.001 -2"><span class='ocrx_word' id='word_1_1' title='bbox 753 262 1105 301; x_wconf 74' lang='lat' dir='ltr'><em>Bom&#39;rfloms</em></span> <span class='ocrx_word' id='word_1_2' title='bbox 1145 264 1222 300; x_wconf 85' lang='lat' dir='ltr'><em>AD</em></span> <span class='ocrx_word' id='word_1_3' title='bbox 1260 263 1488 301; x_wconf 85' lang='lat' dir='ltr'>AMICUM</span> <span class='ocrx_word' id='word_1_4' title='bbox 1525 263 1633 299; x_wconf 81' lang='lat' dir='ltr'><em>Lm.</em></span> <span class='ocrx_word' id='word_1_5' title='bbox 1662 263 1720 298; x_wconf 90' lang='lat' dir='ltr'><em>1v</em></span> <span class='ocrx_word' id='word_1_6' title='bbox 2104 248 2208 300; x_wconf 82' lang='grc'><em>621</em></span> 
     </span>
    </p>
   </div>
   <div class='ocr_carea' id='block_1_2' title="bbox 262 374 2400 3144">
    <p class='ocr_par' dir='ltr' id='par_1_2' title="bbox 262 374 2400 1989">
     <span class='ocr_line' id='line_1_2' title="bbox 269 374 2332 449; baseline -0.001 -19"><span class='ocrx_word' id='word_1_7' title='bbox 269 377 336 431; x_wconf 87' lang='lat' dir='ltr'><em>ad</em></span> <span class='ocrx_word' id='word_1_8' title='bbox 360 375 672 431; x_wconf 90' lang='lat' dir='ltr'><em>Iohannem¹</em></span> <span class='ocrx_word' id='word_1_9' title='bbox 697 395 891 449; x_wconf 89' lang='lat' dir='ltr'><em>papam</em></span> <span class='ocrx_word' id='word_1_10' title='bbox 917 379 1059 433; x_wconf 91' lang='lat' dir='ltr'><em>urbis</em></span> <span class='ocrx_word' id='word_1_11' title='bbox 1098 379 1294 433; x_wconf 90' lang='lat' dir='ltr'><em>Romae</em></span> <span class='ocrx_word' id='word_1_12' title='bbox 1323 374 1734 432; x_wconf 87' lang='lat' dir='ltr'><em>sacramentum²</em></span> <span class='ocrx_word' id='word_1_13' title='bbox 1761 377 1905 430; x_wconf 89' lang='lat' dir='ltr'><em>dedit</em></span> <span class='ocrx_word' id='word_1_14' title='bbox 1943 377 2213 447; x_wconf 87' lang='lat' dir='ltr'><em>corporale</em></span> <span class='ocrx_word' id='word_1_15' title='bbox 2245 386 2332 429; x_wconf 82' lang='lat'><em>962</em></span> 
     </span>
     <span class='ocr_line' id='line_1_3' title="bbox 262 473 2213 547; baseline 0.001 -21"><span class='ocrx_word' id='word_1_16' title='bbox 262 473 319 527; x_wconf 90' lang='lat' dir='ltr'><em>in</em></span> <span class='ocrx_word' id='word_1_17' title='bbox 356 473 494 528; x_wconf 83' lang='lat' dir='ltr'><em>hunc</em></span> <span class='ocrx_word' id='word_1_18' title='bbox 532 475 771 528; x_wconf 87' lang='lat' dir='ltr'><em>modum:</em></span> <span class='ocrx_word' id='word_1_19' title='bbox 819 476 943 529; x_wconf 82' lang='lat' dir='ltr'><em>Tibi</em></span> <span class='ocrx_word' id='word_1_20' title='bbox 979 479 1166 529; x_wconf 91' lang='lat' dir='ltr'><em>domno</em></span> <span class='ocrx_word' id='word_1_21' title='bbox 1206 477 1437 530; x_wconf 75' lang='lat' dir='ltr'><em>Iohanni</em></span> <span class='ocrx_word' id='word_1_22' title='bbox 1463 494 1645 547; x_wconf 75' lang='lat' dir='ltr'><em>papae</em></span> <span class='ocrx_word' id='word_1_23' title='bbox 1683 493 1772 546; x_wconf 69' lang='lat' dir='ltr'><em>eqo</em></span> <span class='ocrx_word' id='word_1_24' title='bbox 1803 493 1896 527; x_wconf 71' lang='lat' dir='ltr'><em>rex</em></span> <span class='ocrx_word' id='word_1_25' title='bbox 1926 473 2045 526; x_wconf 88' lang='lat' dir='ltr'><em>Otto</em></span> <span class='ocrx_word' id='word_1_26' title='bbox 2079 493 2213 544; x_wconf 78' lang='lat' dir='ltr'><em>pro-</em></span> 
     </span>
     <span class='ocr_line' id='line_1_4' title="bbox 263 573 2216 643; baseline -0.001 -20"><span class='ocrx_word' id='word_1_27' title='bbox 263 573 409 624; x_wconf 89' lang='lat' dir='ltr'><em>mitto</em></span> <span class='ocrx_word' id='word_1_28' title='bbox 450 583 497 625; x_wconf 88' lang='lat' dir='ltr'><em>et</em></span> <span class='ocrx_word' id='word_1_29' title='bbox 531 575 650 624; x_wconf 81' lang='lat' dir='ltr'><em>iuro</em></span> <span class='ocrx_word' id='word_1_30' title='bbox 686 592 785 642; x_wconf 83' lang='lat' dir='ltr'><em>per</em></span> <span class='ocrx_word' id='word_1_31' title='bbox 821 574 1036 626; x_wconf 90' lang='lat' dir='ltr'><em>Patrem</em></span> <span class='ocrx_word' id='word_1_32' title='bbox 1076 584 1120 627; x_wconf 90' lang='lat' dir='ltr'><em>et</em></span> <span class='ocrx_word' id='word_1_33' title='bbox 1145 574 1347 626; x_wconf 81' lang='lat' dir='ltr'><em>Filium</em></span> <span class='ocrx_word' id='word_1_34' title='bbox 1386 583 1433 625; x_wconf 92' lang='lat' dir='ltr'><em>et</em></span> <span class='ocrx_word' id='word_1_35' title='bbox 1462 573 1726 643; x_wconf 82' lang='lat' dir='ltr'><em>Spiritum</em></span> <span class='ocrx_word' id='word_1_36' title='bbox 1763 583 1999 624; x_wconf 76' lang='lat' dir='ltr'><em>sanctum</em></span> <span class='ocrx_word' id='word_1_37' title='bbox 2038 582 2086 623; x_wconf 93' lang='lat' dir='ltr'><em>et</em></span> <span class='ocrx_word' id='word_1_38' title='bbox 2118 590 2216 640; x_wconf 82' lang='lat' dir='ltr'><em>per</em></span> 
     </span>
     <span class='ocr_line' id='line_1_5' title="bbox 265 667 2212 740; baseline -0.001 -22"><span class='ocrx_word' id='word_1_39' title='bbox 265 667 465 737; x_wconf 74' lang='lat' dir='ltr'><em>liqnum</em></span> <span class='ocrx_word' id='word_1_40' title='bbox 501 669 735 735; x_wconf 80' lang='lat' dir='ltr'><em>vivificae</em></span> <span class='ocrx_word' id='word_1_41' title='bbox 783 672 949 722; x_wconf 81' lang='lat' dir='ltr'><em>crucis</em></span> <span class='ocrx_word' id='word_1_42' title='bbox 998 681 1045 722; x_wconf 87' lang='lat' dir='ltr'><em>et</em></span> <span class='ocrx_word' id='word_1_43' title='bbox 1086 689 1184 740; x_wconf 81' lang='lat' dir='ltr'><em>per</em></span> <span class='ocrx_word' id='word_1_44' title='bbox 1231 670 1325 721; x_wconf 70' lang='grc' dir='ltr'><em>Ιιαε</em></span> <span class='ocrx_word' id='word_1_45' title='bbox 1375 669 1637 738; x_wconf 53' lang='grc' dir='ltr'><em>νείίᾳωίοιθ7</em></span> <span class='ocrx_word' id='word_1_46' title='bbox 1677 678 2001 720; x_wconf 76' lang='lat' dir='ltr'><em>sanctorum:</em></span> <span class='ocrx_word' id='word_1_47' title='bbox 2055 668 2212 735; x_wconf 78' lang='lat' dir='ltr'><em>quod,</em></span> 
     </span>
     <span class='ocr_line' id='line_1_6' title="bbox 263 763 2217 834; baseline -0.001 -20"><span class='ocrx_word' id='word_1_48' title='bbox 263 765 313 815; x_wconf 72' lang='lat' dir='ltr'><em>ai</em></span> <span class='ocrx_word' id='word_1_49' title='bbox 347 766 669 834; x_wconf 73' lang='lat' dir='ltr'><em>permittente</em></span> <span class='ocrx_word' id='word_1_50' title='bbox 694 765 810 818; x_wconf 90' lang='lat' dir='ltr'><em>Deo</em></span> <span class='ocrx_word' id='word_1_51' title='bbox 840 766 1065 818; x_wconf 84' lang='lat' dir='ltr'><em>Romam</em></span> <span class='ocrx_word' id='word_1_52' title='bbox 1089 784 1292 830; x_wconf 84' lang='lat' dir='ltr'><em>venero,</em></span> <span class='ocrx_word' id='word_1_53' title='bbox 1333 775 1567 816; x_wconf 79' lang='lat' dir='ltr'><em>sanctam</em></span> <span class='ocrx_word' id='word_1_54' title='bbox 1595 764 1892 816; x_wconf 82' lang='lat' dir='ltr'><em>Romanam</em></span> <span class='ocrx_word' id='word_1_55' title='bbox 1917 763 2217 814; x_wconf 70' lang='lat' dir='ltr'><em>aecclesiam</em></span> 
     </span>
     <span class='ocr_line' id='line_1_7' title="bbox 266 858 2214 931; baseline -0.001 -20"><span class='ocrx_word' id='word_1_56' title='bbox 266 869 314 912; x_wconf 86' lang='lat' dir='ltr'><em>et</em></span> <span class='ocrx_word' id='word_1_57' title='bbox 341 869 404 925; x_wconf 83' lang='lat' dir='ltr'><em>te,</em></span> <span class='ocrx_word' id='word_1_58' title='bbox 444 871 692 913; x_wconf 81' lang='lat' dir='ltr'><em>rectorem</em></span> <span class='ocrx_word' id='word_1_59' title='bbox 717 864 903 931; x_wconf 72' lang='lat' dir='ltr'><em>ipsine,</em></span> <span class='ocrx_word' id='word_1_60' title='bbox 942 862 1177 914; x_wconf 75' lang='lat' dir='ltr'><em>exaltabo</em></span> <span class='ocrx_word' id='word_1_61' title='bbox 1204 862 1484 914; x_wconf 76' lang='lat' dir='ltr'><em>secundum</em></span> <span class='ocrx_word' id='word_1_62' title='bbox 1508 878 1677 911; x_wconf 81' lang='lat' dir='ltr'><em>meum</em></span> <span class='ocrx_word' id='word_1_63' title='bbox 1693 877 1867 928; x_wconf 80' lang='lat' dir='ltr'><em>posse.</em></span> <span class='ocrx_word' id='word_1_64' title='bbox 1982 858 2056 910; x_wconf 88' lang='lat' dir='ltr'><em>Et</em></span> <span class='ocrx_word' id='word_1_65' title='bbox 2078 877 2214 909; x_wconf 80' lang='lat' dir='ltr'><em>nun-</em></span> 
     </span>
     <span class='ocr_line' id='line_1_8' title="bbox 266 954 2213 1028; baseline -0.002 -20"><span class='ocrx_word' id='word_1_66' title='bbox 266 973 425 1025; x_wconf 79' lang='lat' dir='ltr'><em>quam</em></span> <span class='ocrx_word' id='word_1_67' title='bbox 471 958 632 1009; x_wconf 82' lang='lat' dir='ltr'><em>vitam</em></span> <span class='ocrx_word' id='word_1_68' title='bbox 670 968 763 1010; x_wconf 81' lang='lat' dir='ltr'><em>aut</em></span> <span class='ocrx_word' id='word_1_69' title='bbox 809 958 1039 1010; x_wconf 83' lang='lat' dir='ltr'><em>membra</em></span> <span class='ocrx_word' id='word_1_70' title='bbox 1083 976 1247 1028; x_wconf 79' lang='lat' dir='ltr'><em>neque</em></span> <span class='ocrx_word' id='word_1_71' title='bbox 1294 960 1469 1027; x_wconf 79' lang='lat' dir='ltr'><em>ipsum</em></span> <span class='ocrx_word' id='word_1_72' title='bbox 1518 956 1789 1020; x_wconf 75' lang='lat' dir='ltr'><em>honorem,</em></span> <span class='ocrx_word' id='word_1_73' title='bbox 1842 972 1993 1024; x_wconf 81' lang='lat' dir='ltr'><em>quem</em></span> <span class='ocrx_word' id='word_1_74' title='bbox 2041 954 2213 1018; x_wconf 70' lang='lat' dir='ltr'><em>habea,</em></span> 
     </span>
     <span class='ocr_line' id='line_1_9' title="bbox 264 1051 2219 1106; baseline -0.002 -2"><span class='ocrx_word' id='word_1_75' title='bbox 264 1070 380 1104; x_wconf 88' lang='lat' dir='ltr'><em>mea</em></span> <span class='ocrx_word' id='word_1_76' title='bbox 417 1053 679 1106; x_wconf 81' lang='lat' dir='ltr'><em>voluntate</em></span> <span class='ocrx_word' id='word_1_77' title='bbox 707 1064 800 1106; x_wconf 80' lang='lat' dir='ltr'><em>aut</em></span> <span class='ocrx_word' id='word_1_78' title='bbox 825 1072 1074 1106; x_wconf 71' lang='lat' dir='ltr'><em>consensu</em></span> <span class='ocrx_word' id='word_1_79' title='bbox 1112 1064 1204 1106; x_wconf 82' lang='lat' dir='ltr'><em>aut</em></span> <span class='ocrx_word' id='word_1_80' title='bbox 1227 1071 1337 1105; x_wconf 85' lang='lat' dir='ltr'><em>meo</em></span> <span class='ocrx_word' id='word_1_81' title='bbox 1365 1053 1581 1105; x_wconf 75' lang='lat' dir='ltr'><em>consilio</em></span> <span class='ocrx_word' id='word_1_82' title='bbox 1609 1061 1702 1103; x_wconf 85' lang='lat' dir='ltr'><em>aut</em></span> <span class='ocrx_word' id='word_1_83' title='bbox 1724 1069 1839 1102; x_wconf 92' lang='lat' dir='ltr'><em>mea</em></span> <span class='ocrx_word' id='word_1_84' title='bbox 1867 1051 2219 1102; x_wconf 75' lang='lat' dir='ltr'><em>exhortatione</em></span> 
     </span>
     <span class='ocr_line' id='line_1_10' title="bbox 263 1146 2219 1219; baseline -0.002 -18"><span class='ocrx_word' id='word_1_85' title='bbox 263 1149 466 1218; x_wconf 78' lang='lat' dir='ltr'><em>perdes.</em></span> <span class='ocrx_word' id='word_1_86' title='bbox 525 1149 598 1202; x_wconf 87' lang='lat' dir='ltr'><em>Et</em></span> <span class='ocrx_word' id='word_1_87' title='bbox 633 1151 691 1201; x_wconf 90' lang='lat' dir='ltr'><em>in</em></span> <span class='ocrx_word' id='word_1_88' title='bbox 732 1150 904 1202; x_wconf 87' lang='lat' dir='ltr'><em>Roma</em></span> <span class='ocrx_word' id='word_1_89' title='bbox 941 1149 1143 1202; x_wconf 81' lang='lat' dir='ltr'><em>nullum</em></span> <span class='ocrx_word' id='word_1_90' title='bbox 1172 1149 1432 1219; x_wconf 80' lang='lat' dir='ltr'><em>placitum</em></span> <span class='ocrx_word' id='word_1_91' title='bbox 1469 1158 1563 1200; x_wconf 81' lang='lat' dir='ltr'><em>aut</em></span> <span class='ocrx_word' id='word_1_92' title='bbox 1600 1149 1982 1200; x_wconf 78' lang='lat' dir='ltr'><em>ordinationem</em></span> <span class='ocrx_word' id='word_1_93' title='bbox 2005 1146 2219 1215; x_wconf 84' lang='lat' dir='ltr'><em>faciam</em></span> 
     </span>
     <span class='ocr_line' id='line_1_11' title="bbox 267 1245 2216 1315; baseline -0.001 -19"><span class='ocrx_word' id='word_1_94' title='bbox 267 1245 330 1296; x_wconf 90' lang='lat' dir='ltr'><em>de</em></span> <span class='ocrx_word' id='word_1_95' title='bbox 369 1245 632 1310; x_wconf 74' lang='lat' dir='ltr'><em>omnibus,</em></span> <span class='ocrx_word' id='word_1_96' title='bbox 686 1264 819 1315; x_wconf 81' lang='lat' dir='ltr'><em>quae</em></span> <span class='ocrx_word' id='word_1_97' title='bbox 867 1248 939 1298; x_wconf 92' lang='lat' dir='ltr'><em>ad</em></span> <span class='ocrx_word' id='word_1_98' title='bbox 986 1256 1032 1298; x_wconf 86' lang='lat' dir='ltr'><em>te</em></span> <span class='ocrx_word' id='word_1_99' title='bbox 1081 1256 1173 1298; x_wconf 81' lang='lat' dir='ltr'><em>aut</em></span> <span class='ocrx_word' id='word_1_100' title='bbox 1209 1247 1281 1298; x_wconf 92' lang='lat' dir='ltr'><em>ad</em></span> <span class='ocrx_word' id='word_1_101' title='bbox 1321 1246 1589 1298; x_wconf 80' lang='lat' dir='ltr'><em>Romanos</em></span> <span class='ocrx_word' id='word_1_102' title='bbox 1629 1246 1919 1314; x_wconf 78' lang='lat' dir='ltr'><em>pertinent,</em></span> <span class='ocrx_word' id='word_1_103' title='bbox 1970 1245 2082 1295; x_wconf 80' lang='lat' dir='ltr'><em>sine</em></span> <span class='ocrx_word' id='word_1_104' title='bbox 2130 1253 2216 1295; x_wconf 84' lang='lat' dir='ltr'><em>tuo</em></span> 
     </span>
     <span class='ocr_line' id='line_1_12' title="bbox 269 1341 2217 1412; baseline -0.001 -19"><span class='ocrx_word' id='word_1_105' title='bbox 269 1341 502 1394; x_wconf 79' lang='lat' dir='ltr'><em>consilio.</em></span> <span class='ocrx_word' id='word_1_106' title='bbox 579 1342 654 1394; x_wconf 91' lang='lat' dir='ltr'><em>E&#39;t</em></span> <span class='ocrx_word' id='word_1_107' title='bbox 703 1343 956 1412; x_wconf 80' lang='lat' dir='ltr'><em>quicquid</em></span> <span class='ocrx_word' id='word_1_108' title='bbox 1002 1343 1066 1394; x_wconf 90' lang='lat' dir='ltr'><em>de</em></span> <span class='ocrx_word' id='word_1_109' title='bbox 1115 1353 1256 1395; x_wconf 80' lang='lat' dir='ltr'><em>terra</em></span> <span class='ocrx_word' id='word_1_110' title='bbox 1302 1343 1472 1394; x_wconf 75' lang='lat' dir='ltr'><em>sancti</em></span> <span class='ocrx_word' id='word_1_111' title='bbox 1506 1342 1659 1394; x_wconf 87' lang='lat' dir='ltr'><em>Petri</em></span> <span class='ocrx_word' id='word_1_112' title='bbox 1695 1342 1767 1392; x_wconf 92' lang='lat' dir='ltr'><em>ad</em></span> <span class='ocrx_word' id='word_1_113' title='bbox 1803 1350 2037 1392; x_wconf 80' lang='lat' dir='ltr'><em>nostram</em></span> <span class='ocrx_word' id='word_1_114' title='bbox 2066 1349 2217 1409; x_wconf 81' lang='lat' dir='ltr'><em>pote-</em></span> 
     </span>
     <span class='ocr_line' id='line_1_13' title="bbox 265 1436 2220 1508; baseline -0.002 -19"><span class='ocrx_word' id='word_1_115' title='bbox 265 1447 447 1490; x_wconf 79' lang='lat' dir='ltr'><em>statem</em></span> <span class='ocrx_word' id='word_1_116' title='bbox 472 1440 682 1503; x_wconf 84' lang='lat' dir='ltr'><em>venerit,</em></span> <span class='ocrx_word' id='word_1_117' title='bbox 713 1439 811 1491; x_wconf 81' lang='lat' dir='ltr'><em>tibi</em></span> <span class='ocrx_word' id='word_1_118' title='bbox 832 1439 1066 1491; x_wconf 82' lang='lat' dir='ltr'><em>reddam.</em></span> <span class='ocrx_word' id='word_1_119' title='bbox 1211 1437 1509 1508; x_wconf 79' lang='lat' dir='ltr'><em>Cuiounque</em></span> <span class='ocrx_word' id='word_1_120' title='bbox 1535 1448 1706 1490; x_wconf 83' lang='lat' dir='ltr'><em>antem</em></span> <span class='ocrx_word' id='word_1_121' title='bbox 1730 1455 1949 1506; x_wconf 73' lang='lat' dir='ltr'><em>reynum</em></span> <span class='ocrx_word' id='word_1_122' title='bbox 1973 1436 2220 1488; x_wconf 78' lang='lat' dir='ltr'><em>Italicam</em></span> 
     </span>
     <span class='ocr_line' id='line_1_14' title="bbox 267 1531 2218 1603; baseline -0.001 -18"><span class='ocrx_word' id='word_1_123' title='bbox 267 1536 596 1599; x_wconf 74' lang='lat' dir='ltr'><em>commiser0‚</em></span> <span class='ocrx_word' id='word_1_124' title='bbox 645 1536 825 1587; x_wconf 80' lang='lat' dir='ltr'><em>iurare</em></span> <span class='ocrx_word' id='word_1_125' title='bbox 857 1535 1072 1603; x_wconf 82' lang='lat' dir='ltr'><em>faciam</em></span> <span class='ocrx_word' id='word_1_126' title='bbox 1120 1535 1296 1587; x_wconf 83' lang='lat' dir='ltr'><em>illum:</em></span> <span class='ocrx_word' id='word_1_127' title='bbox 1345 1545 1403 1587; x_wconf 82' lang='lat' dir='ltr'><em>ut</em></span> <span class='ocrx_word' id='word_1_128' title='bbox 1449 1536 1663 1587; x_wconf 80' lang='lat' dir='ltr'><em>adiutor</em></span> <span class='ocrx_word' id='word_1_129' title='bbox 1708 1535 1788 1585; x_wconf 81' lang='lat' dir='ltr'><em>tui</em></span> <span class='ocrx_word' id='word_1_130' title='bbox 1823 1535 1894 1585; x_wconf 79' lang='lat' dir='ltr'><em>sit</em></span> <span class='ocrx_word' id='word_1_131' title='bbox 1929 1534 2001 1584; x_wconf 92' lang='lat' dir='ltr'><em>ad</em></span> <span class='ocrx_word' id='word_1_132' title='bbox 2038 1531 2218 1600; x_wconf 77' lang='lat' dir='ltr'><em>defen-</em></span> 
     </span>
     <span class='ocr_line' id='line_1_15' title="bbox 264 1626 2219 1700; baseline -0.003 -17"><span class='ocrx_word' id='word_1_133' title='bbox 264 1631 488 1683; x_wconf 87' lang='lat' dir='ltr'><em>dendam</em></span> <span class='ocrx_word' id='word_1_134' title='bbox 526 1641 718 1684; x_wconf 86' lang='lat' dir='ltr'><em>terram</em></span> <span class='ocrx_word' id='word_1_135' title='bbox 756 1634 927 1684; x_wconf 81' lang='lat' dir='ltr'><em>sancti</em></span> <span class='ocrx_word' id='word_1_136' title='bbox 962 1632 1115 1684; x_wconf 88' lang='lat' dir='ltr'><em>Petri</em></span> <span class='ocrx_word' id='word_1_137' title='bbox 1150 1633 1430 1684; x_wconf 76' lang='lat' dir='ltr'><em>secundum</em></span> <span class='ocrx_word' id='word_1_138' title='bbox 1468 1649 1619 1683; x_wconf 78' lang='lat' dir='ltr'><em>suum</em></span> <span class='ocrx_word' id='word_1_139' title='bbox 1653 1648 1820 1700; x_wconf 77' lang='lat' dir='ltr'><em>posse.</em></span> <span class='ocrx_word' id='word_1_140' title='bbox 1879 1626 2082 1680; x_wconf 87' lang='lat' dir='ltr'><em>Dehinc</em></span> <span class='ocrx_word' id='word_1_141' title='bbox 2116 1626 2219 1679; x_wconf 88' lang='lat' dir='ltr'><em>Ro-</em></span> 
     </span>
     <span class='ocr_line' id='line_1_16' title="bbox 263 1724 2221 1796; baseline -0.003 -17"><span class='ocrx_word' id='word_1_142' title='bbox 263 1742 405 1779; x_wconf 85' lang='lat' dir='ltr'><em>mam</em></span> <span class='ocrx_word' id='word_1_143' title='bbox 442 1727 679 1794; x_wconf 77' lang='lat' dir='ltr'><em>tendenS‚</em></span> <span class='ocrx_word' id='word_1_144' title='bbox 718 1725 999 1780; x_wconf 88' lang='lat' dir='ltr'><em>honorifice</em></span> <span class='ocrx_word' id='word_1_145' title='bbox 1040 1727 1071 1780; x_wconf 76' lang='lat' dir='ltr'><em>a</em></span> <span class='ocrx_word' id='word_1_146' title='bbox 1104 1726 1350 1780; x_wconf 89' lang='lat' dir='ltr'><em>Romanis</em></span> <span class='ocrx_word' id='word_1_147' title='bbox 1391 1729 1662 1796; x_wconf 90' lang='lat' dir='ltr'><em>susceptus</em></span> <span class='ocrx_word' id='word_1_148' title='bbox 1703 1729 1756 1779; x_wconf 93' lang='lat' dir='ltr'><em>et</em></span> <span class='ocrx_word' id='word_1_149' title='bbox 1785 1725 1819 1778; x_wconf 79' lang='lat' dir='ltr'><em>&#39;a</em></span> <span class='ocrx_word' id='word_1_150' title='bbox 1853 1724 2041 1777; x_wconf 92' lang='lat' dir='ltr'><em>domno</em></span> <span class='ocrx_word' id='word_1_151' title='bbox 2079 1739 2221 1792; x_wconf 90' lang='lat' dir='ltr'><em>papa</em></span> 
     </span>
     <span class='ocr_line' id='line_1_17' title="bbox 265 1817 2400 1893; baseline -0.004 -18"><span class='ocrx_word' id='word_1_152' title='bbox 265 1821 625 1876; x_wconf 88' lang='lat' dir='ltr'><em>benedictione</em></span> <span class='ocrx_word' id='word_1_153' title='bbox 663 1822 927 1892; x_wconf 88' lang='lat' dir='ltr'><em>imperiali</em></span> <span class='ocrx_word' id='word_1_154' title='bbox 967 1827 1046 1876; x_wconf 89' lang='lat' dir='ltr'><em>est</em></span> <span class='ocrx_word' id='word_1_155' title='bbox 1084 1824 1419 1890; x_wconf 77' lang='lat' dir='ltr'><em>sublimatus,</em></span> <span class='ocrx_word' id='word_1_156' title='bbox 1465 1822 1771 1893; x_wconf 90' lang='lat' dir='ltr'><em>primusque</em></span> <span class='ocrx_word' id='word_1_157' title='bbox 1819 1820 2052 1874; x_wconf 90' lang='lat' dir='ltr'><em>omnium</em></span> <span class='ocrx_word' id='word_1_158' title='bbox 2092 1817 2219 1872; x_wconf 89' lang='lat' dir='ltr'><em>Ger·</em></span> <span class='ocrx_word' id='word_1_159' title='bbox 2248 1830 2357 1868; x_wconf 76' lang='lat' dir='ltr'><em>Febr.</em></span> <span class='ocrx_word' id='word_1_160' title='bbox 2377 1831 2400 1867; x_wconf 87' lang='lat'><strong>2</strong></span> 
     </span>
     <span class='ocr_line' id='line_1_18' title="bbox 269 1919 1559 1989; baseline 0.001 -19"><span class='ocrx_word' id='word_1_161' title='bbox 269 1934 547 1971; x_wconf 92' lang='lat' dir='ltr'><em>manorum</em></span> <span class='ocrx_word' id='word_1_162' title='bbox 582 1935 768 1986; x_wconf 90' lang='lat' dir='ltr'><em>regum</em></span> <span class='ocrx_word' id='word_1_163' title='bbox 807 1919 1100 1989; x_wconf 90' lang='lat' dir='ltr'><em>appellatus</em></span> <span class='ocrx_word' id='word_1_164' title='bbox 1141 1925 1221 1973; x_wconf 92' lang='lat' dir='ltr'><em>est</em></span> <span class='ocrx_word' id='word_1_165' title='bbox 1257 1920 1559 1989; x_wconf 89' lang='lat' dir='ltr'><em>imperator.</em></span> 
     </span>
    </p>

    <p class='ocr_par' dir='ltr' id='par_1_3' title="bbox 268 2011 2339 2663">
     <span class='ocr_line' id='line_1_19' title="bbox 416 2011 2219 2085; baseline -0.002 -17"><span class='ocrx_word' id='word_1_166' title='bbox 416 2014 542 2083; x_wconf 80' lang='lat' dir='ltr'><em>Hic,</em></span> <span class='ocrx_word' id='word_1_167' title='bbox 600 2019 788 2085; x_wconf 90' lang='lat' dir='ltr'><em>pacata</em></span> <span class='ocrx_word' id='word_1_168' title='bbox 835 2014 1012 2084; x_wconf 87' lang='lat' dir='ltr'><em>Italia,</em></span> <span class='ocrx_word' id='word_1_169' title='bbox 1073 2015 1356 2070; x_wconf 85' lang='lat' dir='ltr'><em>Saxoniam</em></span> <span class='ocrx_word' id='word_1_170' title='bbox 1403 2033 1521 2070; x_wconf 88' lang='lat' dir='ltr'><em>cum</em></span> <span class='ocrx_word' id='word_1_171' title='bbox 1567 2030 1732 2068; x_wconf 86' lang='lat' dir='ltr'><em>uxore</em></span> <span class='ocrx_word' id='word_1_172' title='bbox 1778 2012 2065 2083; x_wconf 77' lang='lat' dir='ltr'><em>repedavit.</em></span> <span class='ocrx_word' id='word_1_173' title='bbox 2134 2011 2219 2064; x_wconf 84' lang='lat' dir='ltr'><em>Ex</em></span> 
     </span>
     <span class='ocr_line' id='line_1_20' title="bbox 269 2107 2338 2181; baseline -0.001 -17"><span class='ocrx_word' id='word_1_174' title='bbox 269 2125 372 2178; x_wconf 89' lang='lat' dir='ltr'><em>qua</em></span> <span class='ocrx_word' id='word_1_175' title='bbox 410 2111 640 2181; x_wconf 77' lang='lat' dir='ltr'><em>suscepit</em></span> <span class='ocrx_word' id='word_1_176' title='bbox 677 2110 869 2180; x_wconf 80' lang='lat' dir='ltr'><em>filium,</em></span> <span class='ocrx_word' id='word_1_177' title='bbox 911 2116 963 2165; x_wconf 89' lang='lat' dir='ltr'><em>et</em></span> <span class='ocrx_word' id='word_1_178' title='bbox 999 2112 1226 2165; x_wconf 88' lang='lat' dir='ltr'><em>nominis</em></span> <span class='ocrx_word' id='word_1_179' title='bbox 1266 2119 1646 2166; x_wconf 75' lang='lat' dir='ltr'><em>successorem*¹</em></span> <span class='ocrx_word' id='word_1_180' title='bbox 1687 2113 1739 2164; x_wconf 92' lang='lat' dir='ltr'><em>et</em></span> <span class='ocrx_word' id='word_1_181' title='bbox 1775 2109 1951 2178; x_wconf 85' lang='lat' dir='ltr'><em>regni3</em></span> <span class='ocrx_word' id='word_1_182' title='bbox 1993 2108 2077 2162; x_wconf 91' lang='lat' dir='ltr'><em>cui</em></span> <span class='ocrx_word' id='word_1_183' title='bbox 2112 2107 2219 2160; x_wconf 89' lang='lat' dir='ltr'><em>Ro-</em></span> <span class='ocrx_word' id='word_1_184' title='bbox 2251 2117 2338 2163; x_wconf 87' lang='lat'><em>955</em></span> 
     </span>
     <span class='ocr_line' id='line_1_21' title="bbox 268 2205 2338 2277; baseline -0 -19"><span class='ocrx_word' id='word_1_185' title='bbox 268 2206 412 2259; x_wconf 90' lang='lat' dir='ltr'><em>mani</em></span> <span class='ocrx_word' id='word_1_186' title='bbox 451 2207 719 2275; x_wconf 84' lang='lat' dir='ltr'><em>sanguinis</em></span> <span class='ocrx_word' id='word_1_187' title='bbox 759 2208 901 2262; x_wconf 90' lang='lat' dir='ltr'><em>dedit</em></span> <span class='ocrx_word' id='word_1_188' title='bbox 938 2224 1174 2277; x_wconf 78' lang='lat' dir='ltr'><em>uxorem,</em></span> <span class='ocrx_word' id='word_1_189' title='bbox 1217 2206 1782 2277; x_wconf 89' lang='lat' dir='ltr'><em>Constantinopolitani</em></span> <span class='ocrx_word' id='word_1_190' title='bbox 1821 2205 2019 2259; x_wconf 89' lang='lat' dir='ltr'><em>scilicet</em></span> <span class='ocrx_word' id='word_1_191' title='bbox 2054 2205 2221 2274; x_wconf 86' lang='lat' dir='ltr'><em>impe·</em></span> <span class='ocrx_word' id='word_1_192' title='bbox 2251 2214 2338 2258; x_wconf 79' lang='lat'><em>972</em></span> 
     </span>
     <span class='ocr_line' id='line_1_22' title="bbox 268 2300 2222 2372; baseline -0.001 -17"><span class='ocrx_word' id='word_1_193' title='bbox 268 2303 460 2356; x_wconf 89' lang='lat' dir='ltr'><em>ratoris</em></span> <span class='ocrx_word' id='word_1_194' title='bbox 498 2300 706 2357; x_wconf 82' lang='lat' dir='ltr'><em>filiam³.</em></span> <span class='ocrx_word' id='word_1_195' title='bbox 782 2303 943 2372; x_wconf 82' lang='lat' dir='ltr'><em>Idem,</em></span> <span class='ocrx_word' id='word_1_196' title='bbox 984 2321 1103 2357; x_wconf 92' lang='lat' dir='ltr'><em>cum</em></span> <span class='ocrx_word' id='word_1_197' title='bbox 1141 2301 1443 2358; x_wconf 77' lang='lat' dir='ltr'><em>Mainburc⁴</em></span> <span class='ocrx_word' id='word_1_198' title='bbox 1483 2303 1786 2357; x_wconf 82' lang='lat' dir='ltr'><em>aecclesiam</em></span> <span class='ocrx_word' id='word_1_199' title='bbox 1824 2302 1990 2355; x_wconf 90' lang='lat' dir='ltr'><em>mirae</em></span> <span class='ocrx_word' id='word_1_200' title='bbox 2026 2300 2222 2371; x_wconf 89' lang='lat' dir='ltr'><em>pulcri-</em></span> 
     </span>
     <span class='ocr_line' id='line_1_23' title="bbox 270 2396 2221 2470; baseline -0.001 -19"><span class='ocrx_word' id='word_1_201' title='bbox 270 2398 467 2452; x_wconf 80' lang='lat' dir='ltr'><em>tudinis</em></span> <span class='ocrx_word' id='word_1_202' title='bbox 505 2399 814 2454; x_wconf 88' lang='lat' dir='ltr'><em>fabricasset</em></span> <span class='ocrx_word' id='word_1_203' title='bbox 851 2400 1146 2469; x_wconf 88' lang='lat' dir='ltr'><em>multosque</em></span> <span class='ocrx_word' id='word_1_204' title='bbox 1184 2399 1458 2468; x_wconf 82' lang='lat' dir='ltr'><em>gentilium</em></span> <span class='ocrx_word' id='word_1_205' title='bbox 1484 2399 1798 2470; x_wconf 88' lang='lat' dir='ltr'><em>populorum</em></span> <span class='ocrx_word' id='word_1_206' title='bbox 1825 2398 1892 2451; x_wconf 88' lang='lat' dir='ltr'><em>ad</em></span> <span class='ocrx_word' id='word_1_207' title='bbox 1919 2398 2060 2451; x_wconf 87' lang='lat' dir='ltr'><em>viam</em></span> <span class='ocrx_word' id='word_1_208' title='bbox 2085 2396 2221 2450; x_wconf 85' lang='lat' dir='ltr'><em>veri-</em></span> 
     </span>
     <span class='ocr_line' id='line_1_24' title="bbox 271 2494 2339 2566; baseline -0.001 -20"><span class='ocrx_word' id='word_1_209' title='bbox 271 2495 396 2547; x_wconf 88' lang='lat' dir='ltr'><em>tatis</em></span> <span class='ocrx_word' id='word_1_210' title='bbox 433 2500 745 2565; x_wconf 77' lang='lat' dir='ltr'><em>revocasset,</em></span> <span class='ocrx_word' id='word_1_211' title='bbox 784 2497 1033 2564; x_wconf 87' lang='lat' dir='ltr'><em>languore</em></span> <span class='ocrx_word' id='word_1_212' title='bbox 1060 2501 1347 2566; x_wconf 81' lang='lat' dir='ltr'><em>correptuS‚</em></span> <span class='ocrx_word' id='word_1_213' title='bbox 1386 2497 1526 2550; x_wconf 84' lang='lat' dir='ltr'><em>vitae</em></span> <span class='ocrx_word' id='word_1_214' title='bbox 1552 2495 1836 2549; x_wconf 91' lang='lat' dir='ltr'><em>terminum</em></span> <span class='ocrx_word' id='word_1_215' title='bbox 1872 2494 2085 2547; x_wconf 89' lang='lat' dir='ltr'><em>sortitus</em></span> <span class='ocrx_word' id='word_1_216' title='bbox 2124 2496 2218 2546; x_wconf 90' lang='lat' dir='ltr'><em>est.</em></span> <span class='ocrx_word' id='word_1_217' title='bbox 2253 2501 2339 2545; x_wconf 83' lang='lat'><em>973</em></span> 
     </span>
     <span class='ocr_line' id='line_1_25' title="bbox 273 2588 2218 2663; baseline 0 -21"><span class='ocrx_word' id='word_1_218' title='bbox 273 2588 432 2643; x_wconf 85' lang='lat' dir='ltr'><em>Cuius</em></span> <span class='ocrx_word' id='word_1_219' title='bbox 465 2607 652 2662; x_wconf 90' lang='lat' dir='ltr'><em>corpus</em></span> <span class='ocrx_word' id='word_1_220' title='bbox 680 2593 737 2645; x_wconf 90' lang='lat' dir='ltr'><em>in</em></span> <span class='ocrx_word' id='word_1_221' title='bbox 762 2593 967 2663; x_wconf 87' lang='lat' dir='ltr'><em>prefata</em></span> <span class='ocrx_word' id='word_1_222' title='bbox 993 2593 1242 2647; x_wconf 89' lang='lat' dir='ltr'><em>aecclesia</em></span> <span class='ocrx_word' id='word_1_223' title='bbox 1274 2592 1579 2646; x_wconf 85' lang='lat' dir='ltr'><em>condecenti</em></span> <span class='ocrx_word' id='word_1_224' title='bbox 1603 2592 1799 2646; x_wconf 87' lang='lat' dir='ltr'><em>honore</em></span> <span class='ocrx_word' id='word_1_225' title='bbox 1824 2591 2098 2644; x_wconf 92' lang='lat' dir='ltr'><em>humatum</em></span> <span class='ocrx_word' id='word_1_226' title='bbox 2124 2593 2218 2643; x_wconf 91' lang='lat' dir='ltr'><em>est.</em></span> 
     </span>
    </p>

    <p class='ocr_par' dir='ltr' id='par_1_4' title="bbox 269 2684 2337 3144">
     <span class='ocr_line' id='line_1_26' title="bbox 422 2684 2222 2759; baseline -0.001 -19"><span class='ocrx_word' id='word_1_227' title='bbox 422 2684 581 2740; x_wconf 88' lang='lat' dir='ltr'><em>Cuius</em></span> <span class='ocrx_word' id='word_1_228' title='bbox 626 2686 765 2741; x_wconf 90' lang='lat' dir='ltr'><em>filius</em></span> <span class='ocrx_word' id='word_1_229' title='bbox 814 2706 933 2742; x_wconf 92' lang='lat' dir='ltr'><em>cum</em></span> <span class='ocrx_word' id='word_1_230' title='bbox 982 2689 1296 2759; x_wconf 88' lang='lat' dir='ltr'><em>suscepisset</em></span> <span class='ocrx_word' id='word_1_231' title='bbox 1341 2689 1648 2759; x_wconf 81' lang='lat' dir='ltr'><em>imperium,</em></span> <span class='ocrx_word' id='word_1_232' title='bbox 1707 2687 1848 2758; x_wconf 90' lang='lat' dir='ltr'><em>patri</em></span> <span class='ocrx_word' id='word_1_233' title='bbox 1903 2704 1998 2757; x_wconf 90' lang='lat' dir='ltr'><em>per</em></span> <span class='ocrx_word' id='word_1_234' title='bbox 2046 2686 2222 2739; x_wconf 89' lang='lat' dir='ltr'><em>omnia</em></span> 
     </span>
     <span class='ocr_line' id='line_1_27' title="bbox 273 2782 2220 2854; baseline -0.001 -19"><span class='ocrx_word' id='word_1_235' title='bbox 273 2782 611 2853; x_wconf 81' lang='lat' dir='ltr'><em>equiparanS‚</em></span> <span class='ocrx_word' id='word_1_236' title='bbox 659 2785 797 2838; x_wconf 91' lang='lat' dir='ltr'><em>circa</em></span> <span class='ocrx_word' id='word_1_237' title='bbox 835 2784 1032 2838; x_wconf 91' lang='lat' dir='ltr'><em>cultum</em></span> <span class='ocrx_word' id='word_1_238' title='bbox 1071 2786 1440 2839; x_wconf 88' lang='lat' dir='ltr'><em>aecclesiarum</em></span> <span class='ocrx_word' id='word_1_239' title='bbox 1479 2785 1618 2854; x_wconf 87' lang='lat' dir='ltr'><em>cepit</em></span> <span class='ocrx_word' id='word_1_240' title='bbox 1655 2800 1768 2837; x_wconf 87' lang='lat' dir='ltr'><em>esse</em></span> <span class='ocrx_word' id='word_1_241' title='bbox 1808 2782 2220 2836; x_wconf 89' lang='lat' dir='ltr'><em>studiosissimus</em></span> 
     </span>
     <span class='ocr_line' id='line_1_28' title="bbox 273 2877 2219 2948; baseline -0.001 -16"><span class='ocrx_word' id='word_1_242' title='bbox 273 2883 326 2932; x_wconf 92' lang='lat' dir='ltr'><em>et</em></span> <span class='ocrx_word' id='word_1_243' title='bbox 352 2896 476 2947; x_wconf 88' lang='lat' dir='ltr'><em>erga</em></span> <span class='ocrx_word' id='word_1_244' title='bbox 502 2879 839 2934; x_wconf 85' lang='lat' dir='ltr'><em>christianam</em></span> <span class='ocrx_word' id='word_1_245' title='bbox 866 2880 1173 2948; x_wconf 86' lang='lat' dir='ltr'><em>religionem</em></span> <span class='ocrx_word' id='word_1_246' title='bbox 1200 2880 1583 2933; x_wconf 88' lang='lat' dir='ltr'><em>devotissimus.</em></span> <span class='ocrx_word' id='word_1_247' title='bbox 1736 2878 1851 2948; x_wconf 80' lang='lat' dir='ltr'><em>Hic,</em></span> <span class='ocrx_word' id='word_1_248' title='bbox 1890 2878 2039 2946; x_wconf 89' lang='lat' dir='ltr'><em>regni</em></span> <span class='ocrx_word' id='word_1_249' title='bbox 2063 2877 2219 2932; x_wconf 90' lang='lat' dir='ltr'><em>rebus</em></span> 
     </span>
     <span class='ocr_line' id='line_1_29' title="bbox 271 2974 2337 3048; baseline 0.001 -20"><span class='ocrx_word' id='word_1_250' title='bbox 271 2974 402 3029; x_wconf 91' lang='lat' dir='ltr'><em>bene</em></span> <span class='ocrx_word' id='word_1_251' title='bbox 442 2976 761 3045; x_wconf 83' lang='lat' dir='ltr'><em>compositiS‚</em></span> <span class='ocrx_word' id='word_1_252' title='bbox 800 2976 1020 3030; x_wconf 87' lang='lat' dir='ltr'><em>Romam</em></span> <span class='ocrx_word' id='word_1_253' title='bbox 1058 2978 1377 3048; x_wconf 78' lang='lat' dir='ltr'><em>properavit,</em></span> <span class='ocrx_word' id='word_1_254' title='bbox 1415 2976 1831 3030; x_wconf 87' lang='lat' dir='ltr'><em>benedictionem</em></span> <span class='ocrx_word' id='word_1_255' title='bbox 1870 2975 2099 3045; x_wconf 88' lang='lat' dir='ltr'><em>suscepit</em></span> <span class='ocrx_word' id='word_1_256' title='bbox 2122 2974 2220 3027; x_wconf 93' lang='lat' dir='ltr'><em>im-</em></span> <span class='ocrx_word' id='word_1_257' title='bbox 2253 2987 2337 3030; x_wconf 84' lang='lat'><em>967</em></span> 
     </span>
     <span class='ocr_line' id='line_1_30' title="bbox 269 3069 2219 3144; baseline -0.001 -19"><span class='ocrx_word' id='word_1_258' title='bbox 269 3069 568 3142; x_wconf 84' lang='lat' dir='ltr'><em>perialem⁵.</em></span> <span class='ocrx_word' id='word_1_259' title='bbox 720 3073 924 3127; x_wconf 89' lang='lat' dir='ltr'><em>Dehinc</em></span> <span class='ocrx_word' id='word_1_260' title='bbox 947 3074 1195 3144; x_wconf 92' lang='lat' dir='ltr'><em>Apuliam</em></span> <span class='ocrx_word' id='word_1_261' title='bbox 1237 3073 1456 3126; x_wconf 90' lang='lat' dir='ltr'><em>tendens</em></span> <span class='ocrx_word' id='word_1_262' title='bbox 1496 3089 1615 3126; x_wconf 91' lang='lat' dir='ltr'><em>cum</em></span> <span class='ocrx_word' id='word_1_263' title='bbox 1642 3070 2219 3141; x_wconf 87' lang='lat' dir='ltr'><em>Constantinopolitano</em></span> 
     </span>
    </p>
   </div>
   <div class='ocr_carea' id='block_1_3' title="bbox 271 3167 2384 3276">
    <p class='ocr_par' dir='ltr' id='par_1_5' title="bbox 271 3167 2384 3276">
     <span class='ocr_line' id='line_1_31' title="bbox 271 3167 2384 3276; baseline -0 -54"><span class='ocrx_word' id='word_1_264' title='bbox 271 3167 467 3222; x_wconf 85' lang='lat' dir='ltr'><em>bellum</em></span> <span class='ocrx_word' id='word_1_265' title='bbox 505 3169 790 3238; x_wconf 82' lang='lat' dir='ltr'><em>commisit,</em></span> <span class='ocrx_word' id='word_1_266' title='bbox 832 3173 883 3223; x_wconf 92' lang='lat' dir='ltr'><em>et</em></span> <span class='ocrx_word' id='word_1_267' title='bbox 920 3187 1022 3223; x_wconf 90' lang='lat' dir='ltr'><em>uno</em></span> <span class='ocrx_word' id='word_1_268' title='bbox 1064 3170 1347 3239; x_wconf 89' lang='lat' dir='ltr'><em>eodemque</em></span> <span class='ocrx_word' id='word_1_269' title='bbox 1387 3169 1470 3223; x_wconf 90' lang='lat' dir='ltr'><em>die</em></span> <span class='ocrx_word' id='word_1_270' title='bbox 1508 3169 1588 3223; x_wconf 90' lang='lat' dir='ltr'><em>bis</em></span> <span class='ocrx_word' id='word_1_271' title='bbox 1627 3169 1813 3237; x_wconf 83' lang='lat' dir='ltr'><em>victuS‚</em></span> <span class='ocrx_word' id='word_1_272' title='bbox 1851 3167 2019 3222; x_wconf 87' lang='lat' dir='ltr'><em>victor</em></span> <span class='ocrx_word' id='word_1_273' title='bbox 2060 3178 2384 3276; x_wconf 48' lang='lat' dir='ltr'><em>appa-1138?3</em></span> 
     </span>
    </p>
   </div>
   <div class='ocr_carea' id='block_1_4' title="bbox 391 3363 760 3401">
    <p class='ocr_par' dir='ltr' id='par_1_6' title="bbox 391 3363 760 3401">
     <span class='ocr_line' id='line_1_32' title="bbox 391 3363 760 3401; baseline -0.003 0"><span class='ocrx_word' id='word_1_274' title='bbox 391 3374 425 3401; x_wconf 80' lang='lat' dir='ltr'><em>a.</em></span> <span class='ocrx_word' id='word_1_275' title='bbox 462 3363 701 3401; x_wconf 85' lang='lat' dir='ltr'><em>successione</em></span> <span class='ocrx_word' id='word_1_276' title='bbox 729 3378 760 3400; x_wconf 86' lang='lat' dir='ltr'><em>c.</em></span> 
     </span>
    </p>
   </div>
   <div class='ocr_carea' id='block_1_5' title="bbox 272 3437 2221 3720">
    <p class='ocr_par' dir='ltr' id='par_1_7' title="bbox 272 3437 2221 3720">
     <span class='ocr_line' id='line_1_33' title="bbox 391 3437 2220 3496; baseline -0.003 -10"><span class='ocrx_word' id='word_1_277' title='bbox 391 3442 432 3486; x_wconf 91' lang='lat'><em>1.</em></span> <span class='ocrx_word' id='word_1_278' title='bbox 465 3442 566 3486; x_wconf 87' lang='lat' dir='ltr'>XII.</span> <span class='ocrx_word' id='word_1_279' title='bbox 687 3444 730 3487; x_wconf 81' lang='lat'><em>2.</em></span> <span class='ocrx_word' id='word_1_280' title='bbox 762 3442 819 3486; x_wconf 90' lang='lat' dir='ltr'><em>de</em></span> <span class='ocrx_word' id='word_1_281' title='bbox 843 3441 929 3485; x_wconf 90' lang='lat' dir='ltr'><em>hoc</em></span> <span class='ocrx_word' id='word_1_282' title='bbox 955 3443 1237 3485; x_wconf 86' lang='lat' dir='ltr'><em>sacramento</em></span> <span class='ocrx_word' id='word_1_283' title='bbox 1259 3437 1315 3484; x_wconf 85' lang='lat' dir='ltr'><em>cf.</em></span> <span class='ocrx_word' id='word_1_284' title='bbox 1339 3453 1476 3496; x_wconf 88' lang='lat' dir='ltr'><em>supra</em></span> <span class='ocrx_word' id='word_1_285' title='bbox 1503 3453 1548 3495; x_wconf 91' lang='lat' dir='ltr'><em>p.</em></span> <span class='ocrx_word' id='word_1_286' title='bbox 1570 3439 1672 3483; x_wconf 85' lang='lat'><strong>593.</strong></span> <span class='ocrx_word' id='word_1_287' title='bbox 1792 3439 1834 3483; x_wconf 88' lang='lat'><em>3.</em></span> <span class='ocrx_word' id='word_1_288' title='bbox 1866 3437 2220 3494; x_wconf 87' lang='lat' dir='ltr'><em>Theophaniam‚</em></span> 
     </span>
     <span class='ocr_line' id='line_1_34' title="bbox 272 3511 2220 3572; baseline -0.003 -12"><span class='ocrx_word' id='word_1_289' title='bbox 272 3515 464 3559; x_wconf 84' lang='lat' dir='ltr'><em>Romani</em></span> <span class='ocrx_word' id='word_1_290' title='bbox 493 3516 538 3560; x_wconf 92' lang='grc' dir='ltr'>Π</span> <span class='ocrx_word' id='word_1_291' title='bbox 565 3516 672 3572; x_wconf 89' lang='lat' dir='ltr'><em>imp.</em></span> <span class='ocrx_word' id='word_1_292' title='bbox 695 3515 970 3560; x_wconf 84' lang='lat' dir='ltr'><em>Graecorum</em></span> <span class='ocrx_word' id='word_1_293' title='bbox 1001 3513 1152 3558; x_wconf 89' lang='lat' dir='ltr'><em>filiam.</em></span> <span class='ocrx_word' id='word_1_294' title='bbox 1272 3514 1318 3557; x_wconf 87' lang='lat'><em>4.</em></span> <span class='ocrx_word' id='word_1_295' title='bbox 1348 3512 1662 3569; x_wconf 89' lang='lat' dir='ltr'><em>Magdeburgi.</em></span> <span class='ocrx_word' id='word_1_296' title='bbox 1783 3512 1825 3555; x_wconf 88' lang='lat'><em>5.</em></span> <span class='ocrx_word' id='word_1_297' title='bbox 1856 3511 1954 3555; x_wconf 90' lang='lat' dir='ltr'><em>Iam</em></span> <span class='ocrx_word' id='word_1_298' title='bbox 1985 3523 2103 3555; x_wconf 87' lang='lat' dir='ltr'><em>anno</em></span> <span class='ocrx_word' id='word_1_299' title='bbox 2134 3511 2220 3554; x_wconf 81' lang='lat'><em>967</em></span> 
     </span>
     <span class='ocr_line' id='line_1_35' title="bbox 273 3584 2221 3646; baseline -0.003 -14"><span class='ocrx_word' id='word_1_300' title='bbox 273 3588 384 3633; x_wconf 87' lang='lat' dir='ltr'><em>Dec.</em></span> <span class='ocrx_word' id='word_1_301' title='bbox 408 3589 464 3633; x_wconf 80' lang='lat'><em>25</em></span> <span class='ocrx_word' id='word_1_302' title='bbox 496 3589 705 3635; x_wconf 86' lang='lat' dir='ltr'><em>Ottonem</em></span> <span class='ocrx_word' id='word_1_303' title='bbox 737 3590 801 3646; x_wconf 87' lang='lat' dir='ltr'><em>H,</em></span> <span class='ocrx_word' id='word_1_304' title='bbox 842 3592 1081 3646; x_wconf 89' lang='lat' dir='ltr'><em>praesente</em></span> <span class='ocrx_word' id='word_1_305' title='bbox 1111 3591 1261 3644; x_wconf 86' lang='lat' dir='ltr'><em>patre,</em></span> <span class='ocrx_word' id='word_1_306' title='bbox 1305 3600 1333 3630; x_wconf 90' lang='lat' dir='ltr'><em>a</em></span> <span class='ocrx_word' id='word_1_307' title='bbox 1361 3586 1561 3631; x_wconf 88' lang='lat' dir='ltr'><em>Iohanne</em></span> <span class='ocrx_word' id='word_1_308' title='bbox 1591 3585 1703 3629; x_wconf 93' lang='lat' dir='ltr'>XIII</span> <span class='ocrx_word' id='word_1_309' title='bbox 1741 3597 1952 3629; x_wconf 87' lang='lat' dir='ltr'><em>coronam</em></span> <span class='ocrx_word' id='word_1_310' title='bbox 1982 3584 2221 3640; x_wconf 84' lang='lat' dir='ltr'><em>imperato-</em></span> 
     </span>
     <span class='ocr_line' id='line_1_36' title="bbox 273 3664 948 3720; baseline 0 -13"><span class='ocrx_word' id='word_1_311' title='bbox 273 3664 385 3708; x_wconf 88' lang='lat' dir='ltr'><em>riam</em></span> <span class='ocrx_word' id='word_1_312' title='bbox 417 3665 645 3720; x_wconf 81' lang='lat' dir='ltr'><em>accepisse</em></span> <span class='ocrx_word' id='word_1_313' title='bbox 675 3668 832 3710; x_wconf 90' lang='lat' dir='ltr'><em>notum</em></span> <span class='ocrx_word' id='word_1_314' title='bbox 864 3667 948 3708; x_wconf 86' lang='lat' dir='ltr'><em>est.</em></span> 
     </span>
    </p>
   </div>
  </div>
 </body>
</html>
