2730 4198
501 295 610 348 518
831 309 1104 348 GREGoRn
1140 309 1219 346 vn
1255 307 1520 347 ansrm
1556 309 1657 345 vm
1683 307 1813 345 saco
1840 305 2039 353 (x.x11*.
2059 306 2111 355 2).

324 432 473 476 1083?
503 443 608 478 non
646 425 892 494 offendas,
933 425 1024 479 sed
1062 425 1126 478 ab
1166 440 1226 478 eo
1265 424 1400 477 sicut
1438 439 1470 476 a
1505 423 1732 494 pessimo
1769 424 1978 478 homine
2013 427 2066 478 et
2091 427 2442 480 excommuni-

505 526 618 575 cato
667 525 719 574 te
767 521 1053 587 custodias;
1104 520 1193 588 qui
1239 519 1515 588 nimirum,
1565 519 1883 572 audientiam
1927 535 2024 589 pro
2071 537 2247 574 amore
2283 526 2373 576 tuo
2411 539 2443 576 a

504 617 652 670 nobis
693 616 791 669 sibi
829 631 1126 669 concessam
1165 615 1457 683 declinans,
1507 618 1672 668 totum
1714 630 1770 667 se
1810 630 1842 667 a
1876 613 2059 684 planta
2094 616 2243 685 pedis
2279 633 2444 687 usque

506 712 571 764 ad
608 712 853 765 verticem
883 711 1212 764 anathemate
1237 709 1499 777 W(iberti)
1525 702 1843 763 Rafvennatis
1870 711 2282 765 commaculavit.
2341 712 2443 767 Pro

506 823 605 875 quo
646 806 838 860 scelere
877 807 1095 875 aliisque
1132 806 1300 876 culpis
1339 804 1767 876 praecedentibus
1808 808 1990 858 sancta
2025 806 2334 861 universalis
2361 824 2444 862 ec-

505 902 663 956 clesia
707 902 1181 973 irrecuperabiliter
1228 902 1521 972 depositum
1565 899 1838 954 maledixit
1876 903 1928 953 et
1965 901 2443 973 anathematizavit,

506 1003 558 1051 et
608 1001 868 1051 extorrem
908 998 1118 1051 omnino
1158 1015 1189 1051 a
1227 997 1590 1051 communione
1628 997 1788 1050 totius
1829 996 2109 1050 aecclesiae
2146 1013 2260 1051 esse
2298 998 2445 1052 adiu-

506 1093 712 1146 dicavit.
783 1092 1110 1164 Quapropter
1146 1093 1474 1147 nobilitatem
1511 1097 1658 1146 tuam
1695 1108 1992 1146 monemus:
2037 1095 2098 1145 ut
2133 1109 2238 1146 non
2276 1094 2446 1148 solum

506 1187 821 1240 adiutorium
847 1188 947 1241 sibi
971 1205 1076 1241 non
1100 1189 1391 1258 impendaS,
1430 1205 1612 1242 verum
1639 1188 1814 1255 etiam,
1843 1187 2090 1268 dominici
2116 1189 2287 1256 gregis
2311 1190 2446 1243 mul-

504 1283 779 1335 titudinem
804 1283 1018 1336 feditate
1038 1301 1133 1337 sua
1153 1284 1553 1352 commaculanS,
1575 1284 1639 1337 de
1657 1284 1829 1337 medio
1850 1288 2080 1337 vestrum
2100 1288 2161 1338 ut
2178 1285 2448 1354 putridum

506 1381 558 1430 et
595 1377 779 1430 inutile
805 1378 1098 1432 membrum
1123 1380 1293 1433 studio
1323 1385 1413 1434 tuo
1442 1379 1708 1433 evellatur.
1766 1379 2087 1447 Iniungimus
2115 1380 2273 1434 etiam
2297 1381 2447 1435 nobi-

503 1473 642 1525 litati
670 1477 806 1540 tuae,
846 1477 905 1526 ut
934 1472 1283 1542 G(erardum),
1323 1475 1569 1528 canonice
1608 1475 1828 1528 electum
1867 1479 1919 1528 et
1957 1475 2229 1530 ecclesiam
2255 1475 2448 1531 Terva-

505 1585 721 1620 nensem
758 1584 855 1637 per
888 1570 1080 1622 ostium
1116 1570 1172 1622 id
1206 1574 1285 1623 est
1309 1587 1403 1640 per
1429 1569 1695 1623 Christum
1719 1571 2115 1640 ingredientem,
2142 1571 2358 1626 honeste
2396 1577 2450 1626 et

505 1665 639 1717 sicut
660 1664 806 1718 decet
825 1665 1122 1734 suscipiatis
1143 1669 1195 1718 et
1215 1666 1278 1733 ei,
1291 1665 1610 1734 pastoralem
1631 1665 1931 1719 exhibentes
1951 1668 2313 1736 reverentiam,
2327 1684 2448 1722 con-

505 1760 679 1812 silium
709 1763 760 1813 et
799 1760 1053 1813 auxilium
1076 1760 1420 1830 impendatis3
1459 1765 1535 1829 ut,
1564 1761 1652 1829 qui
1676 1761 1732 1813 in
1759 1761 1920 1814 altero
1946 1761 2117 1815 Deum
2144 1761 2448 1832 offendistis,

504 1874 599 1927 per
629 1856 767 1910 hunc
792 1857 897 1926 ipsi
923 1856 1035 1910 Deo
1065 1860 1117 1910 et
1144 1856 1296 1910 beato
1324 1855 1479 1909 Petro
1508 1856 1763 1910 iustitiam
1791 1861 2021 1910 vestram
2060 1859 2446 1913 commendetis

505 2027 637 2090 VIII
665 2031 745 2089 60
781 2026 870 2101 (Χ.
896 2025 976 2087 XI
1003 2031 1082 2100 2).
1141 2032 1420 2088 Guilielmo
1447 2033 1485 2085 I
1515 2036 1631 2103 φερέ
1652 2034 1950 2104 Anylorum
1983 2036 2164 2089 scribit
2187 2037 2250 2089 de
2273 2048 2450 2091 mutuo

690 2132 826 2183 inter
862 2148 915 2181 se
953 2148 1143 2182 amore.
1219 2130 1394 2195 Dolet,
1439 2131 1580 2199 quod
1612 2148 1922 2199 qermanum
1957 2150 2110 2184 suum
2151 2132 2383 2186 Odonem
2421 2133 2459 2185 Ι

692 2228 991 2296 episcopum
1027 2226 1369 2278 Baiocensem
1405 2228 1464 2278 in
1503 2217 1791 2279 custodiam
1828 2229 2120 2281 tradiderit.

329 2344 478 2389 1083?
658 2333 941 2402 Gregorius
1001 2335 1275 2404 episcopus
1325 2351 1505 2388 servus
1558 2351 1826 2388 servorum
1874 2336 1974 2389 Dei
2023 2334 2294 2391 Gilielmo¹
2339 2338 2452 2406 regi

508 2430 802 2498 Anglorum
841 2430 1063 2483 salutem
1102 2433 1155 2484 et
1192 2429 1532 2500 apostolicam
1571 2430 1998 2485 benedictionem.

659 2525 961 2579 Communis
1002 2542 1148 2579 amor
1186 2530 1239 2579 et
1276 2526 1479 2579 sincera
1515 2525 1737 2595 devoti0,
1778 2544 1935 2597 quam
1973 2544 2096 2595 erga
2119 2527 2330 2581 beatum
2354 2527 2452 2582 Pe-

510 2625 650 2674 trum
689 2622 983 2692 apostolum
1021 2622 1266 2690 gerimUS,
1306 2639 1369 2676 ex
1407 2622 1561 2691 longo
1599 2624 1707 2677 iam
1743 2627 1978 2694 tempore
2014 2623 2152 2678 inter
2188 2640 2284 2677 nos
2322 2624 2453 2677 ami-

511 2716 688 2770 citiam
734 2718 933 2784 iunxit3
984 2722 1140 2786 atque
1190 2718 1318 2771 adeo
1356 2718 1580 2773 invicem
1627 2719 1750 2773 inde
1786 2720 1954 2788 magis
1994 2719 2281 2788 convaluit,
2331 2720 2454 2789 quia

513 2818 564 2867 et
602 2830 695 2881 ego
735 2817 787 2868 te
825 2831 954 2884 prae
993 2814 1178 2868 ceteris
1212 2814 1290 2867 tui
1316 2815 1512 2868 ordinis
1541 2815 1855 2885 apostolicae
1881 2815 1992 2869 sedi
2018 2816 2260 2869 devotum
2288 2815 2452 2868 anim-

513 2909 730 2978 adverti,
772 2913 824 2963 et
859 2914 952 2963 tua
987 2927 1073 2963 me
1111 2909 1364 2964 claritudo
1402 2911 1540 2964 inter
1579 2911 1781 2980 aliquos
1818 2912 2242 2982 praedecessores
2278 2919 2451 2965 meos⁵

512 3006 651 3059 circa
675 3005 925 3059 honorem
953 3006 1268 3076 apostolicae
1295 3007 1433 3060 sedis
1461 3007 1681 3061 credidit
1707 3007 1930 3078 amplius
1957 3007 2251 3062 desudasse.
2290 3005 2451 3060 Deni-

513 3118 629 3170 que,
670 3118 788 3155 cum
826 3102 882 3155 in
918 3101 1072 3155 malis
1110 3102 1343 3156 moribus
1381 3103 1523 3156 idem
1559 3098 1694 3158 velle
1725 3107 1776 3157 et
1800 3104 1938 3158 nolle
1962 3103 2303 3174 pernitiosam
2329 3118 2452 3172 sepe

511 3197 791 3251 factionem
829 3196 1085 3266 conficiat,
1126 3215 1448 3267 consequens
1487 3199 1709 3269 videtur,
1748 3205 1808 3254 ut
1843 3201 1897 3253 in
1936 3199 2085 3253 bonis
2121 3197 2276 3251 rebus
2311 3197 2452 3251 idem

513 3294 743 3347 studium
782 3294 1045 3363 animique
1085 3294 1401 3348 desiderium
1439 3296 1643 3349 diverso
1683 3295 1967 3365 quamlibet
2000 3294 2168 3364 spatio
2193 3296 2453 3347 terrarum

514 3390 799 3444 disiunctos
837 3391 892 3443 in
928 3407 1092 3443 unum
1123 3390 1416 3444 dilectionis
1443 3391 1645 3460 glutino
1672 3390 1892 3462 copulet.
1951 3389 2163 3457 Verum,
2191 3388 2314 3443 licet
2339 3389 2452 3458 qui-

514 3484 634 3537 dam
671 3486 847 3552 regiae
885 3486 1161 3556 potestatis
1199 3504 1306 3540 non
1342 3487 1606 3541 modicum
1643 3486 1852 3541 doleant
1889 3489 1941 3539 et
1975 3484 2032 3538 in
2057 3502 2152 3538 nos
2180 3484 2454 3555 sepissime

513 3585 856 3650 murmurent,
881 3598 936 3635 se
963 3582 1343 3651 quodammodo
1371 3583 1650 3652 contemni,
1670 3581 1817 3637 cumb
1845 3583 2143 3651 querantur,
2166 3597 2222 3635 se
2245 3597 2352 3636 non
2377 3581 2455 3636 sic

634 3688 672 3731 l.
703 3688 739 3731 I.
1045 3710 1078 3735 a.
1111 3700 1199 3736 tuos
1226 3714 1258 3736 c.
1387 3700 1424 3737 b.
1452 3710 1523 3737 con
1549 3714 1582 3737 c.
