2722 4172
784 257 1059 296 GREGORII
1095 260 1174 296 vn
1211 259 1476 297 REGISTRI
1511 259 1555 297 11
1581 258 1641 296 56.
1668 259 1729 296 57.
2127 247 2227 299 177

287 375 436 442 cepto
482 371 844 442 obtemperare
888 375 1141 444 noluerit,
1191 375 1487 429 omnimodo
1536 393 1566 429 a
1615 391 1833 445 corpore
1881 378 1935 428 et
1980 377 2231 443 sanguine

285 467 499 525 Domini
537 472 791 538 arceatur,
831 470 994 524 donec
1030 489 1124 542 per
1163 471 1513 525 obedientiam
1539 471 1706 525 discat
1731 474 1942 524 sanctae
1966 470 2231 526 Romanae

286 563 532 622 ecclesiae
571 563 704 617 colla
743 566 1065 634 submittere,
1105 567 1189 619 cui
1225 584 1321 637 per
1354 567 1763 621 inobedientiam
1787 584 1894 620 non
1920 566 2126 620 erubuit
2150 585 2231 621 re-

285 658 571 713 calcitrare.
632 659 690 712 Si
726 677 849 714 vero
899 661 1059 730 legati
1105 664 1273 716 nostri
1313 663 1378 716 ad
1418 662 1709 716 Galliarum
1747 667 1924 732 partes
1963 679 2127 731 usque
2167 663 2232 715 ad

284 754 546 808 Kalendas
585 755 822 810 Octobris
865 757 1048 826 ierint,
1098 762 1218 811 ante
1255 758 1607 828 praesentiam
1646 758 1859 811 illorum
1897 775 1952 811 se
1988 762 2232 828 paratum

283 851 351 904 ad
399 853 832 922 expurgationem
882 871 1030 906 suam
1074 858 1412 923 praesentare
1450 858 1709 923 procuret.
1782 853 1875 907 Sin
1915 858 2116 921 autem,
2167 854 2232 906 ad

282 947 623 1002 festivitatem
662 950 894 1002 omnium
934 945 1262 1002 sanctoruml
1289 953 1408 1001 ante
1447 965 1542 1002 nos
1584 966 1638 1002 se
1666 949 2064 1019 expurgandum
2090 950 2234 1002 omni

283 1043 553 1098 occasione
591 1049 795 1098 remota
830 1049 1145 1115 praesentet.
1202 1044 1342 1098 Data
1380 1044 1574 1098 Romae
1614 1047 1649 1097 4
1674 1044 1852 1098 Nonas
1878 1044 2113 1114 MartiaS,
2153 1045 2232 1097 in-

283 1139 509 1194 dictione
554 1142 635 1194 13.

281 1310 332 1372 II
367 1316 467 1373 57.
502 1317 814 1370 Faesulanis
846 1319 1138 1388 praecipit,
1179 1328 1238 1370 ut
1273 1320 1330 1370 in
1371 1319 1611 1371 ecclesiae
1652 1319 1922 1372 Romanae
1961 1321 2024 1372 de
2069 1318 2230 1372 Tras-

501 1415 694 1466 mundo
742 1416 983 1484 episcopo
1034 1417 1286 1467 sententia
1334 1417 1689 1485 acquiescant,
1745 1434 1846 1466 neu
1894 1418 2231 1485 querimoniis

501 1511 733 1580 repetitis
773 1510 1012 1562 ecclesiae
1050 1529 1173 1562 suae
1211 1512 1519 1564 detrimenta
1556 1511 1916 1581 multiplicent.

429 1618 710 1687 Gregorius
750 1620 1025 1690 episcopus
1067 1637 1247 1673 servus
1287 1638 1556 1674 servorum
1584 1621 1684 1674 Dei
1709 1620 1750 1673 F
1755 1621 1968 1674 esulano
2008 1620 2145 1674 clero
2182 1624 2233 1674 et

279 1715 490 1786 populo,
529 1716 815 1769 maioribus
855 1716 1097 1770 videlicet
1136 1721 1290 1786 atque
1330 1717 1638 1783 minoribuS,
1681 1716 1904 1770 salutem
1945 1720 1996 1770 et
2024 1721 2232 1787 aposto-

277 1811 434 1864 licam
473 1811 904 1865 benedictionem.

427 1907 681 1961 Miramur
730 1908 882 1976 satis,
937 1909 1076 1977 quod
1126 1908 1189 1962 de
1237 1925 1393 1962 causa
1433 1909 1747 1962 Trasmundi
1799 1908 2031 1978 episcopi
2069 1909 2233 1961 vestri

278 2003 543 2058 Romanae
582 2004 829 2057 ecclesiae
869 2004 1076 2072 sufficit,
1118 2005 1430 2073 quibusdam
1470 2009 1701 2058 vestrum
1729 2021 1834 2057 non
1873 2003 2139 2071 sufficere3
2180 2009 2232 2058 et

280 2109 398 2154 eos⁰
432 2098 829 2169 querimoniam,
870 2100 1049 2153 multis
1090 2117 1150 2153 ac
1189 2101 1450 2154 diuturnis
1487 2101 1913 2169 inquisitionibus
1952 2100 2112 2153 immo
2153 2100 2230 2152 di—

278 2196 414 2248 vinis
452 2196 659 2249 indiciis
700 2196 766 2248 ad
802 2195 961 2250 finem
992 2197 1315 2266 perductam,
1356 2195 1631 2266 superfluis
1660 2196 2122 2266 disceptationibus
2149 2213 2231 2250 re-

276 2295 472 2362 petere,
514 2295 565 2345 et
603 2292 678 2345 sic
703 2291 993 2345 Fesulanae
1032 2293 1279 2347 ecclesiae
1318 2297 1439 2363 post
1475 2293 1656 2360 longas
1696 2292 2061 2346 tribulationes
2087 2292 2230 2361 ipsas

276 2387 524 2456 reliquias
566 2404 885 2442 consumere.
949 2388 1005 2442 Si
1046 2389 1184 2442 enim
1225 2389 1499 2459 episcopus
1540 2391 1789 2458 omnium,
1831 2405 1964 2458 quae
2003 2388 2103 2441 sibi
2142 2388 2230 2442 ob-

276 2484 412 2537 iecta
449 2488 585 2552 sunt,
625 2502 745 2538 reus
785 2489 1051 2538 teneretur
1091 2489 1142 2539 et
1180 2485 1356 2538 divino
1394 2485 1619 2538 indiciob
1661 2490 1815 2554 atque
1854 2485 2084 2538 humana
2110 2501 2231 2538 exa-

276 2580 561 2633 minatione
587 2581 836 2635 innocens
863 2598 966 2634 non
996 2582 1391 2652 approbaretur,
1433 2581 1639 2635 deceret
1663 2585 1858 2649 tamen,
1889 2598 1981 2634 vos
2008 2584 2231 2634 matrem

277 2681 523 2743 vestram,
562 2676 603 2728 F
609 2676 875 2730 esulanam
914 2678 1155 2731 videlicet
1194 2678 1482 2746 ecclesiam,
1530 2694 1661 2746 quae
1699 2694 1806 2730 non
1842 2677 2093 2748 peccavit,
2132 2677 2230 2729 im-

276 2789 488 2825 munem
527 2773 813 2840 custodire,
865 2777 916 2826 et
961 2774 1247 2827 vindictam
1282 2774 1547 2844 peccantis
1588 2774 1820 2844 episcopi
1858 2774 1914 2826 in
1953 2773 2229 2826 ecclesiaec

277 2868 645 2922 detrimentum
689 2869 1147 2938 confusionemque
1181 2870 1396 2923 minime
1427 2874 1744 2923 convertere.
1804 2869 2027 2922 Deceret
2053 2869 2228 2936 etiam,

275 2969 360 3033 ut,
407 2981 537 3034 quos
575 2965 886 3018 miserabilis
925 2970 1207 3035 paupertas
1248 2970 1299 3019 et
1335 2966 1519 3019 ruina‘¹
1560 2966 1806 3019 ecclesiae
1844 2969 2049 3019 vestrae
2088 2981 2229 3017 com-

276 3061 521 3131 patiendo
570 3078 677 3114 non
725 3061 921 3128 tangit,
982 3061 1084 3113 eis⁰
1134 3063 1447 3115 verecundia
1495 3062 1688 3116 saeculi
1738 3065 1789 3115 et
1834 3057 2127 3114 infirmata²
2177 3065 2230 3113 et

277 3157 486 3210 omnino
527 3158 850 3227 contemptui
887 3156 1067 3210 habita
1106 3158 1306 3225 questio
1347 3162 1521 3212 vestra
1552 3158 1819 3211 silentium
1844 3157 2112 3226 imponere
2140 3155 2227 3208 de-

275 3251 487 3306 buisset.
547 3253 697 3307 Unde
737 3254 1102 3320 admonemUS,
1153 3256 1211 3305 ut
1248 3254 1384 3306 inter
1423 3272 1514 3308 vos
1554 3253 1772 3307 ulterius
1811 3269 1917 3305 non
1957 3253 2063 3304 sint
2102 3252 2227 3304 scis-

276 3353 418 3402 mata
456 3353 508 3403 et
546 3350 929 3416 contentiones;
980 3349 1088 3417 sed,
1130 3349 1268 3418 quod
1304 3366 1399 3402 nos
1440 3350 1711 3417 sentimUS,
1754 3348 1892 3417 quod
1929 3347 2079 3400 nobis
2121 3348 2227 3400 suf-

393 3515 425 3540 a.
453 3514 518 3540 eos
547 3504 696 3541 addidi.
856 3503 892 3540 b.
919 3503 1059 3540 iudicio
1089 3518 1120 3539 r.
1276 3514 1307 3539 c.
1345 3503 1514 3550 episcopi
1540 3503 1581 3538 in
1609 3502 1790 3539 ecclesiae
1821 3501 1970 3539 addidi.
2015 3503 2076 3547 Cf.
2105 3503 2227 3539 Giese-

279 3568 400 3605 breche
427 3570 473 3606 de
499 3584 565 3606 em.
583 3584 659 3621 reg.
683 3584 722 3618 p.
743 3570 803 3607 35.
961 3570 997 3606 d.
1026 3569 1136 3621 ruine?
1164 3583 1194 3606 c.
1351 3580 1384 3605 e.
1413 3569 1467 3606 eis
1496 3569 1647 3605 addidi.

397 3647 437 3690 1.
469 3647 584 3692 Nov.
609 3649 648 3692 1.
800 3650 841 3693 2.
873 3649 902 3692 i.
925 3660 963 3692 e.
996 3648 1134 3691 irrita.

359 3726 488 3767 JArn‘..
514 3729 752 3765 Bibliotheca
777 3731 823 3766 11.
1817 3728 1872 3770 12

2280 382 2392 426 1075

2259 442 2365 479 Mart.
2386 444 2411 480 4

2280 1628 2394 1671 1075

2261 1687 2369 1724 Mart.
2390 1688 2412 1726 5
