2730 4198
518 284 628 340 522
895 298 1169 337 GREGORII
1204 300 1282 335 vn
1317 297 1626 336 EmsToLAE
1665 298 2009 337 GOLLEGTAE.
2040 299 2075 335 2.

522 415 578 472 2.
631 417 852 471 clericos·
879 428 926 470 et
944 417 1219 469 monachos
1250 415 1705 469 Vallumbrosanos
1731 416 1985 482 hortatur,
2014 427 2213 470 servent
2237 417 2454 472 Ioannis

633 511 904 568 Gualbertz·
939 513 1139 564 abbatis
1177 512 1529 581 disciplinam.
1587 511 1762 563 Deum
1797 524 2087 582 precentur,
2129 524 2188 566 ut
2210 516 2337 567 satis
2374 517 2454 567 vi-

626 611 765 662 rium
801 610 873 660 ad
905 608 1187 677 qen-endum
1215 607 1579 677 pontificatum
1615 607 1718 659 sibi
1754 609 2039 661 concedat&

373 730 486 773 1073
665 717 946 786 Gregorius
973 717 1246 787 episcopus
1275 733 1454 770 servus
1481 733 1749 770 servorum
1767 716 1868 770 Dei
1893 717 2112 787 clericis,
2138 717 2406 772 monachis
2416 717 2454 788 '’,

518 814 846 884 disciplinam
886 817 1095 867 sanctae
1131 812 1505 866 recordationis
1542 812 1750 866 Ioannis
1778 811 2050 867 Gualberti
2082 811 2314 869 abbatis¹
2336 814 2456 868 imi-

516 910 763 978 tantibuS,
806 909 1027 964 salutem
1066 913 1118 963 et
1156 908 1492 979 apostolicam
1529 908 1958 962 benedictionem.

662 1004 810 1059 Licet
844 1006 1170 1059 venerandae
1207 1005 1488 1058 memoriae
1527 1004 1766 1058 eumdem
1802 1004 2075 1073 Ioannem,
2123 1007 2331 1075 patrem
2367 1021 2456 1060 ve-

516 1105 709 1169 strum,
759 1101 1022 1171 corporeis
1071 1100 1231 1155 oculis
1278 1117 1383 1153 non
1429 1100 1740 1169 viderimus,
1789 1099 1911 1169 quia
1956 1104 2133 1154 tamen
2174 1099 2297 1154 fidei
2346 1101 2456 1155 eius

514 1197 716 1267 puritas
754 1197 812 1250 in
838 1197 1056 1250 Tusciae
1094 1195 1331 1267 partibus
1365 1195 1674 1250 mirabiliter
1699 1196 2037 1266 resplenduit,
2076 1195 2298 1250 multum
2337 1213 2456 1251 eum

517 1309 692 1345 amore
740 1292 1033 1344 dileximus,
1113 1290 1300 1345 Cuius⁰
1341 1295 1552 1346 sanctae
1601 1291 2041 1346 conversationisd
2081 1292 2317 1362 quamvis
2362 1309 2456 1347 vos

514 1387 802 1440 imitatores
843 1404 955 1440 esse
992 1404 1098 1440 non
1137 1387 1449 1455 ambigimus
1461 1395 1494 1456 ⁰,
1532 1391 1592 1441 ut
1628 1388 1776 1456 vigor
1808 1389 2134 1443 rectitudinis
2159 1391 2365 1443 vestrae
2391 1387 2457 1442 ad

516 1482 882 1552 extirpandam
907 1482 971 1535 de
998 1499 1121 1550 agro
1152 1482 1409 1535 dominico
1445 1484 1702 1537 zizaniam
1729 1484 2000 1539 sollicitius
2025 1485 2264 1553 invigilet
2289 1489 2456 1539 atten-

513 1579 721 1647 tiusque
758 1578 974 1646 ferveat,
1012 1581 1263 1647 paternae
1300 1578 1447 1632 vobis
1487 1579 1861 1634 exhortationis
1891 1581 2052 1635 verba
2086 1580 2453 1650 impendimus.

514 1674 620 1727 Vos
667 1674 847 1742 itaque
893 1673 1244 1742 dilectissimi,
1292 1673 1349 1726 in
1398 1678 1650 1742 quantum
1694 1676 1923 1730 humana
1969 1676 2289 1746 possibilitas
2337 1692 2458 1746 per-

513 1770 692 1838 mittit,
731 1770 895 1823 vitam
931 1769 1074 1822 illius
1113 1772 1385 1838 sequentes
1425 1773 1478 1823 et
1514 1787 1635 1824 vere
1671 1769 1806 1825 filios
1846 1772 1956 1825 eius
1994 1770 2068 1825 et‘
2100 1772 2347 1826 haeredes
2387 1772 2458 1826 si-

512 1865 626 1919 mili
650 1882 743 1919 vos
781 1865 1174 1919 conversatione
1207 1865 1505 1935 probanteS,
1543 1866 1764 1921 viriliter
1791 1867 1927 1935 agite
1940 1864 1974 1936 ²,
2016 1871 2068 1921 et
2093 1867 2459 1922 confortamini

510 1963 567 2015 in
591 1962 816 2016 Domino
857 1966 909 2015 et
945 1961 1000 2014 in
1037 1962 1304 2032 potentiag
1328 1962 1537 2016 virtutis
1580 1958 1737 2017 cius³.
1796 1963 2124 2017 Documenta
2161 1968 2454 2018 sanctarum

513 2058 908 2129 scripturarum,
938 2058 1123 2127 quibus
1149 2058 1532 2137 haeretic-orum
1559 2063 1866 2128 argumenta
1891 2060 2228 2114 destruuntur
2253 2063 2305 2114 et
2328 2059 2457 2114 fides

513 2158 722 2209 sanctae
761 2154 1009 2209 ecclesiae
1046 2154 1341 2208 defenditur
1367 2161 1547 2210 contra
1570 2156 1805 2210 membra
1830 2156 2039 2225 diaboli,
2081 2171 2212 2226 quae
2238 2156 2457 2210 diversis

513 2251 983 2305 machinationibus
1023 2251 1362 2305 christianam
1399 2253 1704 2320 religionem
1743 2257 1997 2306 conantur
2024 2257 2270 2322 evertere,
2307 2269 2456 2306 mens

513 2351 690 2402 vestra
729 2347 960 2416 quotidie
997 2347 1293 2416 meditetur,
1335 2352 1385 2401 ct
1424 2365 1486 2402 ea
1523 2365 1624 2416 qua
1663 2348 1795 2402 solet
1829 2347 2070 2401 libertate
2106 2349 2162 2400 in
2198 2348 2457 2401 malorum

512 2443 814 2497 confusione
854 2442 1097 2510 erigatur.
1168 2441 1273 2495 Eos
1312 2459 1453 2511 ver0,
1494 2444 1583 2512 qui
1619 2443 1675 2496 in
1711 2444 1858 2498 vobis
1898 2442 2162 2497 confidunt
2199 2447 2251 2497 et
2287 2444 2457 2498 consi-

512 2539 640 2592 lium
684 2538 952 2606 religionis
989 2541 1195 2592 vestrae
1244 2539 1392 2608 sequi
1439 2538 1745 2610 disponunt,
1794 2557 1939 2593 more
1987 2539 2244 2610 praedicti
2289 2539 2456 2610 patris

512 2636 675 2690 vestri
713 2634 960 2705 suscipite
999 2637 1051 2687 et
1089 2634 1152 2688 de
1189 2634 1287 2703 his,
1330 2651 1461 2703 quae
1500 2635 1567 2689 ad
1605 2636 1823 2690 salutem
1864 2652 2044 2689 eorum
2081 2635 2343 2706 pertinere
2379 2635 2457 2689 vi-

513 2731 727 2800 dentur,
776 2731 968 2784 sanctis
1008 2730 1455 2784 exhortationibus
1492 2732 1761 2799 instruite3
1809 2736 1893 2800 ut,
1931 2749 2038 2785 non
2076 2731 2245 2784 solum
2283 2734 2457 2785 vestra

513 2828 605 2882 sed
643 2831 696 2881 et
731 2844 824 2881 vos
863 2828 1188 2895 sequentium
1228 2827 1584 2897 circumpositi
1633 2828 1814 2899 populi
1852 2828 2239 2882 considerantes
2278 2830 2457 2880 sancta

512 2940 687 2994 opera,
727 2921 1017 2991 glorificent
1054 2927 1258 2993 patrem
1295 2927 1543 2993 vestrum,
1586 2926 1674 2993 qui
1711 2925 1768 2978 in
1806 2924 1963 2978 coelis
1998 2927 2091 2977 est.
2148 2923 2255 2978 Nos
2282 2927 2454 2978 autem

510 3021 687 3090 ipsum
726 3036 982 3089 amorem,
1033 3037 1187 3088 quem
1227 3020 1369 3090 patri
1405 3023 1579 3074 vestro
1627 3024 1680 3075 et
1725 3021 1871 3075 vobis
1920 3020 2044 3074 olim
2087 3019 2453 3091 impendimUS,

512 3116 676 3170 donec
712 3119 919 3169 nostros
958 3115 1173 3186 spiritus
1211 3116 1410 3170 rexerit
1448 3121 1591 3170 artus
1602 3114 1636 3186 ⁴,
1686 3117 1930 3171 exhibere
1977 3115 2354 3182 desideramus;
2404 3119 2456 3170 et

510 3215 657 3266 tanto
706 3212 915 3282 quidem
963 3213 1206 3283 deinceps
1254 3212 1443 3266 maiori
1487 3230 1579 3267 vos
1628 3213 1844 3267 caritate
1889 3212 2208 3279 fovebimuS,
2259 3214 2453 3280 quanto

627 3348 660 3374 a.
695 3339 849 3387 Legitur
884 3335 921 3384 1)
950 3340 987 3374 in
1013 3340 1097 3375 Act.
1116 3339 1245 3376 Sanct.
1263 3339 1355 3375 Iulii
1380 3341 1418 3375 T.
1436 3341 1501 3375 III
1526 3339 1622 3384 329,
1664 3336 1701 3385 2)
1732 3352 1792 3386 ap.
1814 3339 2017 3375 Baronium
2042 3337 2181 3374 Annal.
2202 3337 2291 3372 eccl.
2310 3338 2454 3373 Romae

513 3402 612 3440 1605
641 3406 680 3442 Τ.
698 3406 761 3442 XI
786 3403 874 3441 437.
991 3403 1028 3441 b.
1057 3415 1100 3440 ac
1126 3403 1313 3450 religiosis
1339 3404 1447 3441 laicis
1477 3405 1570 3441 add.
1591 3405 1626 3441 2.
1743 3415 1775 3440 c.
1803 3403 1852 3440 ad
1877 3403 1983 3440 cuius
2009 3404 2046 3439 1.
2163 3400 2199 3438 d.
2229 3401 2351 3438 delevi
2375 3402 2450 3438 stu·

512 3468 615 3505 dium
642 3470 676 3505 1.
698 3471 734 3506 2.
864 3482 896 3506 e.
923 3472 990 3507 sic.
1120 3469 1146 3507 f.
1176 3471 1213 3506 et
1240 3484 1309 3506 om.
1333 3471 1368 3507 1.
1499 3480 1533 3516 g.
1560 3470 1744 3518 patientia
1770 3470 1805 3505 1.
1828 3470 1864 3505 2.

632 3541 672 3583 1.
706 3540 783 3595 qui
807 3539 1211 3586 Vallumbrosanae
1242 3541 1607 3597 congregationis
1637 3540 1867 3584 institutor
1896 3537 2008 3583 obiit
2037 3538 2080 3582 d.
2105 3539 2161 3582 12
2190 3539 2292 3583 Iulii
2322 3539 2452 3584 1073.

512 3613 554 3656 2.
588 3613 613 3656 1
636 3611 834 3658 Corinth.
858 3614 928 3671 16,
951 3615 1021 3658 13.
1149 3615 1191 3658 3.
1222 3614 1390 3670 Ephes.
1414 3615 1454 3670 6,
1479 3615 1548 3658 10.
1675 3613 1718 3657 4.
1751 3612 1909 3668 Virgil.
1930 3610 2046 3656 Aen.
2067 3611 2134 3658 IV
2154 3612 2262 3657 336:
2298 3611 2453 3670 „Dum

512 3698 684 3730 memor
712 3686 810 3742 ipse
839 3687 941 3744 mei,
973 3687 1081 3731 dum
1112 3687 1296 3743 spiritus
1325 3687 1408 3732 hos
1438 3687 1556 3743 regit
1586 3690 1710 3731 artus
1724 3685 1761 3729 “.
