2730 4198
813 301 1089 340 GREGORII
1124 303 1205 339 vn
1239 301 1504 340 REGISTRI
1539 302 1599 339 vr
1625 302 1686 338 21.
1713 301 1774 337 22.
2157 288 2263 341 359

327 437 468 488 mus,
521 419 587 473 ad
632 419 923 488 profectum
959 422 1191 472 vestrum
1228 418 1375 472 vobis
1414 418 1658 472 exhibere
1693 420 1994 487 promptam
2032 420 2084 471 et
2120 418 2266 472 inde·
2313 425 2426 469 1079

326 517 517 570 fessam
542 513 865 568 voluntatem
900 515 1143 582 gerimus
1259 513 1494 582 Caetera,
1535 530 1667 582 quae
1692 513 1912 566 dicenda
1938 517 2075 581 sunt,
2114 513 2268 566 fratri

325 615 502 664 nostro
541 609 859 677 Leodegario
897 610 1245 676 iniunximus3
1285 609 1430 662 cuius
1468 608 1734 676 legationi,
1775 612 2026 676 quantum
2067 608 2133 661 ad
2169 608 2267 662 hoc

324 706 553 776 pertinet
586 706 874 774 negocium,
912 705 988 758 ita
1025 705 1142 758 volo
1179 709 1238 758 ut
1276 703 1516 771 credatiS,
1559 719 1619 756 ac
1657 703 1702 755 si
1741 720 1772 755 a
1807 703 1957 756 nobis
1995 703 2116 756 viva
2140 719 2267 757 voce

323 801 379 854 in
418 801 629 855 auribus
669 801 857 855 vestris
898 801 1207 854 dicerentur.
1267 799 1406 852 Data
1442 797 1639 851 Romae
1676 797 1926 851 Kalendis
1953 797 2146 867 Martii,
2184 799 2265 852 in-

323 897 548 951 dictione
587 898 637 950 2.

322 1067 528 1130 V122.
563 1074 816 1126 Mathildi
850 1070 1087 1124 rescribit
1123 1071 1186 1121 de
1218 1040 1526 1122 Theoderici
1561 1071 1708 1122 ducis
1734 1069 2112 1140 Locharz'nyiae
2150 1089 2263 1123 ma-

562 1170 832 1229 trimoni03
881 1168 944 1219 de
980 1183 1117 1235 pace
1163 1182 1279 1217 eum
1316 1182 1435 1234 φερε
1473 1167 1830 1235 componenda
1841 1185 1858 1228 ,-
1909 1167 1972 1218 de
2010 1167 2137 1219 duce
2176 1185 2262 1220 ex-

561 1264 948 1316 communicato.

471 1372 750 1440 Gregorius
791 1370 1065 1439 episcopus
1105 1385 1285 1422 servus
1326 1385 1597 1423 servorum
1623 1369 1724 1423 Dei
1764 1370 1949 1424 dilecte
1973 1371 2029 1424 in
2057 1370 2262 1426 Christo

317 1467 455 1520 filiae
493 1466 734 1520 Mathildi
772 1465 992 1518 salutem
1033 1469 1085 1518 et
1123 1464 1464 1534 apostolicam
1503 1465 1932 1519 benedictionem.

464 1561 735 1630 Quoniam,
777 1561 938 1614 animi
974 1560 1142 1614 nostri
1167 1560 1490 1614 voluntatem
1517 1578 1674 1631 super
1701 1579 1761 1615 ea
1785 1579 1843 1616 re
1871 1563 2002 1616 scire
2030 1562 2260 1632 cupienS,

315 1657 507 1711 misisti
543 1657 720 1725 nobiS,
771 1656 910 1726 quod
948 1655 1300 1709 Theodoricus
1340 1653 1475 1709 dux¹
1514 1661 1721 1727 optaret
1761 1657 1861 1711 sibi
1899 1658 2136 1725 coniugio
2176 1675 2261 1712 co-

315 1753 497 1823 pulare
546 1753 809 1822 quondam
858 1768 1077 1805 uxorem
1124 1751 1441 1805 marchionis
1480 1749 1737 1821 Petroni²,
1784 1754 2093 1806 mandamus
2138 1753 2259 1808 tibi:

314 1849 403 1903 ille
439 1865 546 1903 non
583 1853 663 1902 est
702 1847 829 1901 adeo
868 1851 1023 1900 notus
1061 1846 1238 1916 nobiS,
1286 1863 1383 1902 nec
1418 1847 1511 1902 illa
1547 1848 1697 1902 nobis
1734 1848 1812 1902 ita
1849 1849 2152 1918 commissa,
2201 1854 2261 1903 ut

317 1944 513 2014 aliquid
549 1944 671 1997 inde
710 1960 862 2011 agere
900 1942 1138 1996 velimus.

462 2039 542 2093 De
590 2039 772 2093 eodem
811 2039 940 2092 duce
977 2039 1106 2092 item
1144 2036 1475 2107 significasti,
1525 2039 1689 2108 quod,
1741 2040 1786 2093 si
1822 2039 2054 2110 placeret
2090 2040 2259 2109 1101018,

315 2137 378 2190 (10
427 2135 786 2206 componenda
832 2151 961 2204 pace
1008 2135 1147 2188 inter
1192 2151 1287 2187 nos
1335 2138 1387 2187 et
1423 2134 1729 2188 Heinricum
1776 2152 1953 2204 regem
2000 2152 2055 2189 se
2093 2136 2257 2189 intro-

312 2231 558 2285 mitteret.
620 2229 787 2300 Super
824 2230 922 2283 hoc
954 2230 1131 2299 itaque
1169 2229 1569 2300 respondemus:
1610 2230 1814 2299 legatus
1852 2232 1991 2299 regis
2025 2232 2081 2284 in
2106 2248 2258 2301 prae-

313 2327 481 2381 sentia
517 2325 827 2379 universalis
866 2325 1053 2395 synodi
1089 2326 1284 2379 iuravit
1322 2343 1387 2379 ex
1423 2330 1705 2396 praecepto
1745 2326 1942 2380 domini
1982 2328 2086 2396 sui,
2138 2345 2258 2381 eum

310 2423 503 2476 nostris
551 2421 813 2475 mandatis
861 2439 956 2492 per
1005 2422 1181 2475 omnia
1228 2422 1707 2491 obtemperaturum
1720 2418 1753 2476 ³.
1831 2421 1913 2476 Ea
1951 2439 2155 2492 quoque
2194 2423 2258 2476 de

313 2534 470 2572 causa
507 2521 558 2571 et
595 2535 687 2587 spe
724 2535 820 2571 nos
858 2519 966 2571 iam
1003 2518 1210 2572 misisse
1247 2517 1448 2586 legatos
1475 2522 1698 2587 nostrOS,
1739 2518 1891 2573 credo
1917 2522 2064 2572 tuam
2091 2519 2256 2573 scien-

312 2615 441 2668 tiam
476 2630 583 2666 non
618 2613 798 2667 latere.
1869 2596 1872 2608 ’

458 2708 984 2763 Excommunicatum
1020 2725 1142 2762 vero
1168 2709 1275 2762 iam
1303 2725 1458 2779 saepe
1485 2709 1683 2763 dictum
1710 2710 1891 2764 ducem
1920 2711 1983 2764 ab
2011 2711 2254 2781 episcopo

309 2801 583 2859 Mettensi⁴¹
621 2805 744 2873 quia
779 2821 885 2857 non
921 2805 1149 2872 ignoraS,
1188 2821 1284 2858 nos
1324 2806 1612 2859 sententiae
1643 2806 1700 2859 in
1724 2806 1874 2859 illum
1900 2807 2135 2877 prolatae
2161 2824 2254 2861 no-

308 2900 446 2954 veris
487 2917 755 2954 assensum
797 2900 1001 2954 dedisse
1041 2904 1092 2953 et
1130 2917 1245 2953 eam
1269 2899 1578 2970 firmavisse,
1618 2902 1721 2954 nisi
1745 2902 1885 2955 infra
1911 2903 2097 2970 viginti
2125 2903 2251 2971 dies,

307 3000 586 3067 postquam
623 2996 872 3049 mandata
908 2999 1090 3049 nostra
1126 2996 1411 3064 resciverit,
1449 2997 1607 3050 iussis
1644 2998 1839 3051 nostris
1879 2998 2164 3051 oboedierit
2202 3002 2255 3052 et

306 3093 410 3146 nisi
448 3093 715 3146 civitatem
753 3096 805 3146 et
839 3092 978 3145 bona
1017 3091 1184 3144 sancti
1223 3091 1492 3161 Stephani,
1541 3109 1672 3161 quae
1709 3094 1902 3146 iniuste
1940 3094 2149 3161 invasit,
2189 3093 2252 3146 li-

308 3189 433 3242 bera
479 3188 737 3242 dimiserit
785 3191 836 3241 et
884 3187 1131 3241 ecclesiae
1181 3187 1505 3241 satisfecerit.
1583 3188 1724 3241 Data
1760 3188 1956 3242 Romae
2001 3191 2035 3242 5
2074 3189 2250 3242 Nonas

306 3283 500 3353 Martii,
535 3284 818 3338 indictione
857 3286 906 3337 2.

424 3394 464 3436 1.
495 3391 815 3448 Lotharingiae
837 3391 1092 3448 superioris
1213 3392 1254 3434 2.
1282 3404 1340 3434 an
1359 3390 1541 3434 Petroni
1562 3391 1739 3435 comitis
1759 3391 2019 3436 Lesinensis
2042 3392 2104 3446 (in
2124 3391 2249 3448 Apu-

306 3465 416 3518 lia)‘?
461 3465 530 3509 De
562 3478 650 3521 quo
670 3479 714 3509 v.
737 3466 903 3510 Leonis
925 3465 1075 3509 chron.
1100 3464 1249 3508 Oasin.
1271 3464 1337 3507 III
1357 3464 1414 3508 25
1436 3467 1482 3507 et
1500 3464 1614 3520 Lup.
1635 3464 1890 3520 Protospat.
1915 3466 2030 3509 1073
2051 3469 2097 3509 et
2119 3466 2247 3522 1079,

306 3537 425 3580 Mon.
447 3536 597 3582 Germ.
621 3536 700 3582 SS.
720 3538 808 3583 VH
839 3539 937 3594 715,
972 3539 1070 3595 716,
1104 3538 1145 3583 V
1177 3538 1247 3581 60.
1398 3538 1439 3581 3.
1472 3538 1529 3583 V.
1562 3550 1700 3594 supra
1728 3551 1772 3594 p.
1795 3537 1896 3582 354.
2045 3538 2088 3583 4.
2120 3539 2247 3583 Heri-

307 3622 487 3654 manno.
534 3609 602 3655 Of.
633 3610 865 3656 Bertholdi
895 3611 1079 3656 annales
1112 3611 1240 3668 1079,
1271 3610 1390 3655 Mon.
1413 3610 1564 3656 Germ.
1587 3610 1667 3656 SS.
1689 3611 1733 3657 V
1763 3612 1864 3655 317.

2294 485 2401 523 Mart.
2422 487 2442 523 1

2311 1382 2424 1425 1079

2291 1442 2399 1479 Mart.
2420 1445 2442 1480 3
