2730 4198
944 270 1219 309 GREGORII
1256 271 1334 308 v11
1372 269 1635 308 REGISTRI
1672 270 1730 307 VI
1758 269 1819 306 15.
2250 254 2353 305 347

414 383 491 446 VI
522 387 618 444 15.
654 389 930 442 Monac-his
987 389 1406 442 Massiliensibus
1472 389 1651 441 scribit
1713 389 1775 440 de
1831 387 2103 439 Bernardi
2158 386 2358 438 abbatis

651 504 848 538 summo
899 504 1023 555 erqa
1072 504 1125 538 se
1173 487 1360 538 studio.
1421 485 1596 537 Huius
1636 485 1921 536 absentiam
1970 500 2134 552 aequo
2183 484 2357 534 animo

640 582 844 651 ferant.
904 583 1287 635 Monasterium
1317 599 1491 634 eorum
1522 599 1636 632 cum
1665 580 1905 632 Romano
1936 579 1993 633 S.
2016 579 2184 632 Pauli
2207 596 2356 630 mon—

652 680 838 731 asterio
880 680 1130 748 coniunyz'
1166 679 1323 748 cupit.

561 786 842 856 Gregorius
870 789 1143 858 episcopus
1171 802 1350 840 servus
1377 801 1644 838 servorum
1670 783 1771 837 Dei
1798 783 2081 837 carissimis
2107 782 2355 836 fratribus
2391 794 2504 838 1079

411 884 466 936 in
505 884 818 938 monasterio
845 883 1161 938 Massiliensi
1189 881 1628 937 commorantibus
1667 879 1887 933 salutem
1930 883 1981 933 et
2018 879 2356 949 apostolicam
2389 855 2464 892 Μ’
2485 857 2508 891 ²

410 980 839 1034 benedictionem.

561 1075 877 1129 Contristavi
902 1092 1010 1143 VOS,
1050 1074 1210 1127 immo
1236 1074 1418 1127 beatus
1444 1071 1631 1125 Petrus
1657 1071 1954 1140 commovit,
1992 1070 2239 1125 turbavit.
2287 1069 2359 1124 Et

411 1172 524 1242 ipse
564 1171 783 1225 sanabit.
842 1170 1007 1224 Filius
1045 1186 1271 1239 namque
1308 1168 1466 1236 illius,
1508 1167 1667 1222 abbas
1706 1171 1877 1222 vester
1894 1164 1922 1236 ¹,
1962 1168 2106 1221 venit
2145 1167 2211 1220 ad
2243 1183 2356 1235 nOS,

413 1271 465 1320 et
501 1284 596 1337 pro
637 1267 746 1320 eius
787 1283 962 1320 amore
999 1266 1167 1319 factus
1208 1270 1287 1318 est
1325 1264 1570 1318 obediens
1607 1281 1770 1333 usque
1807 1264 1874 1317 ad
1899 1264 2131 1334 corporis
2160 1263 2358 1333 captio-

409 1359 576 1416 nem².
634 1362 705 1416 Et
744 1363 866 1431 quia
903 1365 1119 1431 paratus
1156 1361 1257 1414 fuit
1296 1361 1340 1414 si
1376 1365 1641 1431 oporteret
1665 1361 1817 1429 mori,
1858 1365 2001 1415 etex
2025 1361 2124 1415 hoc
2148 1360 2361 1414 habebit

407 1458 820 1511 retributionem.
884 1457 1003 1525 Sed,
1045 1458 1179 1511 sicut
1218 1457 1360 1511 scitis
1399 1457 1588 1511 fratres
1627 1458 1747 1526 mei,
1787 1458 1895 1511 rari
1933 1462 2056 1511 sunt
2090 1457 2229 1526 boni,
2270 1457 2358 1525 qui

409 1553 566 1607 etiam
593 1553 704 1607 Deo
744 1554 799 1607 in
837 1570 966 1624 pace
998 1554 1253 1620 serviant3
1295 1554 1387 1607 sed
1424 1554 1698 1622 rarissimi,
1740 1555 1830 1623 qui
1866 1571 1963 1624 pro
2001 1554 2143 1607 illius
2183 1569 2359 1607 amore

406 1650 793 1719 persecutiones
832 1667 937 1703 non
977 1651 1214 1718 timeant,
1253 1650 1337 1703 vel
1369 1651 1457 1719 qui
1487 1667 1541 1704 se
1581 1654 1763 1704 contra
1798 1651 2039 1704 inimicos
2068 1650 2170 1704 Dei
2206 1650 2358 1703 indu-

406 1745 634 1800 bitanter
682 1750 963 1816 opponant.
1041 1746 1266 1800 Proinde
1306 1746 1591 1800 christiana
1628 1747 1832 1815 relligio
1881 1746 1983 1800 heu
2030 1747 2163 1817 proh
2212 1746 2358 1799 dolor

407 1859 541 1912 pene
587 1842 812 1913 deperiit
858 1847 910 1896 et
955 1843 1238 1913 impiorum
1279 1843 1523 1913 superbia
1559 1843 1717 1896 nimis
1757 1843 1996 1898 accrevit.
2055 1842 2358 1897 Praedictus

411 1942 582 1992 autem
623 1943 775 2008 pater
811 1942 1001 2008 vester,
1040 1956 1098 1992 re
1136 1957 1262 1993 vera
1301 1939 1657 2010 apostolorum
1693 1940 1984 2010 principem
2025 1940 2263 2008 diligens,
2302 1940 2356 1992 in

408 2035 518 2088 eius
559 2035 668 2089 acie
706 2035 856 2088 nobis
897 2035 1133 2089 adhaesit
1172 2039 1224 2089 et
1261 2035 1576 2088 adiutorium
1605 2035 1811 2090 Christo
1847 2036 2169 2104 gubernante
2207 2035 2356 2090 nobis

405 2131 686 2201 impendit,
737 2148 843 2184 non
882 2131 1040 2184 surda
1078 2149 1203 2185 aure
1239 2131 1540 2200 intendenS,
1592 2132 1729 2201 quod
1776 2132 1903 2186 dicit
1949 2132 2240 2203 apostolus:
2293 2133 2360 2187 Si

389 2228 658 2296 fuerimus
684 2231 816 2281 socii
835 2232 1159 2299 passionum,
1202 2231 1391 2282 erimus
1427 2240 1474 2282 et
1499 2226 1953 2283 consolationuffl.
2106 2227 2209 2282 Sed
2236 2229 2359 2298 quia

405 2324 622 2392 caritaS,
671 2323 794 2378 licet
831 2324 965 2377 ratio
1006 2341 1097 2378 vos
1137 2324 1458 2393 consoletur,
1510 2324 1577 2377 ad
1615 2324 1847 2378 dolorem
1885 2341 1978 2378 vos
2015 2325 2241 2395 impellit
2279 2342 2356 2393 e0,

407 2420 544 2488 quod
581 2424 787 2474 tantum
823 2425 1030 2491 patrem
1067 2424 1278 2490 tamque
1315 2421 1463 2475 vobis
1503 2420 1707 2474 dulcem
1747 2421 1896 2490 quasi
1933 2420 2087 2490 longo
2121 2425 2356 2492 tempore

407 2515 714 2585 amiseritiS,
765 2534 1008 2585 rogamus
1059 2533 1152 2570 vos
1200 2534 1264 2570 ex
1311 2522 1461 2587 parte
1513 2517 1886 2587 omnipotentis
1930 2517 2031 2571 Dei
2079 2521 2131 2571 et
2179 2534 2356 2571 amore

406 2610 545 2664 beati
581 2611 750 2665 Petri:
791 2613 1052 2683 patienter
1091 2618 1397 2684 supportate
1435 2631 1558 2681 nos;
1607 2614 1731 2682 quia
1777 2614 1879 2667 cito
1919 2613 2030 2667 Deo
2077 2614 2356 2668 adiuvante

407 2724 526 2760 eum
564 2708 711 2761 vobis
749 2708 944 2762 laetum
983 2710 1326 2763 remittemus
1376 2709 1447 2764 Et
1487 2727 1551 2764 ex
1576 2710 1675 2763 hoc
1713 2709 2021 2764 auctoritate
2047 2709 2188 2764 beati
2212 2709 2356 2764 Petri

407 2803 762 2873 apostolorum
802 2805 1071 2875 principiS,
1109 2806 1260 2859 nobis
1299 2806 1449 2860 valde
1487 2806 1716 2874 indignis
1746 2806 2040 2875 commissa,
2080 2806 2355 2875 indulgen-

404 2900 534 2953 tiam
573 2901 805 2953 omnium
831 2905 1160 2971 peccatorum
1189 2906 1482 2955 vestrorum
1507 2902 1863 2972 promittimus
1900 2907 1952 2956 et
1977 2902 2354 2957 absolutionem

404 3012 522 3049 cum
560 2996 918 3050 benedictione
957 2997 1302 3051 concedimus.
1363 2997 1683 3051 Confidimus
1714 3014 1941 3066 namque
1968 2998 2031 3052 de
2055 2999 2219 3052 nimia
2243 2999 2354 3069 pie-

403 3096 510 3145 tate
548 3092 811 3146 Altissimi
861 3098 913 3147 et
962 3094 1025 3147 de
1062 3092 1313 3147 ineffabili
1351 3094 1628 3148 clementia
1665 3094 1877 3162 reginae
1916 3094 2181 3164 coelestiS,
2233 3096 2355 3164 quia

405 3188 543 3242 beati
580 3188 766 3243 Petrus
807 3195 859 3244 et
891 3189 1084 3243 Paulus
1123 3189 1294 3243 locum
1331 3194 1565 3243 vestrum
1604 3191 1828 3260 amplius
1868 3190 2021 3244 solito
2060 3191 2356 3245 custodient

404 3289 456 3338 et
492 3285 793 3354 tuebuntur,
835 3286 924 3363 qui
962 3303 1057 3356 pro
1097 3285 1307 3339 illorum
1347 3286 1558 3339 servitio
1599 3287 1848 3340 damnum
1886 3291 1939 3340 et
1962 3287 2352 3341 incommodum

403 3380 595 3435 habere
631 3382 852 3435 videtur.
1005 3381 1376 3436 Desideramus
1415 3382 1555 3436 enim
1592 3382 1764 3436 locum
1796 3383 1935 3436 beati
1964 3380 2145 3436 Pau1i⁴
2175 3388 2227 3437 et
2263 3401 2351 3438 ve-

524 3519 564 3562 1.
595 3519 869 3564 Bernardus.
990 3522 1031 3564 2.
1065 3534 1108 3564 v.
1130 3519 1182 3563 L.
1199 3520 1241 3564 V
1273 3532 1343 3576 ep.
1365 3520 1389 3564 7
1421 3532 1559 3576 supra
1587 3534 1631 3576 p.
1652 3520 1738 3564 295
1769 3534 1813 3564 n.
1837 3521 1878 3564 6.
1998 3521 2041 3565 3.
2074 3522 2102 3565 2
2124 3520 2225 3566 Gor.
2251 3523 2290 3578 1,
2310 3523 2350 3566 7.

403 3590 446 3634 4.
478 3590 745 3637 Romanum.
778 3594 1058 3638 Bernardum
1081 3594 1200 3638 enim
1222 3592 1433 3638 abbat-em
1454 3593 1781 3638 Massiliensem
1805 3607 1833 3638 a
1854 3593 2073 3650 Gregorio
2090 3595 2178 3640 VH
2198 3596 2351 3651 (quem

404 3664 573 3709 scimus
604 3678 721 3711 anno
753 3668 868 3712 1058
899 3667 1112 3714 abbatem
1133 3666 1178 3712 S.
1200 3667 1328 3711 Pauli
1358 3665 1512 3725 fuisse,
1542 3681 1587 3712 v.
1610 3667 1842 3712 Lamberti
1862 3668 2046 3713 annales
2069 3668 2198 3726 1058,
2229 3669 2348 3714 Mon.
