<?xml version="1.0" encoding="UTF-8"?>
<!DOCTYPE html PUBLIC "-//W3C//DTD XHTML 1.0 Transitional//EN"
    "http://www.w3.org/TR/xhtml1/DTD/xhtml1-transitional.dtd">
<html xmlns="http://www.w3.org/1999/xhtml" xml:lang="en" lang="en">
 <head>
  <title>
</title>
<meta http-equiv="Content-Type" content="text/html;charset=utf-8" />
  <meta name='ocr-system' content='tesseract 3.04.00' />
  <meta name='ocr-capabilities' content='ocr_page ocr_carea ocr_par ocr_line ocrx_word'/>
</head>
<body>
  <div class='ocr_page' id='page_1' title='image "bibliothecarerum02wattuoft_0090.png"; bbox 0 0 2722 4172; ppageno 0'>
   <div class='ocr_carea' id='block_1_1' title="bbox 507 279 1923 340">
    <p class='ocr_par' dir='ltr' id='par_1_1' title="bbox 507 279 1923 340">
     <span class='ocr_line' id='line_1_1' title="bbox 507 279 1923 340; baseline 0.004 -7"><span class='ocrx_word' id='word_1_1' title='bbox 507 279 575 333; x_wconf 84' lang='lat'>74</span> <span class='ocrx_word' id='word_1_2' title='bbox 1007 298 1279 339; x_wconf 76' lang='lat' dir='ltr'>GRnGoRn</span> <span class='ocrx_word' id='word_1_3' title='bbox 1314 300 1394 337; x_wconf 86' lang='lat' dir='ltr'>vn</span> <span class='ocrx_word' id='word_1_4' title='bbox 1429 299 1692 339; x_wconf 82' lang='lat' dir='ltr'>REGISTRI</span> <span class='ocrx_word' id='word_1_5' title='bbox 1727 302 1749 339; x_wconf 94' lang='lat'>1</span> <span class='ocrx_word' id='word_1_6' title='bbox 1775 300 1836 339; x_wconf 84' lang='lat'>53.</span> <span class='ocrx_word' id='word_1_7' title='bbox 1862 301 1923 340; x_wconf 83' lang='lat'>54.</span> 
     </span>
    </p>
   </div>
   <div class='ocr_carea' id='block_1_2' title="bbox 298 414 2432 972">
    <p class='ocr_par' dir='ltr' id='par_1_2' title="bbox 298 414 2432 972">
     <span class='ocr_line' id='line_1_2' title="bbox 298 414 2432 516; baseline 0.005 -51"><span class='ocrx_word' id='word_1_8' title='bbox 298 415 476 516; x_wconf 44' lang='grc' dir='ltr'>Μὶῖἔείῂ</span> <span class='ocrx_word' id='word_1_9' title='bbox 502 414 805 469; x_wconf 90' lang='lat' dir='ltr'>renunciare</span> <span class='ocrx_word' id='word_1_10' title='bbox 844 415 1078 469; x_wconf 79' lang='lat' dir='ltr'>abbatiae</span> <span class='ocrx_word' id='word_1_11' title='bbox 1118 417 1284 470; x_wconf 90' lang='lat' dir='ltr'>sancti</span> <span class='ocrx_word' id='word_1_12' title='bbox 1321 415 1560 486; x_wconf 80' lang='lat' dir='ltr'>Remigii,</span> <span class='ocrx_word' id='word_1_13' title='bbox 1601 421 1654 472; x_wconf 88' lang='lat' dir='ltr'>et</span> <span class='ocrx_word' id='word_1_14' title='bbox 1688 421 1893 473; x_wconf 87' lang='lat' dir='ltr'>tantum</span> <span class='ocrx_word' id='word_1_15' title='bbox 1928 423 2129 475; x_wconf 76' lang='lat' dir='ltr'>vestra⁸</span> <span class='ocrx_word' id='word_1_16' title='bbox 2163 437 2274 476; x_wconf 87' lang='lat' dir='ltr'>esse</span> <span class='ocrx_word' id='word_1_17' title='bbox 2310 436 2432 476; x_wconf 89' lang='lat' dir='ltr'>con-</span> 
     </span>
     <span class='ocr_line' id='line_1_3' title="bbox 501 510 2431 571; baseline 0.005 -9"><span class='ocrx_word' id='word_1_18' title='bbox 501 513 689 563; x_wconf 81' lang='lat' dir='ltr'>tentus,</span> <span class='ocrx_word' id='word_1_19' title='bbox 749 510 905 565; x_wconf 89' lang='lat' dir='ltr'>Cuius</span> <span class='ocrx_word' id='word_1_20' title='bbox 943 512 1021 565; x_wconf 91' lang='lat' dir='ltr'>rei</span> <span class='ocrx_word' id='word_1_21' title='bbox 1059 528 1215 566; x_wconf 90' lang='lat' dir='ltr'>causa</span> <span class='ocrx_word' id='word_1_22' title='bbox 1240 513 1477 566; x_wconf 82' lang='lat' dir='ltr'>misimus</span> <span class='ocrx_word' id='word_1_23' title='bbox 1507 513 1708 568; x_wconf 82' lang='lat' dir='ltr'>litteras</span> <span class='ocrx_word' id='word_1_24' title='bbox 1737 513 1971 570; x_wconf 87' lang='lat' dir='ltr'>nostras¹</span> <span class='ocrx_word' id='word_1_25' title='bbox 1996 516 2240 571; x_wconf 87' lang='lat' dir='ltr'>Remensi</span> <span class='ocrx_word' id='word_1_26' title='bbox 2265 517 2431 571; x_wconf 88' lang='lat' dir='ltr'>archi-</span> 
     </span>
     <span class='ocr_line' id='line_1_4' title="bbox 502 606 2432 676; baseline 0.005 -18"><span class='ocrx_word' id='word_1_27' title='bbox 502 606 760 676; x_wconf 81' lang='lat' dir='ltr'>episcope,</span> <span class='ocrx_word' id='word_1_28' title='bbox 798 611 858 660; x_wconf 88' lang='lat' dir='ltr'>ut</span> <span class='ocrx_word' id='word_1_29' title='bbox 895 607 1085 660; x_wconf 87' lang='lat' dir='ltr'>dictam</span> <span class='ocrx_word' id='word_1_30' title='bbox 1123 608 1387 662; x_wconf 86' lang='lat' dir='ltr'>abbatiam</span> <span class='ocrx_word' id='word_1_31' title='bbox 1424 610 1708 663; x_wconf 89' lang='lat' dir='ltr'>secundum</span> <span class='ocrx_word' id='word_1_32' title='bbox 1731 610 1903 664; x_wconf 93' lang='lat' dir='ltr'>Deum</span> <span class='ocrx_word' id='word_1_33' title='bbox 1936 613 2149 666; x_wconf 90' lang='lat' dir='ltr'>consilio</span> <span class='ocrx_word' id='word_1_34' title='bbox 2187 613 2338 667; x_wconf 90' lang='lat' dir='ltr'>istius</span> <span class='ocrx_word' id='word_1_35' title='bbox 2375 613 2432 667; x_wconf 92' lang='lat' dir='ltr'>in</span> 
     </span>
     <span class='ocr_line' id='line_1_5' title="bbox 502 700 2431 772; baseline 0.005 -18"><span class='ocrx_word' id='word_1_36' title='bbox 502 700 661 756; x_wconf 85' lang='lat' dir='ltr'>alium</span> <span class='ocrx_word' id='word_1_37' title='bbox 700 703 925 772; x_wconf 91' lang='lat' dir='ltr'>ordinet,</span> <span class='ocrx_word' id='word_1_38' title='bbox 964 704 1064 758; x_wconf 89' lang='lat' dir='ltr'>iste</span> <span class='ocrx_word' id='word_1_39' title='bbox 1100 721 1224 758; x_wconf 90' lang='lat' dir='ltr'>vero</span> <span class='ocrx_word' id='word_1_40' title='bbox 1260 705 1408 759; x_wconf 86' lang='lat' dir='ltr'>vobis</span> <span class='ocrx_word' id='word_1_41' title='bbox 1456 707 1815 760; x_wconf 90' lang='lat' dir='ltr'>tantummodo</span> <span class='ocrx_word' id='word_1_42' title='bbox 1863 708 2026 762; x_wconf 91' lang='lat' dir='ltr'>cedat.</span> <span class='ocrx_word' id='word_1_43' title='bbox 2101 708 2206 763; x_wconf 90' lang='lat' dir='ltr'>Vos</span> <span class='ocrx_word' id='word_1_44' title='bbox 2257 713 2431 763; x_wconf 88' lang='lat' dir='ltr'>autem</span> 
     </span>
     <span class='ocr_line' id='line_1_6' title="bbox 498 802 2431 874; baseline 0.005 -24"><span class='ocrx_word' id='word_1_45' title='bbox 498 813 767 867; x_wconf 87' lang='lat' dir='ltr'>rogamus,</span> <span class='ocrx_word' id='word_1_46' title='bbox 816 803 1068 868; x_wconf 91' lang='lat' dir='ltr'>quatenus</span> <span class='ocrx_word' id='word_1_47' title='bbox 1106 818 1202 870; x_wconf 92' lang='lat' dir='ltr'>pro</span> <span class='ocrx_word' id='word_1_48' title='bbox 1241 802 1456 856; x_wconf 88' lang='lat' dir='ltr'>caritate</span> <span class='ocrx_word' id='word_1_49' title='bbox 1493 807 1674 856; x_wconf 90' lang='lat' dir='ltr'>nostra</span> <span class='ocrx_word' id='word_1_50' title='bbox 1711 820 1828 857; x_wconf 93' lang='lat' dir='ltr'>eum</span> <span class='ocrx_word' id='word_1_51' title='bbox 1867 804 2036 858; x_wconf 89' lang='lat' dir='ltr'>carius</span> <span class='ocrx_word' id='word_1_52' title='bbox 2072 804 2334 874; x_wconf 87' lang='lat' dir='ltr'>habeatis,</span> <span class='ocrx_word' id='word_1_53' title='bbox 2371 809 2431 859; x_wconf 94' lang='lat' dir='ltr'>ut</span> 
     </span>
     <span class='ocr_line' id='line_1_7' title="bbox 499 894 2430 972; baseline 0.006 -27"><span class='ocrx_word' id='word_1_54' title='bbox 499 894 690 948; x_wconf 88' lang='lat' dir='ltr'>sentiat</span> <span class='ocrx_word' id='word_1_55' title='bbox 732 895 1044 964; x_wconf 68' lang='lat' dir='ltr'>profecisseb</span> <span class='ocrx_word' id='word_1_56' title='bbox 1092 897 1216 966; x_wconf 83' lang='lat' dir='ltr'>sibi,</span> <span class='ocrx_word' id='word_1_57' title='bbox 1268 898 1404 966; x_wconf 90' lang='lat' dir='ltr'>quod</span> <span class='ocrx_word' id='word_1_58' title='bbox 1453 899 1519 952; x_wconf 88' lang='lat' dir='ltr'>ad</span> <span class='ocrx_word' id='word_1_59' title='bbox 1563 916 1659 953; x_wconf 93' lang='lat' dir='ltr'>nos</span> <span class='ocrx_word' id='word_1_60' title='bbox 1706 899 1864 954; x_wconf 89' lang='lat' dir='ltr'>venit.</span> <span class='ocrx_word' id='word_1_61' title='bbox 1949 898 2088 955; x_wconf 88' lang='lat' dir='ltr'>Data</span> <span class='ocrx_word' id='word_1_62' title='bbox 2132 901 2190 955; x_wconf 92' lang='lat' dir='ltr'>in</span> <span class='ocrx_word' id='word_1_63' title='bbox 2234 901 2430 972; x_wconf 84' lang='lat' dir='ltr'>synodo</span> 
     </span>
    </p>
   </div>
   <div class='ocr_carea' id='block_1_3' title="bbox 499 988 1363 1062">
    <p class='ocr_par' dir='ltr' id='par_1_3' title="bbox 499 988 1363 1062">
     <span class='ocr_line' id='line_1_8' title="bbox 499 988 1363 1062; baseline 0.005 -19"><span class='ocrx_word' id='word_1_64' title='bbox 499 990 531 1043; x_wconf 92' lang='grc'><strong>2</strong></span> <span class='ocrx_word' id='word_1_65' title='bbox 569 988 689 1044; x_wconf 91' lang='lat' dir='ltr'>Idus</span> <span class='ocrx_word' id='word_1_66' title='bbox 726 990 918 1062; x_wconf 87' lang='lat' dir='ltr'>Martii,</span> <span class='ocrx_word' id='word_1_67' title='bbox 956 992 1238 1047; x_wconf 78' lang='lat' dir='ltr'>indictione</span> <span class='ocrx_word' id='word_1_68' title='bbox 1282 995 1363 1047; x_wconf 92' lang='grc'>12.</span> 
     </span>
    </p>
   </div>
   <div class='ocr_carea' id='block_1_4' title="bbox 1295 1106 1631 1114">
    <p class='ocr_par' dir='ltr' id='par_1_4' title="bbox 1295 1106 1631 1114">
     <span class='ocr_line' id='line_1_9' title="bbox 1295 1106 1631 1114; baseline 0 0"><span class='ocrx_word' id='word_1_69' title='bbox 1295 1106 1631 1114; x_wconf 95' lang='lat' dir='ltr'> </span> 
     </span>
    </p>
   </div>
   <div class='ocr_carea' id='block_1_5' title="bbox 495 1164 2430 1340">
    <p class='ocr_par' dir='ltr' id='par_1_5' title="bbox 495 1164 2430 1340">
     <span class='ocr_line' id='line_1_10' title="bbox 495 1164 2430 1244; baseline 0.002 -19"><span class='ocrx_word' id='word_1_70' title='bbox 495 1164 521 1225; x_wconf 90' lang='lat' dir='ltr'>I</span> <span class='ocrx_word' id='word_1_71' title='bbox 555 1169 653 1226; x_wconf 83' lang='lat'>54.</span> <span class='ocrx_word' id='word_1_72' title='bbox 698 1170 970 1225; x_wconf 71' lang='lat' dir='ltr'>Canonicis</span> <span class='ocrx_word' id='word_1_73' title='bbox 1010 1172 1068 1226; x_wconf 82' lang='lat' dir='ltr'>S.</span> <span class='ocrx_word' id='word_1_74' title='bbox 1096 1172 1303 1226; x_wconf 70' lang='lat' dir='ltr'>Hilarii</span> <span class='ocrx_word' id='word_1_75' title='bbox 1328 1175 1618 1244; x_wconf 71' lang='lat' dir='ltr'>praecipit,</span> <span class='ocrx_word' id='word_1_76' title='bbox 1670 1191 1734 1226; x_wconf 76' lang='lat' dir='ltr'>ne</span> <span class='ocrx_word' id='word_1_77' title='bbox 1777 1173 2107 1226; x_wconf 71' lang='lat' dir='ltr'>Pictavenses</span> <span class='ocrx_word' id='word_1_78' title='bbox 2157 1176 2430 1228; x_wconf 72' lang='lat' dir='ltr'>canonicos</span> 
     </span>
     <span class='ocr_line' id='line_1_11' title="bbox 696 1271 2035 1340; baseline 0.001 -20"><span class='ocrx_word' id='word_1_79' title='bbox 696 1271 753 1320; x_wconf 76' lang='lat' dir='ltr'>in</span> <span class='ocrx_word' id='word_1_80' title='bbox 790 1288 1057 1322; x_wconf 74' lang='lat' dir='ltr'>sacrorum</span> <span class='ocrx_word' id='word_1_81' title='bbox 1084 1271 1546 1340; x_wconf 73' lang='lat' dir='ltr'>procurandorum</span> <span class='ocrx_word' id='word_1_82' title='bbox 1582 1271 1696 1321; x_wconf 74' lang='lat' dir='ltr'>iure</span> <span class='ocrx_word' id='word_1_83' title='bbox 1733 1271 2035 1340; x_wconf 74' lang='lat' dir='ltr'>impediant.</span> 
     </span>
    </p>
   </div>
   <div class='ocr_carea' id='block_1_6' title="bbox 288 1376 2430 3569">
    <p class='ocr_par' dir='ltr' id='par_1_6' title="bbox 288 1376 2430 1547">
     <span class='ocr_line' id='line_1_12' title="bbox 321 1376 2430 1450; baseline 0.002 -20"><span class='ocrx_word' id='word_1_84' title='bbox 321 1387 435 1431; x_wconf 82' lang='lat'>1074</span> <span class='ocrx_word' id='word_1_85' title='bbox 641 1376 920 1447; x_wconf 85' lang='lat' dir='ltr'>Gregorius</span> <span class='ocrx_word' id='word_1_86' title='bbox 961 1379 1233 1450; x_wconf 87' lang='lat' dir='ltr'>episcopus</span> <span class='ocrx_word' id='word_1_87' title='bbox 1281 1396 1460 1433; x_wconf 87' lang='lat' dir='ltr'>servus</span> <span class='ocrx_word' id='word_1_88' title='bbox 1507 1396 1775 1433; x_wconf 87' lang='lat' dir='ltr'>servorum</span> <span class='ocrx_word' id='word_1_89' title='bbox 1813 1379 1914 1434; x_wconf 88' lang='lat' dir='ltr'>Dei</span> <span class='ocrx_word' id='word_1_90' title='bbox 1951 1379 2212 1434; x_wconf 88' lang='lat' dir='ltr'>canonicis</span> <span class='ocrx_word' id='word_1_91' title='bbox 2252 1378 2430 1434; x_wconf 80' lang='lat' dir='ltr'>Sancti</span> 
     </span>
     <span class='ocr_line' id='line_1_13' title="bbox 288 1447 1874 1547; baseline 0.001 -20"><span class='ocrx_word' id='word_1_92' title='bbox 288 1447 396 1485; x_wconf 50' lang='lat' dir='ltr'>Mam</span> <span class='ocrx_word' id='word_1_93' title='bbox 415 1449 464 1486; x_wconf 71' lang='lat'>1⁶</span> <span class='ocrx_word' id='word_1_94' title='bbox 493 1470 686 1528; x_wconf 77' lang='lat' dir='ltr'>Ylarii²</span> <span class='ocrx_word' id='word_1_95' title='bbox 725 1475 944 1530; x_wconf 89' lang='lat' dir='ltr'>salutem</span> <span class='ocrx_word' id='word_1_96' title='bbox 982 1480 1034 1530; x_wconf 89' lang='lat' dir='ltr'>et</span> <span class='ocrx_word' id='word_1_97' title='bbox 1072 1475 1410 1547; x_wconf 89' lang='lat' dir='ltr'>apostolicam</span> <span class='ocrx_word' id='word_1_98' title='bbox 1446 1475 1874 1529; x_wconf 88' lang='lat' dir='ltr'>benedictionem.</span> 
     </span>
    </p>

    <p class='ocr_par' dir='ltr' id='par_1_7' title="bbox 488 1570 2430 3569">
     <span class='ocr_line' id='line_1_14' title="bbox 639 1570 2430 1641; baseline 0.001 -16"><span class='ocrx_word' id='word_1_99' title='bbox 639 1570 832 1625; x_wconf 91' lang='lat' dir='ltr'>Notum</span> <span class='ocrx_word' id='word_1_100' title='bbox 878 1571 1025 1625; x_wconf 87' lang='lat' dir='ltr'>vobis</span> <span class='ocrx_word' id='word_1_101' title='bbox 1075 1589 1187 1626; x_wconf 88' lang='lat' dir='ltr'>esse</span> <span class='ocrx_word' id='word_1_102' title='bbox 1225 1572 1490 1641; x_wconf 88' lang='lat' dir='ltr'>volumus,</span> <span class='ocrx_word' id='word_1_103' title='bbox 1541 1572 1678 1641; x_wconf 92' lang='lat' dir='ltr'>quod</span> <span class='ocrx_word' id='word_1_104' title='bbox 1725 1572 1959 1626; x_wconf 87' lang='lat' dir='ltr'>canonici</span> <span class='ocrx_word' id='word_1_105' title='bbox 1994 1570 2326 1627; x_wconf 86' lang='lat' dir='ltr'>Pictavenses</span> <span class='ocrx_word' id='word_1_106' title='bbox 2372 1572 2430 1627; x_wconf 92' lang='lat' dir='ltr'>in</span> 
     </span>
     <span class='ocr_line' id='line_1_15' title="bbox 493 1668 2428 1738; baseline 0.001 -17"><span class='ocrx_word' id='word_1_107' title='bbox 493 1668 689 1738; x_wconf 89' lang='lat' dir='ltr'>synodo</span> <span class='ocrx_word' id='word_1_108' title='bbox 727 1671 909 1721; x_wconf 90' lang='lat' dir='ltr'>nostra</span> <span class='ocrx_word' id='word_1_109' title='bbox 946 1668 1214 1737; x_wconf 88' lang='lat' dir='ltr'>conquesti</span> <span class='ocrx_word' id='word_1_110' title='bbox 1252 1672 1389 1736; x_wconf 91' lang='lat' dir='ltr'>sunt,</span> <span class='ocrx_word' id='word_1_111' title='bbox 1427 1685 1520 1722; x_wconf 87' lang='lat' dir='ltr'>vos</span> <span class='ocrx_word' id='word_1_112' title='bbox 1559 1668 1814 1735; x_wconf 89' lang='lat' dir='ltr'>denegare</span> <span class='ocrx_word' id='word_1_113' title='bbox 1854 1672 1906 1722; x_wconf 88' lang='lat' dir='ltr'>et</span> <span class='ocrx_word' id='word_1_114' title='bbox 1935 1669 2286 1723; x_wconf 86' lang='lat' dir='ltr'>contradicere</span> <span class='ocrx_word' id='word_1_115' title='bbox 2323 1668 2428 1723; x_wconf 88' lang='lat' dir='ltr'>illis</span> 
     </span>
     <span class='ocr_line' id='line_1_16' title="bbox 492 1763 2429 1833; baseline 0.001 -15"><span class='ocrx_word' id='word_1_116' title='bbox 492 1765 942 1833; x_wconf 83' lang='lat' dir='ltr'>consuetudinem,</span> <span class='ocrx_word' id='word_1_117' title='bbox 995 1781 1152 1833; x_wconf 89' lang='lat' dir='ltr'>quam</span> <span class='ocrx_word' id='word_1_118' title='bbox 1188 1764 1244 1818; x_wconf 89' lang='lat' dir='ltr'>in</span> <span class='ocrx_word' id='word_1_119' title='bbox 1291 1764 1509 1818; x_wconf 90' lang='lat' dir='ltr'>ecclesia</span> <span class='ocrx_word' id='word_1_120' title='bbox 1555 1765 1722 1818; x_wconf 89' lang='lat' dir='ltr'>sancti</span> <span class='ocrx_word' id='word_1_121' title='bbox 1758 1764 1926 1818; x_wconf 87' lang='lat' dir='ltr'>Ylarii</span> <span class='ocrx_word' id='word_1_122' title='bbox 1961 1765 2075 1819; x_wconf 88' lang='lat' dir='ltr'>iure</span> <span class='ocrx_word' id='word_1_123' title='bbox 2112 1763 2303 1819; x_wconf 87' lang='lat' dir='ltr'>habere</span> <span class='ocrx_word' id='word_1_124' title='bbox 2340 1765 2429 1820; x_wconf 90' lang='lat' dir='ltr'>de-</span> 
     </span>
     <span class='ocr_line' id='line_1_17' title="bbox 492 1860 2428 1931; baseline 0.001 -17"><span class='ocrx_word' id='word_1_125' title='bbox 492 1861 638 1914; x_wconf 89' lang='lat' dir='ltr'>bent:</span> <span class='ocrx_word' id='word_1_126' title='bbox 666 1860 908 1914; x_wconf 87' lang='lat' dir='ltr'>videlicet</span> <span class='ocrx_word' id='word_1_127' title='bbox 930 1864 990 1913; x_wconf 91' lang='lat' dir='ltr'>ut</span> <span class='ocrx_word' id='word_1_128' title='bbox 1013 1861 1070 1913; x_wconf 91' lang='lat' dir='ltr'>in</span> <span class='ocrx_word' id='word_1_129' title='bbox 1094 1860 1376 1914; x_wconf 87' lang='lat' dir='ltr'>festivitate</span> <span class='ocrx_word' id='word_1_130' title='bbox 1403 1861 1635 1914; x_wconf 93' lang='lat' dir='ltr'>omnium</span> <span class='ocrx_word' id='word_1_131' title='bbox 1662 1865 1960 1914; x_wconf 90' lang='lat' dir='ltr'>sanctorum</span> <span class='ocrx_word' id='word_1_132' title='bbox 1986 1865 2038 1915; x_wconf 91' lang='lat' dir='ltr'>et</span> <span class='ocrx_word' id='word_1_133' title='bbox 2062 1861 2228 1915; x_wconf 90' lang='lat' dir='ltr'>sancti</span> <span class='ocrx_word' id='word_1_134' title='bbox 2246 1860 2428 1931; x_wconf 85' lang='lat' dir='ltr'>Ylarii,</span> 
     </span>
     <span class='ocr_line' id='line_1_18' title="bbox 491 1956 2428 2028; baseline 0.001 -18"><span class='ocrx_word' id='word_1_135' title='bbox 491 1973 609 2010; x_wconf 92' lang='lat' dir='ltr'>cum</span> <span class='ocrx_word' id='word_1_136' title='bbox 645 1956 771 2010; x_wconf 91' lang='grc'><strong>111110</strong></span> <span class='ocrx_word' id='word_1_137' title='bbox 809 1974 874 2011; x_wconf 83' lang='lat' dir='ltr'>ex</span> <span class='ocrx_word' id='word_1_138' title='bbox 911 1964 1056 2010; x_wconf 91' lang='lat' dir='ltr'>more</span> <span class='ocrx_word' id='word_1_139' title='bbox 1094 1973 1212 2011; x_wconf 92' lang='lat' dir='ltr'>cum</span> <span class='ocrx_word' id='word_1_140' title='bbox 1236 1957 1566 2027; x_wconf 88' lang='lat' dir='ltr'>processione</span> <span class='ocrx_word' id='word_1_141' title='bbox 1593 1957 1825 2026; x_wconf 87' lang='lat' dir='ltr'>veniunt,</span> <span class='ocrx_word' id='word_1_142' title='bbox 1866 1958 1911 2010; x_wconf 92' lang='lat' dir='ltr'>si</span> <span class='ocrx_word' id='word_1_143' title='bbox 1946 1958 2218 2028; x_wconf 86' lang='lat' dir='ltr'>episcopus</span> <span class='ocrx_word' id='word_1_144' title='bbox 2244 1957 2428 2027; x_wconf 84' lang='lat' dir='ltr'>aderit,</span> 
     </span>
     <span class='ocr_line' id='line_1_19' title="bbox 488 2053 2427 2124; baseline 0.001 -17"><span class='ocrx_word' id='word_1_145' title='bbox 488 2054 603 2124; x_wconf 91' lang='lat' dir='ltr'>ipse</span> <span class='ocrx_word' id='word_1_146' title='bbox 641 2053 857 2107; x_wconf 90' lang='lat' dir='ltr'>missam</span> <span class='ocrx_word' id='word_1_147' title='bbox 896 2053 1144 2123; x_wconf 90' lang='lat' dir='ltr'>celebret,</span> <span class='ocrx_word' id='word_1_148' title='bbox 1196 2053 1278 2106; x_wconf 90' lang='lat' dir='ltr'>sin</span> <span class='ocrx_word' id='word_1_149' title='bbox 1324 2057 1498 2107; x_wconf 91' lang='lat' dir='ltr'>autem</span> <span class='ocrx_word' id='word_1_150' title='bbox 1535 2070 1640 2107; x_wconf 90' lang='lat' dir='ltr'>non</span> <span class='ocrx_word' id='word_1_151' title='bbox 1679 2053 1815 2107; x_wconf 89' lang='lat' dir='ltr'>adsit</span> <span class='ocrx_word' id='word_1_152' title='bbox 1853 2054 2154 2124; x_wconf 81' lang='lat' dir='ltr'>episcopuS,</span> <span class='ocrx_word' id='word_1_153' title='bbox 2203 2053 2427 2108; x_wconf 89' lang='lat' dir='ltr'>decanus</span> 
     </span>
     <span class='ocr_line' id='line_1_20' title="bbox 491 2148 2428 2219; baseline -0.001 -15"><span class='ocrx_word' id='word_1_154' title='bbox 491 2154 582 2204; x_wconf 92' lang='lat' dir='ltr'>aut</span> <span class='ocrx_word' id='word_1_155' title='bbox 620 2149 807 2219; x_wconf 90' lang='lat' dir='ltr'>aliquis</span> <span class='ocrx_word' id='word_1_156' title='bbox 846 2150 910 2203; x_wconf 90' lang='lat' dir='ltr'>de</span> <span class='ocrx_word' id='word_1_157' title='bbox 947 2149 1231 2204; x_wconf 91' lang='lat' dir='ltr'>maioribus</span> <span class='ocrx_word' id='word_1_158' title='bbox 1270 2149 1530 2203; x_wconf 89' lang='lat' dir='ltr'>canonicis</span> <span class='ocrx_word' id='word_1_159' title='bbox 1556 2149 1877 2203; x_wconf 89' lang='lat' dir='ltr'>Pictavensis</span> <span class='ocrx_word' id='word_1_160' title='bbox 1917 2149 2163 2204; x_wconf 90' lang='lat' dir='ltr'>ecclesiae</span> <span class='ocrx_word' id='word_1_161' title='bbox 2200 2148 2428 2204; x_wconf 90' lang='lat' dir='ltr'>officium</span> 
     </span>
     <span class='ocr_line' id='line_1_21' title="bbox 489 2245 2426 2316; baseline 0 -17"><span class='ocrx_word' id='word_1_162' title='bbox 489 2246 601 2300; x_wconf 88' lang='lat' dir='ltr'>vice</span> <span class='ocrx_word' id='word_1_163' title='bbox 640 2246 872 2316; x_wconf 90' lang='lat' dir='ltr'>episcopi</span> <span class='ocrx_word' id='word_1_164' title='bbox 907 2263 1158 2316; x_wconf 87' lang='lat' dir='ltr'>peragere</span> <span class='ocrx_word' id='word_1_165' title='bbox 1196 2245 1395 2300; x_wconf 89' lang='lat' dir='ltr'>debeat.</span> <span class='ocrx_word' id='word_1_166' title='bbox 1465 2245 1613 2308; x_wconf 86' lang='lat' dir='ltr'>Quod</span> <span class='ocrx_word' id='word_1_167' title='bbox 1660 2261 1775 2299; x_wconf 90' lang='lat' dir='ltr'>cum</span> <span class='ocrx_word' id='word_1_168' title='bbox 1823 2246 1962 2316; x_wconf 91' lang='lat' dir='ltr'>apud</span> <span class='ocrx_word' id='word_1_169' title='bbox 1996 2263 2090 2300; x_wconf 92' lang='lat' dir='ltr'>nos</span> <span class='ocrx_word' id='word_1_170' title='bbox 2127 2246 2184 2299; x_wconf 94' lang='lat' dir='ltr'>in</span> <span class='ocrx_word' id='word_1_171' title='bbox 2219 2245 2426 2316; x_wconf 93' lang='lat' dir='ltr'>publico</span> 
     </span>
     <span class='ocr_line' id='line_1_22' title="bbox 490 2341 2425 2413; baseline 0 -18"><span class='ocrx_word' id='word_1_172' title='bbox 490 2342 705 2397; x_wconf 91' lang='lat' dir='ltr'>concilio</span> <span class='ocrx_word' id='word_1_173' title='bbox 751 2343 1059 2397; x_wconf 89' lang='lat' dir='ltr'>ventilatum</span> <span class='ocrx_word' id='word_1_174' title='bbox 1102 2343 1285 2411; x_wconf 80' lang='lat' dir='ltr'>fuerit,</span> <span class='ocrx_word' id='word_1_175' title='bbox 1335 2341 1582 2396; x_wconf 88' lang='lat' dir='ltr'>Gozelino</span> <span class='ocrx_word' id='word_1_176' title='bbox 1619 2341 1992 2410; x_wconf 84' lang='lat' dir='ltr'>Burdegalensi</span> <span class='ocrx_word' id='word_1_177' title='bbox 2040 2342 2425 2413; x_wconf 90' lang='lat' dir='ltr'>archiepiscopo</span> 
     </span>
     <span class='ocr_line' id='line_1_23' title="bbox 491 2437 2426 2508; baseline -0.001 -15"><span class='ocrx_word' id='word_1_178' title='bbox 491 2456 703 2493; x_wconf 84' lang='lat' dir='ltr'>causam</span> <span class='ocrx_word' id='word_1_179' title='bbox 738 2442 967 2493; x_wconf 87' lang='lat' dir='ltr'>vestram</span> <span class='ocrx_word' id='word_1_180' title='bbox 1005 2456 1123 2493; x_wconf 92' lang='lat' dir='ltr'>cum</span> <span class='ocrx_word' id='word_1_181' title='bbox 1150 2438 1460 2508; x_wconf 88' lang='lat' dir='ltr'>quibusdam</span> <span class='ocrx_word' id='word_1_182' title='bbox 1487 2437 1601 2491; x_wconf 90' lang='lat' dir='ltr'>aliis</span> <span class='ocrx_word' id='word_1_183' title='bbox 1630 2438 1950 2507; x_wconf 83' lang='lat' dir='ltr'>defendente,</span> <span class='ocrx_word' id='word_1_184' title='bbox 1991 2438 2229 2507; x_wconf 80' lang='lat' dir='ltr'>scienteS,</span> <span class='ocrx_word' id='word_1_185' title='bbox 2266 2437 2426 2492; x_wconf 89' lang='lat' dir='ltr'>talem</span> 
     </span>
     <span class='ocr_line' id='line_1_24' title="bbox 490 2533 2426 2604; baseline -0.001 -14"><span class='ocrx_word' id='word_1_186' title='bbox 490 2536 916 2590; x_wconf 84' lang='lat' dir='ltr'>consuetudinem</span> <span class='ocrx_word' id='word_1_187' title='bbox 953 2535 1010 2588; x_wconf 92' lang='lat' dir='ltr'>in</span> <span class='ocrx_word' id='word_1_188' title='bbox 1033 2533 1268 2588; x_wconf 89' lang='lat' dir='ltr'>Romana</span> <span class='ocrx_word' id='word_1_189' title='bbox 1306 2535 1550 2588; x_wconf 67' lang='grc' dir='ltr'>00010813ὓ</span> <span class='ocrx_word' id='word_1_190' title='bbox 1576 2551 1670 2604; x_wconf 91' lang='lat' dir='ltr'>per</span> <span class='ocrx_word' id='word_1_191' title='bbox 1696 2534 1925 2602; x_wconf 88' lang='lat' dir='ltr'>singulas</span> <span class='ocrx_word' id='word_1_192' title='bbox 1955 2535 2204 2589; x_wconf 87' lang='lat' dir='ltr'>stationes</span> <span class='ocrx_word' id='word_1_193' title='bbox 2242 2538 2294 2588; x_wconf 90' lang='lat' dir='ltr'>et</span> <span class='ocrx_word' id='word_1_194' title='bbox 2316 2534 2426 2589; x_wconf 85' lang='lat' dir='ltr'>fere</span> 
     </span>
     <span class='ocr_line' id='line_1_25' title="bbox 489 2630 2423 2703; baseline -0.001 -17"><span class='ocrx_word' id='word_1_195' title='bbox 489 2650 585 2703; x_wconf 92' lang='lat' dir='ltr'>per</span> <span class='ocrx_word' id='word_1_196' title='bbox 621 2633 923 2686; x_wconf 85' lang='lat' dir='ltr'>universum</span> <span class='ocrx_word' id='word_1_197' title='bbox 948 2631 1127 2686; x_wconf 90' lang='lat' dir='ltr'>orbem</span> <span class='ocrx_word' id='word_1_198' title='bbox 1152 2631 1208 2684; x_wconf 93' lang='lat' dir='ltr'>in</span> <span class='ocrx_word' id='word_1_199' title='bbox 1234 2631 1350 2684; x_wconf 92' lang='lat' dir='ltr'>aliis</span> <span class='ocrx_word' id='word_1_200' title='bbox 1378 2631 1608 2685; x_wconf 90' lang='lat' dir='ltr'>ecclesiis</span> <span class='ocrx_word' id='word_1_201' title='bbox 1634 2631 1734 2685; x_wconf 91' lang='lat' dir='ltr'>rite</span> <span class='ocrx_word' id='word_1_202' title='bbox 1761 2634 1812 2684; x_wconf 92' lang='lat' dir='ltr'>et</span> <span class='ocrx_word' id='word_1_203' title='bbox 1837 2630 2216 2685; x_wconf 88' lang='lat' dir='ltr'>rationabiliter</span> <span class='ocrx_word' id='word_1_204' title='bbox 2239 2631 2423 2700; x_wconf 86' lang='lat' dir='ltr'>teneri,</span> 
     </span>
     <span class='ocr_line' id='line_1_26' title="bbox 491 2727 2423 2798; baseline -0.001 -15"><span class='ocrx_word' id='word_1_205' title='bbox 491 2730 807 2783; x_wconf 89' lang='lat' dir='ltr'>diiudicante</span> <span class='ocrx_word' id='word_1_206' title='bbox 833 2728 1065 2797; x_wconf 91' lang='lat' dir='ltr'>concili0,</span> <span class='ocrx_word' id='word_1_207' title='bbox 1091 2727 1285 2782; x_wconf 89' lang='lat' dir='ltr'>iustam</span> <span class='ocrx_word' id='word_1_208' title='bbox 1314 2745 1400 2782; x_wconf 89' lang='grc'>008</span> <span class='ocrx_word' id='word_1_209' title='bbox 1425 2728 1689 2797; x_wconf 89' lang='lat' dir='ltr'>requirere</span> <span class='ocrx_word' id='word_1_210' title='bbox 1716 2744 1924 2781; x_wconf 88' lang='lat' dir='ltr'>causam</span> <span class='ocrx_word' id='word_1_211' title='bbox 1950 2727 2423 2798; x_wconf 87' lang='lat' dir='ltr'>comprobavimus;</span> 
     </span>
     <span class='ocr_line' id='line_1_27' title="bbox 492 2823 2424 2895; baseline -0.002 -16"><span class='ocrx_word' id='word_1_212' title='bbox 492 2829 544 2879; x_wconf 88' lang='lat' dir='ltr'>et</span> <span class='ocrx_word' id='word_1_213' title='bbox 580 2825 901 2895; x_wconf 89' lang='lat' dir='ltr'>praedictum</span> <span class='ocrx_word' id='word_1_214' title='bbox 951 2841 1104 2877; x_wconf 88' lang='lat' dir='ltr'>usum</span> <span class='ocrx_word' id='word_1_215' title='bbox 1142 2841 1229 2878; x_wconf 89' lang='lat' dir='ltr'>eos</span> <span class='ocrx_word' id='word_1_216' title='bbox 1269 2824 1501 2878; x_wconf 89' lang='lat' dir='ltr'>obtinere</span> <span class='ocrx_word' id='word_1_217' title='bbox 1540 2823 1751 2892; x_wconf 88' lang='lat' dir='ltr'>debere,</span> <span class='ocrx_word' id='word_1_218' title='bbox 1797 2823 2082 2894; x_wconf 88' lang='lat' dir='ltr'>apostolica</span> <span class='ocrx_word' id='word_1_219' title='bbox 2119 2823 2424 2877; x_wconf 83' lang='lat' dir='ltr'>auctoritate</span> 
     </span>
     <span class='ocr_line' id='line_1_28' title="bbox 491 2919 2424 2989; baseline -0.002 -13"><span class='ocrx_word' id='word_1_220' title='bbox 491 2922 801 2976; x_wconf 66' lang='lat' dir='ltr'>censuimus</span> <span class='ocrx_word' id='word_1_221' title='bbox 869 2921 1062 2975; x_wconf 89' lang='lat' dir='ltr'>Verum</span> <span class='ocrx_word' id='word_1_222' title='bbox 1077 2962 1091 2989; x_wconf 91' lang='lat'>,</span> <span class='ocrx_word' id='word_1_223' title='bbox 1141 2924 1200 2974; x_wconf 92' lang='lat' dir='ltr'>ut</span> <span class='ocrx_word' id='word_1_224' title='bbox 1236 2920 1382 2976; x_wconf 82' lang='lat' dir='ltr'>vobis</span> <span class='ocrx_word' id='word_1_225' title='bbox 1422 2920 1770 2974; x_wconf 88' lang='lat' dir='ltr'>abundantius</span> <span class='ocrx_word' id='word_1_226' title='bbox 1809 2919 2173 2974; x_wconf 86' lang='lat' dir='ltr'>satisfaciendo</span> <span class='ocrx_word' id='word_1_227' title='bbox 2218 2936 2424 2972; x_wconf 90' lang='lat' dir='ltr'>omnem</span> 
     </span>
     <span class='ocr_line' id='line_1_29' title="bbox 490 3016 2423 3086; baseline -0.002 -14"><span class='ocrx_word' id='word_1_228' title='bbox 490 3018 809 3073; x_wconf 87' lang='lat' dir='ltr'>reclamandi</span> <span class='ocrx_word' id='word_1_229' title='bbox 847 3017 1170 3071; x_wconf 90' lang='lat' dir='ltr'>occasionem</span> <span class='ocrx_word' id='word_1_230' title='bbox 1213 3017 1562 3086; x_wconf 83' lang='lat' dir='ltr'>demeremuS,</span> <span class='ocrx_word' id='word_1_231' title='bbox 1612 3021 1672 3070; x_wconf 89' lang='lat' dir='ltr'>ut</span> <span class='ocrx_word' id='word_1_232' title='bbox 1706 3016 2037 3071; x_wconf 88' lang='lat' dir='ltr'>Pictavenses</span> <span class='ocrx_word' id='word_1_233' title='bbox 2085 3016 2283 3085; x_wconf 89' lang='lat' dir='ltr'>clerici,</span> <span class='ocrx_word' id='word_1_234' title='bbox 2334 3016 2423 3085; x_wconf 90' lang='lat' dir='ltr'>qui</span> 
     </span>
     <span class='ocr_line' id='line_1_30' title="bbox 491 3112 2421 3186; baseline -0.002 -17"><span class='ocrx_word' id='word_1_235' title='bbox 491 3119 791 3186; x_wconf 90' lang='lat' dir='ltr'>praesentes</span> <span class='ocrx_word' id='word_1_236' title='bbox 841 3115 1083 3182; x_wconf 90' lang='lat' dir='ltr'>aderant,</span> <span class='ocrx_word' id='word_1_237' title='bbox 1139 3117 1344 3184; x_wconf 92' lang='lat' dir='ltr'>partem</span> <span class='ocrx_word' id='word_1_238' title='bbox 1401 3131 1551 3167; x_wconf 89' lang='lat' dir='ltr'>suam</span> <span class='ocrx_word' id='word_1_239' title='bbox 1598 3143 1668 3150; x_wconf 91' lang='lat'>-—-</span> <span class='ocrx_word' id='word_1_240' title='bbox 1717 3113 1851 3167; x_wconf 92' lang='lat' dir='ltr'>sicut</span> <span class='ocrx_word' id='word_1_241' title='bbox 1896 3112 2200 3183; x_wconf 90' lang='lat' dir='ltr'>approbatio</span> <span class='ocrx_word' id='word_1_242' title='bbox 2249 3113 2421 3180; x_wconf 86' lang='lat' dir='ltr'>agenti</span> 
     </span>
     <span class='ocr_line' id='line_1_31' title="bbox 492 3208 2418 3282; baseline -0.002 -16"><span class='ocrx_word' id='word_1_243' title='bbox 492 3229 696 3282; x_wconf 87' lang='lat' dir='ltr'>semper</span> <span class='ocrx_word' id='word_1_244' title='bbox 720 3210 976 3264; x_wconf 90' lang='lat' dir='ltr'>incumbit</span> <span class='ocrx_word' id='word_1_245' title='bbox 1001 3240 1067 3247; x_wconf 94' lang='lat'>—</span> <span class='ocrx_word' id='word_1_246' title='bbox 1098 3214 1421 3264; x_wconf 89' lang='lat' dir='ltr'>sacramento</span> <span class='ocrx_word' id='word_1_247' title='bbox 1446 3208 1659 3268; x_wconf 74' lang='lat' dir='ltr'>firmare</span> <span class='ocrx_word' id='word_1_248' title='bbox 1684 3208 1972 3276; x_wconf 63' lang='lat' dir='ltr'>deberentd,</span> <span class='ocrx_word' id='word_1_249' title='bbox 2007 3208 2418 3262; x_wconf 83' lang='lat' dir='ltr'>diiudicavimuS.</span> 
     </span>
     <span class='ocr_line' id='line_1_32' title="bbox 492 3304 2421 3377; baseline -0.002 -16"><span class='ocrx_word' id='word_1_250' title='bbox 492 3307 638 3371; x_wconf 84' lang='lat' dir='ltr'>Quod</span> <span class='ocrx_word' id='word_1_251' title='bbox 677 3307 887 3377; x_wconf 88' lang='lat' dir='ltr'>quidem</span> <span class='ocrx_word' id='word_1_252' title='bbox 922 3307 1054 3377; x_wconf 90' lang='lat' dir='ltr'>ipsi,</span> <span class='ocrx_word' id='word_1_253' title='bbox 1102 3309 1375 3377; x_wconf 89' lang='lat' dir='ltr'>praesente</span> <span class='ocrx_word' id='word_1_254' title='bbox 1411 3305 1786 3374; x_wconf 86' lang='lat' dir='ltr'>Burdegalensi</span> <span class='ocrx_word' id='word_1_255' title='bbox 1828 3304 2213 3374; x_wconf 88' lang='lat' dir='ltr'>archiepiscopo</span> <span class='ocrx_word' id='word_1_256' title='bbox 2252 3308 2304 3358; x_wconf 93' lang='lat' dir='ltr'>et</span> <span class='ocrx_word' id='word_1_257' title='bbox 2339 3320 2421 3358; x_wconf 90' lang='grc'>00-</span> 
     </span>
     <span class='ocr_line' id='line_1_33' title="bbox 491 3400 2420 3474; baseline -0.001 -18"><span class='ocrx_word' id='word_1_258' title='bbox 491 3404 633 3472; x_wconf 80' lang='lat' dir='ltr'>teriS,</span> <span class='ocrx_word' id='word_1_259' title='bbox 672 3404 842 3458; x_wconf 85' lang='lat' dir='ltr'>facere</span> <span class='ocrx_word' id='word_1_260' title='bbox 868 3403 1189 3474; x_wconf 88' lang='lat' dir='ltr'>paratissimi</span> <span class='ocrx_word' id='word_1_261' title='bbox 1216 3406 1379 3471; x_wconf 89' lang='lat' dir='ltr'>erant,</span> <span class='ocrx_word' id='word_1_262' title='bbox 1419 3407 1574 3471; x_wconf 90' lang='lat' dir='ltr'>atque</span> <span class='ocrx_word' id='word_1_263' title='bbox 1608 3402 1746 3455; x_wconf 89' lang='lat' dir='ltr'>idem</span> <span class='ocrx_word' id='word_1_264' title='bbox 1774 3400 2189 3470; x_wconf 90' lang='lat' dir='ltr'>archiepiscopus</span> <span class='ocrx_word' id='word_1_265' title='bbox 2216 3417 2248 3454; x_wconf 89' lang='lat' dir='ltr'>a</span> <span class='ocrx_word' id='word_1_266' title='bbox 2271 3400 2420 3454; x_wconf 92' lang='lat' dir='ltr'>nobis</span> 
     </span>
     <span class='ocr_line' id='line_1_34' title="bbox 492 3496 2421 3569; baseline -0.001 -17"><span class='ocrx_word' id='word_1_267' title='bbox 492 3500 836 3552; x_wconf 85' lang='lat' dir='ltr'>commonitus</span> <span class='ocrx_word' id='word_1_268' title='bbox 873 3500 1226 3553; x_wconf 89' lang='lat' dir='ltr'>iuramentum</span> <span class='ocrx_word' id='word_1_269' title='bbox 1272 3516 1327 3553; x_wconf 91' lang='lat' dir='ltr'>se</span> <span class='ocrx_word' id='word_1_270' title='bbox 1363 3499 1595 3569; x_wconf 90' lang='lat' dir='ltr'>recipere</span> <span class='ocrx_word' id='word_1_271' title='bbox 1631 3497 1895 3568; x_wconf 85' lang='lat' dir='ltr'>professus</span> <span class='ocrx_word' id='word_1_272' title='bbox 1935 3499 2026 3549; x_wconf 88' lang='lat' dir='ltr'>est.</span> <span class='ocrx_word' id='word_1_273' title='bbox 2096 3496 2421 3568; x_wconf 86' lang='lat' dir='ltr'>Quapropter</span> 
     </span>
    </p>
   </div>
   <div class='ocr_carea' id='block_1_7' title="bbox 607 3621 2420 3673">
    <p class='ocr_par' dir='ltr' id='par_1_8' title="bbox 607 3621 2420 3673">
     <span class='ocr_line' id='line_1_35' title="bbox 607 3621 2420 3673; baseline -0.001 -12"><span class='ocrx_word' id='word_1_274' title='bbox 607 3635 640 3661; x_wconf 87' lang='grc'>3.</span> <span class='ocrx_word' id='word_1_275' title='bbox 674 3624 821 3661; x_wconf 83' lang='lat' dir='ltr'>vestrae</span> <span class='ocrx_word' id='word_1_276' title='bbox 841 3639 871 3661; x_wconf 89' lang='lat' dir='ltr'>c.</span> <span class='ocrx_word' id='word_1_277' title='bbox 977 3624 1015 3661; x_wconf 91' lang='lat' dir='ltr'>b.</span> <span class='ocrx_word' id='word_1_278' title='bbox 1040 3624 1236 3673; x_wconf 87' lang='lat' dir='ltr'>proficisse</span> <span class='ocrx_word' id='word_1_279' title='bbox 1255 3640 1286 3661; x_wconf 87' lang='lat' dir='ltr'>c.</span> <span class='ocrx_word' id='word_1_280' title='bbox 1391 3635 1422 3661; x_wconf 90' lang='lat' dir='ltr'>c.</span> <span class='ocrx_word' id='word_1_281' title='bbox 1440 3623 1644 3661; x_wconf 85' lang='lat' dir='ltr'>Romanam</span> <span class='ocrx_word' id='word_1_282' title='bbox 1661 3621 1858 3659; x_wconf 85' lang='lat' dir='ltr'>ecclesiam</span> <span class='ocrx_word' id='word_1_283' title='bbox 1876 3636 1907 3658; x_wconf 89' lang='lat' dir='ltr'>c.</span> <span class='ocrx_word' id='word_1_284' title='bbox 2011 3621 2046 3658; x_wconf 87' lang='lat' dir='ltr'>d.</span> <span class='ocrx_word' id='word_1_285' title='bbox 2073 3621 2252 3658; x_wconf 84' lang='lat' dir='ltr'>deberent</span> <span class='ocrx_word' id='word_1_286' title='bbox 2270 3621 2420 3660; x_wconf 74' lang='lat' dir='ltr'>addidi.</span> 
     </span>
    </p>
   </div>
   <div class='ocr_carea' id='block_1_8' title="bbox 610 3700 1738 3759">
    <p class='ocr_par' dir='ltr' id='par_1_9' title="bbox 610 3700 1738 3759">
     <span class='ocr_line' id='line_1_36' title="bbox 610 3700 1738 3759; baseline -0.002 -13"><span class='ocrx_word' id='word_1_287' title='bbox 610 3704 650 3747; x_wconf 83' lang='lat'>1.</span> <span class='ocrx_word' id='word_1_288' title='bbox 682 3715 750 3759; x_wconf 90' lang='lat' dir='ltr'>ep.</span> <span class='ocrx_word' id='word_1_289' title='bbox 774 3703 831 3746; x_wconf 83' lang='lat'>52</span> <span class='ocrx_word' id='word_1_290' title='bbox 861 3715 998 3759; x_wconf 84' lang='lat' dir='ltr'>supra</span> <span class='ocrx_word' id='word_1_291' title='bbox 1025 3716 1069 3759; x_wconf 88' lang='lat' dir='ltr'>p.</span> <span class='ocrx_word' id='word_1_292' title='bbox 1094 3704 1163 3747; x_wconf 82' lang='lat'>72.</span> <span class='ocrx_word' id='word_1_293' title='bbox 1312 3704 1353 3746; x_wconf 85' lang='lat'>2.</span> <span class='ocrx_word' id='word_1_294' title='bbox 1384 3700 1738 3746; x_wconf 85' lang='lat' dir='ltr'>Pictavensibus.</span> 
     </span>
    </p>
   </div>
  </div>
 </body>
</html>
