2730 4198
795 311 1139 348 ssomrnoms
1178 312 1254 348 AD
1293 310 1519 349 AMICUM
1555 311 1664 347 Lm.
1693 311 1729 346 v
2125 295 2231 346 633

292 427 543 481 honorem
558 423 586 480 ¹.
646 426 810 491 Quem
849 431 900 481 et
939 443 1242 493 economum
1282 430 1491 480 sanctae
1519 425 1784 479 Romanae
1824 423 2071 478 ecclesiae
2109 441 2230 478 con·
2317 428 2431 472 1049

293 522 479 576 stituit.
595 521 753 575 Cuius
783 523 998 576 consilio
1026 523 1282 593 synodum
1305 539 1431 575 mox
1458 521 1807 589 congregavit,
1846 520 1903 572 in
1930 536 2032 587 qua
2063 519 2232 572 diver·
2261 532 2350 580 Apr.
2367 532 2493 569 9-15

294 635 471 672 sarum
515 618 787 685 regionum
835 619 1065 688 episcopi
1109 621 1476 672 convenerunt.
1537 617 1597 669 In
1635 633 1738 686 qua
1776 615 1933 669 etiam
1974 614 2068 667 sub
2110 630 2232 667 ana-

292 714 520 769 themate
566 714 903 767 interdictum
948 717 1050 767 est:
1099 730 1204 766 non
1240 713 1397 766 licere
1438 712 1594 765 alicui
1632 711 1876 780 episcopo
1916 709 2234 763 archidiaco-

291 813 446 878 natus
487 814 538 863 et
575 810 932 880 preposituras
973 809 1054 862 vel
1093 808 1333 862 abbacias
1364 823 1456 860 seu
1480 804 1730 860 beneficia
1757 805 2126 859 aecclesiarum
2151 804 2235 857 vel

291 905 582 976 prebendas
622 906 706 958 vel
743 906 1075 959 ecclesiarum
1103 903 1187 957 vel
1213 902 1456 956 altarium
1484 901 1958 954 commendationes
1985 899 2233 966 vendere3

293 1006 346 1055 et
380 1006 440 1056 ut
465 1001 757 1056 sacerdotes
786 1006 838 1055 et
860 1001 1050 1054 levitae
1077 1003 1129 1053 et
1154 997 1457 1052 subdiaconi
1483 1013 1600 1050 cum
1625 996 1876 1049 uxoribus
1902 1012 2008 1048 non
2035 998 2233 1048 coeant.

293 1098 435 1162 Quae
482 1116 564 1152 res
611 1114 858 1165 magnam
902 1099 1234 1149 veternosum
1283 1089 1607 1162 serpentem²
1656 1091 1938 1145 concitavit
1982 1091 2038 1144 in
2083 1091 2232 1144 iram.

293 1194 440 1257 Quod
488 1194 756 1247 audientes
805 1191 1061 1262 episcopi,
1110 1190 1281 1260 primo
1329 1188 1563 1257 quidem,
1611 1188 1823 1241 veritati
1859 1203 1964 1240 non
2002 1186 2236 1239 valentes

291 1291 549 1358 resistere,
589 1294 841 1354 tacuere,
866 1290 1050 1358 postea
1072 1301 1214 1355 vem,
1255 1284 1505 1338 suadente
1533 1283 1750 1338 humani
1776 1282 1980 1353 generis
2006 1281 2235 1350 1111111100,

291 1387 646 1441 inobedientes
686 1384 934 1438 celavere.

438 1482 643 1535 Interea
667 1479 862 1532 Romae
903 1477 1135 1548 episcopi
1175 1481 1226 1531 et
1265 1476 1554 1531 cardinales
1586 1480 1637 1529 et
1667 1476 1897 1544 abbateS,
1937 1492 2031 1546 per
2062 1491 2235 1545 symo-

291 1579 492 1632 niacam
532 1575 757 1631 heresim
797 1574 1041 1643 ordinati,
1081 1573 1491 1644 deponebantur.
1551 1572 1623 1626 Et
1660 1572 1736 1626 ibi
1775 1589 1840 1626 ex
1869 1571 2089 1625 diversis
2115 1587 2237 1640 pro-

289 1707 442 1753 verbis
470 1707 580 1751 illis:
624 1706 704 1763 „in
735 1718 825 1761 qua
854 1705 944 1748 iam
977 1717 1004 1747 a
1032 1703 1243 1759 viginti
1275 1703 1439 1747 annis
1470 1701 1753 1746 inhabitavi“
1787 1701 1896 1745 nihil
1935 1701 2058 1745 aliud
2089 1704 2238 1745 osten-

291 1782 412 1826 disse
444 1780 712 1836 Gregorium
743 1779 895 1835 liquet,
927 1777 1014 1821 nisi
1044 1789 1094 1820 80
1124 1777 1287 1833 viginti
1317 1789 1459 1820 annos
1487 1780 1643 1819 natum
1675 1775 1879 1831 coepisse
1910 1775 2081 1819 Romae
2113 1773 2238 1817 habi-

289 1859 407 1912 tare,
439 1866 585 1909 neque
616 1852 751 1897 video
782 1852 887 1895 huic
916 1852 980 1895 rei
1012 1851 1284 1895 contrarium
1318 1862 1431 1905 esse,
1464 1849 1586 1905 quod
1609 1847 1852 1904 Gregorius
1879 1851 1926 1891 et
1944 1848 1991 1891 in
2012 1860 2236 1892 commen-

289 1927 404 1971 tario
452 1926 683 1970 electionis
731 1938 868 1982 supra
912 1940 956 1982 p.
990 1927 1047 1969 10
1095 1923 1238 1968 fertur
1285 1923 1366 1979 „in
1411 1923 1581 1978 gremio
1628 1922 1761 1965 huius
1815 1921 1970 1965 matris
2018 1920 2236 1965 ecclesiae

291 2001 555 2056 (Romanae)
588 2013 616 2043 a
644 1999 896 2055 pueritia
926 1998 1145 2042 educatus
1177 2001 1223 2040 et
1253 1996 1414 2040 doctus
1446 1995 1581 2040 esse“
1615 2000 1661 2040 et
1690 1996 1737 2039 in
1760 1996 1872 2051 Reg.
1895 1995 1983 2040 VH
2013 1995 2070 2039 23
2101 2007 2239 2050 supra

290 2088 333 2130 p.
356 2074 467 2118 415:
504 2077 724 2130 „sanctus
754 2071 950 2117 Petrus“
984 2071 1129 2128 inquit
1156 2071 1255 2126 ipse
1290 2083 1354 2126 „a
1381 2082 1556 2126 puero
1587 2082 1659 2113 me
1689 2070 1737 2113 in
1768 2068 1902 2112 domo
1934 2081 2018 2112 sua
2048 2067 2238 2111 dulciter

290 2144 560 2190 nutrierat“.
620 2146 692 2189 Ex
729 2146 824 2189 iure
865 2145 984 2188 enim
1022 2143 1238 2188 canonico
1269 2142 1463 2199 pueritia
1493 2142 1551 2185 ad
1582 2142 1742 2186 aetatis
1774 2154 1940 2186 annum
1971 2141 2237 2184 vicesimum

291 2219 496 2275 quintum
537 2218 797 2275 adducitur,
837 2221 954 2262 teste
994 2216 1198 2261 Gratiani
1236 2216 1356 2259 decr.
1396 2216 1445 2259 P.
1476 2216 1499 2259 Ι
1528 2216 1585 2259 D.
1610 2216 1679 2271 77,
1712 2228 1750 2258 c.
1784 2216 1823 2258 7.
1947 2213 2044 2266 Quo
2085 2217 2235 2266 autem

289 2295 507 2349 regnante
538 2290 750 2348 pontifice
773 2290 1017 2347 Gregorius
1047 2290 1241 2346 primum
1262 2289 1451 2333 Romam
1482 2289 1670 2344 venerit,
1702 2289 1749 2331 in
1775 2288 2045 2344 „Micrologo
2076 2286 2132 2330 de
2165 2299 2235 2330 ec-

290 2366 553 2410 clesiasticis
585 2362 1026 2419 observationibus“‚
1069 2362 1322 2418 conscripto
1362 2360 1446 2405 sub
1485 2362 1584 2417 ipso
1617 2360 1836 2416 Gregorio
1874 2374 1995 2417 papa
2025 2360 2238 2414 (Maxima

288 2438 563 2484 bibliotheca
582 2442 774 2495 patrum,
807 2436 1019 2492 Lugduni
1042 2436 1169 2491 1677,
1191 2434 1347 2480 XVIII
1365 2435 1484 2490 475),
1518 2447 1615 2490 cap.
1641 2434 1697 2478 14
1726 2434 1952 2478 indicatur
1971 2433 2058 2477 hoc
2079 2432 2238 2485 modo:

295 2513 443 2569 „Nam
475 2516 521 2556 et
550 2512 612 2555 illi
643 2511 740 2555 sedi
772 2510 1080 2567 (apostolicae)
1112 2512 1267 2552 nostro
1306 2511 1509 2564 tempore
1548 2508 1684 2551 talem
1716 2507 1843 2551 Deus
1874 2506 2237 2563 gubernatorem,

291 2584 566 2630 reverendae
587 2585 771 2640 inquam
792 2583 1034 2627 memoriae
1056 2581 1324 2638 Gregorium
1344 2594 1525 2638 papam,
1547 2580 1774 2637 imposuit,
1805 2580 1882 2635 qui
1913 2579 2016 2624 sub
2047 2579 2238 2624 decem

294 2658 413 2702 suis
444 2656 913 2702 antecessoribus
941 2669 969 2700 a
996 2668 1170 2712 puero
1191 2656 1398 2699 Romae
1427 2655 1681 2698 nutritus
1711 2657 1766 2697 et
1795 2652 2057 2697 eruditus
2082 2664 2239 2696 omnes

293 2731 564 2788 apostolicas
595 2729 860 2774 traditiones
892 2729 1235 2785 diligentissime
1265 2727 1559 2783 investigavit
1573 2726 1610 2770 “.
1658 2727 1830 2771 Decem
1859 2726 1923 2769 illi
1953 2729 2106 2769 autem
2130 2724 2238 2769 Gre-

292 2805 407 2861 gorii
446 2807 755 2847 antecessores
786 2802 982 2856 (omissis
1021 2802 1228 2845 nimirum
1260 2800 1336 2856 iis,
1379 2813 1493 2856 quos
1522 2813 1613 2844 non
1645 2802 1930 2855 agnoverunt
1959 2798 2238 2855 Gregoriani,

291 2877 540 2922 Benedicto
570 2877 615 2920 X
646 2880 693 2920 et
723 2875 909 2929 Cadalo)
941 2874 987 2918 hi
1017 2877 1143 2918 sunt:
1185 2875 1225 2917 1.
1257 2873 1532 2917 Benedictus
1561 2873 1630 2916 IX
1669 2871 2037 2928 (1033—1048),
2082 2873 2123 2915 2.
2156 2870 2238 2915 Sil-

291 2955 444 2996 vester
472 2951 539 2994 111
570 2948 936 3005 (1044—1046),
969 2948 1010 2991 3.
1044 2946 1289 3002 Gregorius
1309 2947 1376 2991 VI
1386 2980 1396 3002 ,
1438 2946 1481 2989 4.
1514 2945 1722 2990 Clemens
1752 2945 1817 3001 Π,
1849 2945 1891 2988 5.
1923 2944 2150 2988 Damasus
2179 2944 2237 3000 Π,

292 3026 333 3069 6.
365 3025 460 3068 Leo
491 3024 570 3080 IX,
606 3025 645 3067 7.
674 3023 829 3068 Victor
858 3022 915 3078 Π,
947 3021 988 3064 8.
1022 3018 1277 3076 Stephanus
1308 3019 1365 3075 X,
1398 3019 1439 3063 9.
1466 3018 1678 3064 Nicolaus
1709 3019 1765 3075 H,
1801 3019 1869 3061 10.
1899 3016 2159 3062 Alexander
2178 3017 2237 3061 Π.

290 3097 465 3142 Idcirco
506 3110 609 3141 cum
642 3095 887 3151 Gregorius
929 3093 1012 3138 sub
1051 3092 1298 3136 Benedicto
1329 3092 1396 3136 IX
1437 3096 1542 3136 ante
1578 3090 1890 3149 pontificatum
1922 3089 2128 3134 Silvestri
2156 3089 2236 3147 HI,

290 3171 320 3216 i.
343 3184 383 3215 e.
416 3171 562 3227 spatio
596 3181 814 3213 annorum
847 3167 1160 3212 1033—1044
1190 3178 1291 3210 0880
1313 3166 1485 3210 Romae
1507 3165 1706 3222 coeperit
1724 3164 1887 3220 viginti
1917 3176 2059 3207 annos
2088 3166 2237 3219 natus,

293 3245 497 3301 cogimur
525 3247 578 3287 111
607 3242 938 3298 existimemus,
980 3253 1083 3284 eum
1124 3253 1342 3284 annorum
1374 3240 1489 3285 1013
1520 3243 1567 3283 et
1598 3238 1713 3282 1024
1749 3237 1986 3281 intervallo
2021 3237 2068 3281 in
2096 3236 2238 3281 vitam

292 3318 496 3375 venisse3
529 3328 737 3372 annoque
770 3315 898 3371 1073,
930 3327 1032 3357 cum
1064 3326 1281 3358 annorum
1312 3313 1545 3357 minimum
1574 3312 1646 3368 49,
1678 3323 1903 3355 summum
1934 3311 1990 3355 60
2021 3323 2239 3354 annorum

293 3394 438 3447 esset,
486 3388 799 3447 pontificatum
840 3387 1117 3444 81180ορ188ος
1167 3389 1213 3430 01
1260 3399 1377 3431 anno
1419 3386 1533 3430 1085
1580 3384 1745 3430 obiisse
1785 3396 1928 3428 annos
1967 3383 2126 3427 saltem
2166 3383 2236 3438 61,

294 3463 488 3507 maxime
521 3465 576 3507 72
608 3475 750 3506 3111108
780 3464 1004 3517 agentem.

412 3537 453 3580 1.
496 3534 563 3580 Cf.
595 3534 820 3579 Desiderii
861 3533 1040 3578 abbatis
1079 3532 1338 3577 Casinensis
1376 3531 1591 3575 Miracula
1632 3529 1677 3574 S.
1709 3529 1946 3574 Benedicti
1983 3530 2034 3572 L.
2056 3528 2124 3572 ΙΠ
2164 3541 2235 3584 ap.

292 3606 505 3653 Mabillon
535 3607 655 3653 Acta
684 3607 763 3653 SS.
785 3607 880 3653 ord.
903 3606 1073 3651 Bened.
1095 3606 1161 3651 IV
1182 3607 1210 3650 2
1238 3619 1282 3662 p.
1299 3605 1409 3649 453:
1444 3603 1678 3662 „Gregorii
1705 3603 1859 3659 itaque
1887 3600 2128 3659 pontificis,
2161 3601 2238 3657 qui

294 3680 352 3725 ab
385 3693 438 3725 eo
479 3682 648 3736 (Leone
678 3682 761 3737 IX)
794 3681 1011 3725 educatus
1049 3692 1102 3723 ac
1141 3678 1445 3723 subdiaconus
1476 3677 1708 3722 ordinatus
1722 3676 1759 3721 “.
1910 3677 1951 3719 2.
1993 3674 2235 3719 diabolum.
