2730 4198
953 300 1211 339 Bom'rno
1250 302 1328 338 AD
1367 301 1594 339 AMICUM
2138 286 2246 339 579

295 418 432 469 enim
453 417 694 485 feminae
732 419 1017 471 destinatus
1057 419 1120 471 ab
1162 437 1217 471 eo
1259 419 1388 471 liber
1427 429 1514 482 est,
1559 436 1725 487 quem,
1753 416 2054 484 formatum
2071 418 2240 487 paulo

290 523 412 582 post
454 510 701 581 Greyorii
734 513 850 566 VII
886 525 1100 567 mortem
1147 513 1319 579 (1085
1367 515 1500 566 Mai.
1542 512 1641 578 25)
1690 512 1792 564 Ad
1838 514 2111 564 amicum
2158 516 2242 564 in-

293 610 505 678 scripsit
512 627 530 670 ,·
570 610 633 660 de
673 627 774 678 quo
802 613 1096 662 accuratius
1123 610 1271 678 infra
1298 611 1573 661 dicendum
1611 619 1697 661 est.
1759 609 2044 661 Praeterea
2069 609 2247 660 retulit

306 701 568 772 Uqlzellius
586 699 614 769 ¹,
655 705 971 759 Bonithonis
1009 745 1038 770 „
1055 705 1393 772 honorificam
1430 707 1739 757 mentionem
1778 715 1979 756 exstare
2015 706 2073 755 in
2115 722 2243 772 quo-

294 799 418 850 dam
466 802 756 853 comitissae
803 802 1080 854 Mathildis
1118 801 1401 870 privileqio
1454 785 1602 852 anno·
1635 800 1781 852 1086
1792 819 1809 860 ,-
1857 820 1891 851 a
1941 817 2047 868 qua
2095 800 2245 850 illum

295 894 356 946 ob
397 898 630 965 eyreqias
669 899 838 949 animi
873 899 1013 950 dotes
1051 914 1241 966 mayno
1281 898 1339 947 in
1376 896 1570 947 honore
1607 895 1840 947 habitum
1879 894 2036 946 esse“.
2103 893 2244 960 Quin

293 993 449 1043 etiam
487 993 741 1045 Mantuae
779 994 953 1045 eodem
990 1010 1128 1044 anno
1169 992 1316 1061 apud
1341 991 1650 1043 Mathildem
1673 990 1850 1059 fuisse
1875 991 2240 1054 Bonitlionem,

293 1087 500 1154 definite
537 1090 790 1141 traditum
828 1099 913 1141 est.

440 1183 587 1235 Nam
633 1202 748 1237 cum
785 1184 1064 1236 Anselmus
1104 1182 1175 1234 II
1214 1183 1486 1252 episcopus
1526 1182 1777 1234 Lucensis
1819 1183 2071 1234 Mantuae
2116 1200 2242 1251 'qra-

292 1281 422 1332 viter
467 1291 757 1350 aeqrotaret
795 1281 1080 1350 pluresque
1127 1280 1362 1348 episcopi
1407 1296 1462 1330 eo
1512 1280 1888 1343 convenissent,
1941 1280 2026 1330 die
2063 1278 2135 1331 17
2174 1298 2240 1329 m.

292 1377 484 1429 Martii
506 1377 735 1429 Bonitlio
775 1395 837 1428 ex
873 1376 1000 1427 urbe
1036 1393 1161 1426 casu
1187 1376 1480 1426 discessisse
1505 1385 1772 1427 narratur.
1834 1376 2046 1427 Mortuo
2074 1385 2244 1427 autem

292 1472 496 1524 homine
523 1473 802 1542 postridie,
842 1490 1076 1523 reversus
1105 1471 1333 1523 celeriter
1344 1465 1379 1535 ²,
1420 1473 1478 1522 in
1505 1471 1802 1541 sepulturae
1830 1472 1939 1523 loco
1969 1472 2240 1540 deliyendo

291 1579 602 1622 momentum
625 1567 776 1637 fecit.
836 1566 1114 1620 Anselmus
1143 1569 1294 1632 enim,
1336 1569 1394 1618 in
1421 1585 1523 1636 quo
1550 1586 1655 1619 non
1681 1568 1850 1619 solum
1875 1570 2044 1619 animi
2066 1586 2243 1619 verum

293 1667 449 1718 etiam
485 1667 900 1717 vestimentorum
936 1665 1190 1716 modestia
1229 1664 1293 1715 ab
1320 1665 1436 1732 ipso
1465 1664 1760 1715 Bonithone
1786 1665 2094 1734 praedicata
2122 1658 2238 1727 est³,

291 1770 412 1813 vota
459 1779 613 1830 saepe
645 1761 878 1829 fecerat,
929 1771 988 1812 ut
1033 1762 1090 1811 in
1128 1760 1540 1811 Padolironensi
1579 1759 1636 1812 S.
1667 1760 1943 1812 Benedicti
1979 1759 2238 1823 coenobiO,

291 1859 349 1908 in
375 1857 523 1908 Padi
555 1858 680 1927 ripa
716 1859 832 1922 sit0,
875 1858 1191 1908 conderetur.
1253 1856 1438 1925 Itaque
1475 1858 1584 1907 iam
1624 1857 1982 1925 eqrediebatur
2021 1856 2094 1907 ad
2129 1874 2241 1907 mo-

292 1955 577 2005 nasterium
614 1971 817 2023 pompa
839 1952 1114 2020 funebris,
1166 1971 1282 2003 cum
1319 1962 1525 2021 repente
1563 1953 1793 2004 Bonitlzo
1833 1953 2131 2004 intercedit:
2180 1970 2244 2002 ne

295 2051 564 2118 episcopus
612 2049 847 2100 humetur
892 2066 1115 2117 usquam
1161 2050 1270 2100 nisi
1304 2050 1362 2099 in
1402 2048 1692 2118 episcopali
1727 2049 1873 2110 sede,·
1920 2066 2027 2099 non
2067 2049 2244 2099 decere

293 2144 535 2197 abstrudi
582 2155 781 2198 tantam
832 2145 1022 2206 lucem3
1073 2146 1166 2213 qui
1201 2163 1254 2195 se
1291 2146 1403 2214 ipse
1442 2145 1727 2208 demiserit,
1779 2163 1892 2195 eum
1930 2145 2112 2195 merito
2153 2162 2240 2194 ex-

291 2241 479 2293 tollant
524 2243 821 2311 superstites
871 2250 1119 2310 oportere.
1203 2240 1349 2306 Quae
1387 2241 1596 2309 quidem
1635 2241 1923 2291 admonitio
1962 2241 2022 2291 id
2060 2240 2238 2309 effecit,

290 2347 350 2389 ut
400 2339 630 2389 omnium
677 2354 890 2388 assensu
929 2335 1208 2388 Anselmus
1254 2335 1558 2404 sepeliretur
1604 2337 1661 2387 in
1702 2335 1993 2388 cathedrali
2029 2336 2241 2387 ecclesia

293 2433 590 2486 Mantuana
601 2428 634 2484 ⁴.

444 2529 667 2581 Omnino
708 2538 877 2581 autem
906 2537 1030 2598 post
1067 2523 1326 2579 iacturam
1364 2528 1500 2579 sedis
1540 2528 1853 2597 episcopalis
1892 2527 2243 2579 Bonitlionem

411 2657 452 2700 1.
484 2656 663 2713 Ughelli
693 2657 714 2701 Ι
745 2658 874 2701 1275.
1033 2657 1075 2700 2.
1108 2655 1332 2700 Bardonis
1361 2656 1458 2700 vita
1487 2654 1694 2700 Anselmi
1724 2668 1794 2712 ep.
1818 2657 1928 2699 Luc.
1952 2669 1990 2700 c.
2012 2656 2069 2700 41
2102 2657 2238 2711 (Mon.

293 2728 446 2774 Germ.
471 2728 550 2774 SS.
581 2730 670 2774 XII
698 2731 795 2784 25):
838 2728 1115 2786 „Sutriensis
1155 2742 1335 2785 quoque
1372 2729 1519 2785 pridie
1560 2730 1706 2783 (Mart.
1732 2731 1805 2783 17)
1844 2733 2117 2785 recesserat,
2159 2729 2239 2773 sed

292 2815 398 2847 mox
436 2807 540 2859 post
575 2803 1017 2859 transmigrationem
1055 2802 1198 2858 ipsius
1237 2802 1481 2858 (Anselmi‚
1522 2803 1650 2847 Mart.
1676 2805 1748 2857 18)
1788 2803 1947 2847 eodem
1989 2803 2062 2846 die
2111 2803 2240 2845 affuit

292 2881 571 2934 opportunus
587 2875 624 2921 “.
789 2876 830 2919 3.
870 2876 917 2919 in
947 2876 1130 2919 Decreti
1159 2876 1211 2919 L.
1234 2876 1277 2919 II
1309 2888 1346 2919 c.
1369 2876 1396 2919 9
1429 2875 1474 2928 (l.
1494 2876 1522 2918 l.
1555 2890 1599 2932 p.
1623 2877 1668 2929 9)
1700 2875 1780 2919 ubi
1810 2876 1906 2931 agit
1939 2875 2030 2932 „de
2060 2876 2129 2931 iis,
2162 2875 2239 2931 qui

291 2962 350 2994 ex
379 2949 611 2994 monachis
641 2947 756 2993 fiunt
784 2948 1044 3005 episcopi“:
1087 2947 1261 3006 „Scio“
1293 2949 1440 3004 inquit
1473 2949 1673 3005 „nostris
1712 2948 1991 3005 temporibus
2031 2952 2237 2993 sanctum

290 3022 556 3068 Anselmum
578 3024 830 3067 Lucensem
861 3023 1137 3078 episcopum,
1170 3029 1303 3077 'quem
1327 3022 1453 3065 Deus
1486 3026 1590 3078 post
1620 3026 1810 3066 mortem
1842 3023 1994 3066 multis
2025 3026 2070 3066 et
2099 3022 2237 3066 variis

291 3101 338 3141 et
357 3097 535 3153 magnis
556 3095 828 3153 glorificavit
847 3096 1087 3151 miraculis,
1110 3095 1422 3151 humilitatem,
1454 3108 1591 3151 quam
1614 3095 1828 3151 gestabat
1845 3096 1892 3139 in
1911 3095 2061 3152 corde,
2092 3108 2236 3151 usque

291 3170 398 3215 dum
429 3171 556 3226 vixit,
587 3171 783 3215 vestium
814 3169 1077 3225 propalasse
1107 3169 1154 3212 in
1183 3167 1391 3212 habitu“.
1571 3170 1614 3212 4.
1653 3169 1878 3213 Bardonis
1907 3170 2004 3213 vita
2031 3168 2237 3214 Anselmi

291 3256 330 3288 c.
347 3244 517 3299 40(1.1.
540 3258 584 3300 p.
603 3244 700 3298 24):
735 3244 821 3300 „Et
851 3255 952 3286 cum
985 3242 1336 3286 concedentibus
1367 3243 1578 3300 episcopo
1599 3242 1794 3298 (Ubaldo
1815 3243 2078 3298 Mantuano)
2100 3247 2236 3299 atque

291 3318 522 3362 comitissa
543 3317 781 3372 (Mathildi)
812 3341 865 3348 —
897 3317 986 3360 iam
1018 3314 1269 3359 deferretur
1299 3316 1357 3359 ad
1382 3316 1705 3361 monasterium
1727 3329 1904 3372 corpus,
1937 3317 2066 3360 affuit
2086 3316 2235 3361 subito

290 3391 693 3435 reverendissimus
715 3389 959 3434 Sutriensis
981 3389 1220 3444 episcopus
1251 3389 1442 3434 domnus
1463 3390 1648 3446 Bonizo,
1681 3402 1815 3446 quem
1838 3389 2030 3445 Spiritus
2051 3394 2235 3434 sanctus

291 3463 540 3520 suscitavit,
571 3467 623 3507 ut
653 3464 881 3519 clamaret,
913 3462 1100 3518 dignum
1131 3475 1245 3519 esse,
1277 3467 1330 3507 ut
1358 3464 1405 3507 in
1435 3463 1663 3519 episcopio
1694 3464 1934 3519 episcopus
1955 3463 2233 3518 sepeliretur.

295 3569 316 3593 „
333 3569 354 3593 „
368 3535 552 3580 Tanta“
568 3536 589 3559 “
622 3538 768 3593 inquit
800 3571 821 3594 „
837 3537 1055 3594 „lucerna
1083 3548 1175 3580 non
1206 3535 1338 3580 decet
1356 3540 1408 3580 ut
1427 3535 1755 3594 abscondatur3
1787 3537 1885 3592 ipse
1906 3535 2054 3579 adhuc
2073 3536 2234 3580 vivens

291 3611 523 3664 tamquam
561 3610 798 3666 indignum
837 3622 887 3654 se
927 3609 1203 3665 humiliavit,
1253 3621 1336 3653 nos
1375 3613 1527 3653 autem
1567 3613 1620 3653 ut
1659 3622 1766 3654 vere
1806 3609 1996 3665 dignum
2035 3609 2234 3653 exaltare

292 3686 470 3738 oportet
497 3682 738 3740 hominem,
769 3696 904 3740 quem
934 3681 1074 3727 fuisse
1105 3682 1272 3726 scimus
1303 3682 1670 3727 sanctissimum“
1687 3682 1724 3727 “.

1777 3761 1881 3807 374*

2278 806 2391 849 1086

2272 1289 2380 1326 Mart.
2401 1291 2448 1327 17

2272 1480 2379 1517 Mart.
2402 1482 2448 1518 18
