2730 4198
362 432 476 475 1078

339 492 448 529 Mart.
467 493 489 528 9

521 297 631 349 310
1063 308 1338 346 GREGORII
1375 309 1454 345 v11
1491 308 1754 346 REGISTRI
1792 310 1826 345 v
1854 309 1914 346 15.

521 443 625 480 non
662 426 822 479 laicos
862 425 927 476 ad
964 424 1017 475 id
1056 423 1267 476 idoneos
1306 423 1362 476 in
1399 423 1528 491 loco,
1570 424 1658 492 qui
1683 425 1890 494 utrique
1914 428 2055 496 parti
2080 427 2230 482 abilis
2261 432 2312 481 et
2337 444 2458 482 con-

522 538 679 588 gruus
720 521 804 586 sit,
845 518 1121 571 convenire
1161 523 1565 586 commoneant⁰,
1606 523 1665 571 ut
1703 524 1792 573 aut
1828 537 2011 590 pacem
2036 522 2146 575 Deo
2174 523 2459 577 auxiliante

520 618 657 668 inter
694 631 785 667 vos
827 617 1141 683 componant
1180 618 1286 681 aut,
1327 614 1410 666 cui
1448 614 1587 683 parti
1625 615 1827 668 iustitia
1857 616 2047 685 faveat,
2086 619 2342 673 veraciter
2369 619 2458 673 ad-

521 712 736 763 discant.
796 709 932 762 Nam
967 709 1024 761 in
1062 709 1244 762 eadem
1283 709 1478 779 synodo
1520 708 1799 763 diffinitum
1830 715 1923 779 est,
1965 713 2132 781 quodb
2158 731 2252 768 nos
2279 719 2460 768 contra

521 823 635 859 eam
672 808 903 874 partem,
945 821 1077 873 quae
1115 821 1298 874 pacem
1336 805 1475 858 fastu
1515 805 1789 875 superbiae
1826 807 2132 861 refutaverit
2171 813 2223 862 et
2260 810 2344 863 cui
2379 811 2459 863 iu-

520 900 663 953 stitia
698 916 802 952 non
840 900 1052 967 faverit,
1103 901 1245 953 omni
1283 902 1552 955 conamine
1593 902 1933 970 omnibusque
1970 903 2165 956 11101118ο
2203 908 2460 973 potestate

518 995 658 1048 beati
703 994 848 1047 Petri
902 995 1248 1060 insurgamus
1325 996 1397 1050 Et
1443 998 1594 1066 quia‘l
1637 997 1913 1050 nonnullos
1963 998 2028 1051 de
2076 1015 2236 1066 regno
2286 1004 2459 1053 vestro

519 1090 871 1143 intelleximus
910 1089 1076 1156 magis
1114 1090 1343 1158 iurgium
1382 1097 1434 1145 et
1473 1094 1788 1146 discordiam
1828 1110 1982 1162 quam
2016 1110 2200 1163 pacem
2228 1094 2458 1163 diligere,

521 1203 585 1239 ex
630 1190 780 1255 parte
830 1186 1203 1254 omnipotentis
1251 1187 1351 1240 Dei
1401 1193 1474 1242 et⁴
1497 1189 1769 1242 beatorum
1818 1188 2173 1258 apostolorum
2220 1189 2364 1244 Petri
2409 1195 2462 1244 et

519 1281 670 1334 Pauli
707 1280 1092 1333 interdicimus:
1133 1284 1192 1334 ut
1228 1282 1401 1335 nullus
1442 1283 1534 1352 sit,
1576 1285 1664 1353 qui
1703 1285 1875 1353 aliquo
1913 1285 2121 1350 ingenio
2162 1289 2252 1338 aut
2290 1286 2460 1339 studio

521 1394 612 1429 seu
659 1376 908 1429 violentia
952 1376 1208 1445 impediat
1251 1378 1546 1447 praedictos
1585 1381 1724 1434 viros
1775 1381 1841 1433 ad
1879 1380 2275 1434 restaurandam
2311 1382 2462 1449 regni

520 1472 681 1525 vestri
720 1472 1049 1524 concordiam
1085 1473 1360 1526 convenire
1389 1477 1505 1526 aut⁰
1533 1476 1898 1528 convenientes
1933 1477 2131 1528 iustum
2165 1479 2217 1529 et
2239 1476 2461 1543 legalem

517 1567 638 1620 huic
677 1567 931 1620 discordie
968 1566 1149 1620 11118111ἶ
1184 1568 1469 1637 imponere.
1621 1571 1705 1623 Ad
1755 1571 2087 1640 reprimenda
2125 1572 2284 1624 etiam
2322 1557 2462 1625 mala

517 1663 728 1729 ingenia
775 1667 826 1715 et
870 1662 1082 1716 illicitos
1130 1668 1344 1717 conatus
1394 1665 1585 1718 iudicio
1637 1667 1803 1719 sancti
1853 1665 2078 1735 Spiritus
2136 1671 2188 1720 et
2236 1668 2460 1721 auctori-

517 1761 623 1811 tate
672 1757 985 1827 apostolicae
1025 1759 1163 1811 sedis
1213 1759 1768 1814 anathematizavimus
1817 1766 1868 1815 et
1913 1762 2413 1816 anathematizamus
2424 1771 2460 1831 ⁸,

518 1854 829 1922 quicumque
869 1883 938 1889 —
980 1854 1089 1907 sive
1126 1871 1223 1908 rex
1275 1855 1384 1909 sive
1425 1856 1843 1926 archiepiscopus
1893 1857 2002 1910 sive
2041 1858 2312 1927 episcopus
2352 1859 2462 1913 sive
2544 1900 2546 1902 -

518 1949 624 2002 dux
674 1950 783 2003 sive
830 1949 1061 2006 marchio
1110 1950 1248 2003 siveh
1290 1951 1507 2005 alicuius
1555 1952 1824 2019 dignitatis
1863 1952 1947 2005 vel
1995 1953 2190 2006 ordinis
2238 1970 2463 2023 persona

519 2045 588 2098 sit
614 2075 682 2080 ——
708 2045 1122 2114 praesumpserit
1148 2045 1320 2114 aliquo
1349 2048 1502 2100 modo
1528 2048 1663 2101 hanc
1689 2048 2012 2101 salutiferam
2039 2049 2462 2103 constitutionem

517 2139 841 2210 perturbare,
880 2140 1124 2194 videlicet
1149 2142 1239 2209 qui
1265 2158 1479 2211 operam
1505 2144 1721 2212 dederit,
1760 2161 1826 2197 ne
1856 2144 2152 2214 praedictus
2179 2149 2461 2198 conventus

517 2234 610 2288 fiat
648 2239 739 2288 aut
775 2236 1050 2288 concordia
1087 2240 1264 2289 tantae
1289 2239 1713 2306 perturbationis,
1863 2239 2166 2292 Adiecimus
2194 2240 2350 2293 etiam
2389 2241 2461 2293 ei-

519 2330 636 2382 dem
677 2330 1021 2383 anathemati:
1076 2335 1158 2399 ut,
1200 2332 1533 2401 quicumquei
1571 2334 1723 2387 11111118
1767 2334 2057 2402 iniquitatis
2096 2339 2462 2405 praesumptor

518 2425 691 2492 fuerit,
732 2442 837 2478 non
875 2425 1043 2478 solum
1079 2426 1135 2479 in
1176 2427 1352 2480 anima
1389 2428 1481 2481 sed
1518 2428 1678 2482 etiam
1714 2429 1771 2481 in
1809 2445 2022 2499 corpore
2062 2430 2195 2483 etin
2222 2430 2460 2484 omnibus

519 2520 674 2573 rebus
713 2521 820 2572 suis
857 2521 1144 2574 vindictam
1194 2523 1564 2592 omnipotentis
1602 2524 1710 2602 Dei>
1750 2525 1942 2578 sentiat
1980 2525 2123 2587 etin
2161 2526 2303 2578 omni
2340 2541 2461 2579 con-

519 2615 784 2682 gressione
832 2615 954 2668 belli
1001 2616 1172 2669 nullas
1211 2617 1348 2671 vires
1395 2619 1699 2688 nullumque
1746 2620 1803 2672 in
1842 2621 1950 2674 vita
1997 2637 2092 2673 sua
2136 2621 2461 2691 triumphum

520 2711 768 2780 optineat,
809 2711 916 2779 sed,
957 2711 1152 2781 duplici
1188 2714 1496 2767 contritione
1533 2719 1843 2784 prostratuS,
1883 2732 2089 2786 semper
2125 2716 2371 2771 vilescat*
2409 2721 2463 2771 et

520 2806 890 2872 confundatur3
949 2810 1009 2859 ut
1054 2807 1129 2860 sic
1187 2808 1371 2862 saltem
1429 2810 1494 2862 ad
1550 2811 1924 2880 poenitentiam
1980 2812 2153 2866 redire
2209 2812 2457 2866 addiscat.

519 2901 880 2955 Praesentium
917 2919 1039 2955 vero
1078 2904 1387 2972 portitorem
1425 2905 1491 2958 ad
1527 2905 1625 2959 hoc
1661 2907 1808 2961 vobis
1848 2907 2136 2975 dirigimus,
2175 2911 2235 2960 ut
2260 2935 2327 2945 ——
2354 2923 2461 2961 una

520 3013 639 3050 cum
677 2998 963 3051 venerabili
988 2999 1150 3053 fratre
1175 3005 1353 3054 nostro
1381 3001 1688 3055 Treverensi
1714 3003 2099 3073 archiepiscopo
2116 2999 2144 3070 ¹,
2185 3002 2273 3070 qui
2297 3001 2459 3055 Hein-

519 3093 626 3145 rico
672 3093 836 3161 favet,
888 3098 940 3147 et
978 3094 1165 3164 altere,
1217 3097 1307 3165 qui
1354 3097 1495 3150 utilis
1545 3101 1597 3150 et
1641 3098 1914 3166 religiosus
1963 3098 2029 3151 ad
2071 3098 2168 3150 hoc
2211 3097 2280 3150 sit
2328 3113 2457 3167 opus

521 3188 818 3258 episcopus¹
856 3206 921 3242 ex
958 3194 1109 3260 parte
1147 3190 1351 3245 Rodulfi
1390 3222 1459 3229 —-—
1499 3193 1672 3247 locum
1711 3198 1764 3247 et
1799 3197 2007 3263 tempus
2044 3192 2298 3262 praedicti
2336 3209 2458 3246 con—

519 3288 703 3337 ventus
750 3287 1006 3354 statuant,
1059 3292 1312 3355 quatenus
1362 3288 1522 3356 legati
1569 3290 1761 3356 nostri,
1812 3305 1939 3357 quos
1989 3287 2212 3356 praefati
2261 3305 2456 3357 811111118,

521 3380 751 3433 8801111118
790 3384 841 3434 81
880 3382 1070 3435 08111118
1111 3383 1177 3436 ad
1203 3400 1294 3437 vos
1322 3385 1499 3438 venire
1536 3388 1602 3452 et,
1643 3400 1774 3452 quae
1802 3383 2143 3452 omnipotenti
2167 3382 2320 3437 Deom
2344 3384 2457 3454 pla-

636 3493 669 3517 a.
702 3482 757 3518 ita
792 3483 885 3520 add.
919 3485 953 3520 2.
982 3485 1018 3521 3.
1172 3485 1209 3523 b.
1244 3487 1287 3522 ut
1321 3487 1357 3524 3.
1513 3497 1544 3523 0.
1581 3486 1756 3533 omnique
1789 3484 1900 3521 modo
1936 3485 1972 3521 3.
2139 3485 2176 3522 d.
2211 3486 2387 3534 quoniam
2420 3487 2457 3532 3.

521 3557 553 3582 8.
586 3547 628 3581 ut
655 3548 690 3583 3.
805 3547 831 3584 f.
856 3549 1006 3596 possint
1034 3550 1127 3587 add.
1147 3551 1182 3587 3.
1293 3562 1328 3598 g.
1364 3552 1398 3588 si
1425 3552 1518 3589 add.
1541 3553 1576 3588 2.
1693 3549 1731 3586 h.
1766 3559 1890 3586 comes
1918 3560 1985 3586 seu
2013 3550 2104 3586 add.
2125 3552 2161 3587 2.
2275 3551 2300 3588 i.
2329 3551 2394 3599 qui
2420 3552 2455 3588 3.

519 3610 557 3646 k.
585 3612 797 3648 conteratur
824 3614 858 3649 2.
988 3615 1013 3652 1.
1041 3615 1221 3663 episcopo
1249 3617 1284 3653 3.
1422 3628 1471 3653 m.
1500 3630 1568 3654 om.
1592 3617 1627 3652 3.

639 3674 679 3716 1.
712 3674 884 3720 Udone.
