2730 4198
794 288 1069 327 GREGORH
1105 288 1185 325 vn
1221 287 1488 326 REGISTRI
1524 289 1560 324 v
1595 287 1687 325 148.
2106 273 2212 327 307

268 405 483 456 veritate
509 409 823 476 percoqnita
834 446 851 472 ,
901 409 989 459 cui
1015 409 1170 476 parti
1204 407 1373 476 mayis
1411 407 1615 459 iustitia
1636 405 1853 474 faveat,
1896 405 1969 456 ad
1997 404 2216 474 plenum

270 500 536 554 addiscere
570 501 805 564 valeant3
846 505 1090 571 quatinus
1108 520 1243 572 pars
1268 503 1466 554 iniusta
1489 502 1780 571 resipiscat,
1823 510 1884 565 et,
1927 501 2216 570 apostolica

270 598 573 649 auctoritate
608 600 829 662 munita,
871 600 1072 651 iustitia
1108 598 1305 666 viyoris
1346 606 1390 648 et
1429 598 1754 649 auctoritatis
1781 597 1942 649 robur
1969 598 2212 667 optineat.

281 690 468 744 Verum
506 695 756 762 quoniam
792 693 1096 758 nonnullos,
1147 692 1404 745 diabolico
1443 694 1692 744 instinctu
1730 692 1988 756 collectos,
2031 702 2215 761 tyran-

268 787 410 839 nidis
456 806 581 841 suae
612 789 831 858 facibus
881 806 1144 854 accensos,
1195 789 1366 858 turpis
1415 787 1552 839 lucri
1596 789 1825 839 avaritia
1870 789 2214 857 mancipatos,

269 883 589 936 discordiam
626 887 807 955 potius
859 902 1018 954 quam
1045 901 1235 954 pacem
1258 883 1387 950 fieri
1422 893 1469 935 et
1503 884 1678 935 videre
1716 884 2064 935 desiderantes
2089 883 2218 951 fore

267 996 374 1031 non
420 981 749 1049 iynoramus,
800 983 1100 1034 statuimus.-
1147 989 1207 1031 ut
1251 978 1401 1030 nulla
1447 996 1682 1048 unquam
1721 997 1956 1048 persona
1994 979 2217 1031 alicuius

261 1078 544 1144 potentiae,
584 1078 691 1128 sive
726 1094 820 1128 rex
857 1086 950 1129 aut
986 1075 1407 1144 archiepiscopus
1447 1077 1720 1145 episcopus
1747 1076 1857 1127 dux
1884 1093 2048 1127 comes
2073 1094 2216 1127 mar-

270 1171 390 1223 chio*
422 1173 530 1224 sive
563 1172 737 1236 miles,
779 1172 962 1242 aliqua
996 1173 1422 1241 praesumptione
1458 1173 1793 1223 temerariove
1829 1189 1987 1236 ausu,
2013 1171 2219 1240 fraude

270 1267 450 1320 dolove
487 1286 577 1319 seu
615 1268 797 1337 aliqua
825 1268 1238 1337 perturbatione,
1281 1267 1462 1336 leyatis
1500 1269 1693 1320 nostris
1734 1268 1976 1320 obsistere
2014 1278 2062 1319 et
2095 1286 2216 1319 con-

269 1365 447 1428 traire,
487 1382 552 1415 ne
587 1365 842 1416 iustitiam
878 1373 926 1416 et
942 1363 1107 1431 finem
1133 1373 1461 1433 componant,
1499 1371 1846 1434 pertemptet⁸.
1911 1362 2219 1433 Quicunque

270 1469 439 1512 autem
477 1461 747 1512 temerario
788 1477 937 1524 ausu,
981 1461 1123 1528 quod
1145 1479 1251 1512 non
1291 1470 1546 1530 optamus,
1588 1460 1741 1512 liuius
1779 1470 1987 1513 nostrae
2026 1463 2217 1513 consti-

270 1556 482 1606 tutionis
520 1555 746 1608 violator
783 1557 1022 1620 extiterit,
1066 1556 1350 1626 leyatisque
1387 1558 1577 1608 nostris
1618 1557 1688 1608 ad
1714 1556 1847 1607 banc
1864 1575 2054 1626 pacem
2080 1575 2217 1609 com-

263 1651 565 1720 ponendam
603 1651 836 1703 euntibus
867 1654 1287 1721 praenominatis
1310 1652 1568 1721 fraudem
1595 1652 1850 1722 obponere
1877 1655 2216 1722 temptaverit,

267 1747 472 1799 vinculo
500 1765 615 1799 eum
640 1748 983 1800 anathematis
1011 1748 1308 1818 alliqamus,
1347 1759 1392 1800 et
1417 1766 1523 1800 non
1549 1748 1717 1800 solum
1741 1750 1799 1800 in
1825 1750 2017 1818 spiritu
2041 1767 2219 1800 verum

271 1844 424 1895 etiam
459 1845 587 1895 etin
614 1861 831 1913 corpore
856 1848 903 1896 et'
929 1846 1072 1896 omni
1087 1846 1439 1914 prosperitate
1466 1844 1619 1896 buius
1647 1846 1783 1896 vitae
1809 1844 2096 1914 apostolica
2114 1863 2216 1914 po-

270 1948 446 1991 testate
473 1940 803 2004 innodamus,
835 1949 881 1991 et
907 1941 1180 1992 victoriam
1217 1938 1354 1992 eiusb
1382 1942 1543 1992 armis
1571 1940 1886 2009 auferimus;
1921 1951 1980 1992 ut
2012 1942 2087 1992 sic
2112 1940 2218 1992 sal-

270 2036 364 2087 tim
401 2034 790 2103 confundantur
829 2045 876 2088 et
899 2036 1103 2106 duplici
1125 2036 1428 2105 confusione
1454 2046 1501 2088 et
1531 2038 1838 2089 contritione
1869 2046 2217 2089 conterantur.

416 2121 573 2182 Item:
615 2131 870 2183 Rainerio
908 2149 1028 2183 vero
1071 2120 1323 2201 inzzoni
1345 2133 1465 2200 filio
1504 2133 1738 2184 indutias
1777 2134 1936 2185 trium
1976 2133 2218 2184 ebdoma-

271 2226 460 2278 darum
508 2227 708 2278 damus.
791 2226 994 2292 Quodsi
1037 2229 1094 2278 in
1133 2230 1313 2297 spacio
1353 2230 1451 2280 isto
1492 2246 1669 2280 coram
1703 2230 2002 2298 praesentia
2040 2239 2221 2281 nostra

270 2331 362 2374 aut
377 2340 480 2391 per
504 2340 557 2374 se
582 2332 674 2374 aut
689 2340 792 2392 per
818 2322 1010 2392 leyatos
1036 2341 1156 2375 suos
1182 2325 1435 2376 iustitiam
1445 2324 1633 2393 facere
1653 2325 1881 2377 noluerit
1899 2353 1968 2360 —
1993 2342 2048 2377 eo
2079 2326 2221 2394 quod

254 2416 489 2484 fratrem
526 2436 678 2470 suum
714 2437 875 2471 manu
912 2437 1010 2471 sua
1047 2421 1307 2472 interemit
1342 2429 1390 2473 et
1424 2421 1589 2473 multa
1625 2422 1865 2490 periuria
1900 2430 1959 2472 ut
1982 2421 2219 2473 scelestus

269 2515 534 2565 incurrere
569 2533 676 2567 non
713 2515 1010 2580 abhorruit,
1064 2526 1111 2568 et
1147 2526 1421 2585 coqnatam
1458 2535 1608 2568 suam
1647 2526 1695 2568 et
1720 2516 1988 2586 pupillos,
2033 2514 2229 2569 liberos

271 2610 448 2677 utique
481 2609 680 2678 fratris
729 2613 837 2675 sui,
888 2621 1062 2664 castra
1102 2630 1278 2664 eorum
1317 2613 1615 2682 diripiendo
1656 2622 1703 2665 et
1730 2614 1987 2683 praedia,
2040 2623 2220 2665 contra

272 2706 479 2756 animae
516 2723 640 2757 suae
669 2706 966 2775 periculum
1003 2725 1191 2760 vexare
1226 2727 1333 2760 non
1371 2709 1560 2761 desinit
1586 2737 1656 2744 -—
1692 2718 1952 2761 transacto
1988 2727 2218 2778 praeno-

270 2802 468 2853 minato
507 2802 741 2866 terminO,
783 2801 1106 2856 anathemate
1145 2822 1259 2856 eum
1296 2804 1566 2873 alliyando
1598 2806 1940 2874 percutimus.

418 2897 493 2949 Et
514 2897 693 2964 filium
732 2901 959 2951 comitis⁰
981 2938 1096 2966 ....,
1140 2901 1276 2952 datis
1315 2902 1535 2953 indutiis
1573 2918 1738 2969 usque
1765 2902 1823 2952 in
1840 2900 2056 2969 palmas
2073 2894 2102 2964 ¹,
2144 2901 2217 2951 si-

270 2993 388 3045 mili
424 2996 947 3047 excommunicatione
982 2997 1315 3060 innodamus,
1357 3013 1413 3047 eo
1453 2997 1595 3064 quod
1631 2995 1916 3048 [ascensem
1954 2995 2220 3047 ecclesiam

274 3090 439 3157 quiete
475 3107 699 3155 manere,
741 3108 838 3142 sua
876 3092 1192 3161 diripiendO,
1233 3092 1445 3142 minime
1473 3093 1745 3160 permittit.

417 3185 943 3240 Eoecommunicamus
984 3204 1154 3238 omnes
1192 3185 1531 3238 Normannos
1541 3226 1556 3250 ,
1610 3188 1704 3255 qui
1739 3187 1985 3238 invadere
2024 3196 2219 3238 terram

276 3278 462 3332 Sancti
497 3274 649 3334 Petri
686 3282 952 3348 laborant,
993 3282 1230 3334 videlicet
1265 3281 1555 3333 marchiam
1591 3281 1932 3346 Firmanam,
1974 3283 2219 3333 ducatum

277 3373 644 3444 Spoletanum3
696 3388 741 3430 et
778 3397 887 3444 eos,
941 3381 1035 3448 qui
1070 3378 1420 3430 Beneventum
1461 3377 1717 3442 obsident,
1761 3387 1808 3430 et
1845 3379 1939 3446 qui
1972 3378 2219 3430 invadere

276 3480 323 3522 et
359 3472 675 3540 depraedari
709 3476 945 3527 nituntur
971 3473 1315 3544 Campaniam
1354 3483 1398 3525 et
1423 3473 1753 3525 Maritimam
1778 3483 1932 3542 atque
1960 3471 2187 3526 Sabinos
2199 3492 2217 3535 ,-

273 3583 365 3618 nec
401 3585 507 3619 non
546 3579 591 3621 et
629 3571 724 3639 qui
758 3580 1011 3641 temptant
1046 3570 1222 3622 urbem
1262 3555 1561 3621 Romanam
1600 3568 1930 3638 confundere.

395 3675 434 3717 l·
465 3673 577 3731 APP—
601 3677 640 3719 1·
827 3698 859 3723 a.
885 3687 1138 3735 pertemptent
1161 3702 1192 3723 c.
1294 3686 1331 3723 b.
1359 3688 1522 3736 sequitur
1540 3685 1580 3722 in
1602 3687 1637 3722 in
1658 3686 1742 3722 cod.
1847 3695 1880 3722 c.
1907 3687 2073 3736 sequitur
2090 3687 2217 3722 litura.

1765 3748 1863 3792 20*

2278 409 2393 453 1078

2257 469 2365 506 Mart.
2386 471 2408 506 3
