2782 4198
801 323 1076 362 GREGORn
1115 325 1192 360 vn
1229 323 1494 362 REGISTRI
1530 323 1588 360 1v
1616 321 1677 359 19.
2109 307 2213 359 267

267 434 346 499 Ν
378 439 474 496 19.
512 439 813 496 Galliarum
837 444 1186 496 sacerdotibus
1216 442 1542 514 Stephanum
1569 443 1868 512 episcopum
1886 438 2220 492 siniciensem

509 541 1004 592 excommunicatum
1031 550 1077 592 et
1101 540 1594 592 anathematizatum
1619 539 1842 590 nuntiat.
1906 536 2054 590 Vetat
2078 536 2219 588 dona

428 700 430 704 Ι
507 635 565 685 in
590 635 764 687 Podio
806 635 863 689 S.
893 637 1103 688 Mariae
1130 636 1322 705 offerri,
1365 636 1526 687 donec
1564 634 1653 686 ille
1693 652 1754 686 eat
1789 633 2000 686 ecclesia
2025 634 2217 685 disces-

507 733 675 783 θοήν.

417 838 699 909 Gregorius
739 841 1015 911 episcopus
1054 856 1235 894 servus
1276 855 1546 893 servorum
1583 837 1685 892 Dei
1723 837 1982 891 universis
2023 827 2218 891 Gallia-

267 953 385 990 rum
425 937 683 1007 episcopis
724 942 776 990 et
813 938 1011 991 cunctis
1051 936 1318 990 ordinibus
1367 935 1462 988 sub
1509 934 1582 987 eis
1622 933 1947 1002 constitutis,
1998 933 2217 1002 quibusb

266 1050 363 1103 pro
402 1033 589 1086 merito
629 1033 862 1101 debetur,
903 1033 1125 1086 salutem
1164 1036 1216 1085 et
1255 1030 1596 1101 apostolicam
1633 1029 2066 1084 benedictionem.

415 1129 611 1184 Notum
649 1146 762 1183 esse
799 1129 1038 1183 volumus
1077 1127 1284 1181 caritati
1309 1130 1530 1195 vestrae,
1570 1125 1709 1195 quod
1736 1125 2049 1196 StephanUS,
2088 1125 2219 1179 Ani-

269 1226 458 1279 ciensis
485 1226 731 1280 ecclesiae
755 1226 966 1278 invasor
993 1228 1045 1278 et
1070 1224 1417 1294 symoniacuS,
1452 1223 1648 1276 iuravit
1671 1222 1820 1276 nobis
1849 1239 2006 1292 super
2031 1238 2219 1292 corpus

267 1322 408 1376 beati
432 1322 600 1377 Petri:
639 1325 699 1375 ut
737 1321 1008 1375 ecclesiam
1038 1321 1210 1391 ipsam
1237 1320 1524 1374 dimitteret
1563 1322 1615 1372 et
1642 1322 1907 1389 pastorem
1943 1318 2001 1372 in
2039 1334 2102 1372 ea
2139 1335 2220 1372 se-

269 1419 495 1472 cundum
543 1418 713 1472 Deum
762 1417 953 1485 eligere
1001 1421 1155 1486 atque
1205 1417 1547 1470 constituere⁰
1585 1432 1679 1486 per
1725 1414 1882 1468 fidem
1931 1414 2218 1483 adiuvaret,

269 1515 698 1584 quandocumque
734 1514 937 1582 legatus
977 1514 1294 1584 apostolicae
1339 1512 1478 1566 sedis
1517 1528 1636 1565 cum
1673 1511 1863 1565 litteris
1903 1511 2096 1564 nostris
2135 1510 2219 1564 id‘¹

269 1627 386 1664 eum
423 1611 594 1665 facere
633 1628 728 1681 per
766 1614 1151 1664 sacramentum
1189 1611 1441 1662 moneret.
1500 1607 1690 1661 Postea
1713 1625 1835 1661 vero
1873 1607 2219 1660 commonitus

268 1723 299 1760 a
336 1707 595 1761 confratre
633 1711 812 1761 nostro
850 1707 1069 1776 Hugone
1108 1706 1293 1760 Diensi
1333 1705 1577 1775 episcopo
1619 1734 1688 1741 —
1729 1704 1882 1757 huius
1923 1703 2220 1774 specialiter

266 1804 470 1871 negocii
507 1803 710 1857 litteras
751 1821 782 1857 a
819 1803 968 1858 nobis
1003 1803 1243 1870 habente,
1285 1802 1521 1871 quamvis
1559 1801 1727 1855 eidem
1752 1801 1892 1855 vices
1918 1805 2125 1855 nostras
2163 1801 2220 1854 in

268 1897 557 1953 Galliarum
583 1899 821 1969 partibus
849 1900 1289 1953 commisissemus
1317 1929 1386 1935 —
1417 1898 1688 1951 ecclesiam
1713 1914 1820 1951 non
1845 1901 2015 1951 cessat
2042 1898 2220 1968 oppri-

267 2012 410 2049 mere
450 2000 502 2050 et
537 1995 672 2049 filios
713 1997 823 2050 eius
863 1996 1059 2066 duplici
1096 1995 1423 2063 contritione,
1463 1994 1722 2065 corporali
1749 1994 1946 2048 scilicet
1977 1999 2030 2048 et
2066 1994 2220 2064 spiri-

267 2091 423 2160 tuali,
475 2096 755 2146 conterere.
842 2092 992 2146 Unde
1043 2091 1658 2160 excommunicationem,
1719 2108 1876 2160 quam
1921 2091 2220 2161 praedictus

265 2187 467 2255 legatus
507 2193 684 2242 noster
723 2206 881 2259 super
920 2206 1039 2242 eum
1077 2188 1225 2256 fecit,
1274 2205 1370 2241 nos
1411 2186 1805 2255 confirmamus3
1853 2188 2130 2258 ipsumque
2171 2191 2223 2241 et

268 2301 463 2353 omneS,
506 2285 594 2354 qui
633 2285 876 2355 deinceps
916 2285 1190 2338 consilium
1231 2285 1279 2338 ei
1318 2284 1573 2352 dederint,
1613 2289 1672 2338 ut
1699 2284 1755 2336 in
1781 2284 1879 2337 hac
1905 2284 2076 2338 heresi
2101 2302 2221 2355 per—

266 2383 503 2449 maneat,
553 2397 618 2434 ex
664 2385 814 2451 parte
853 2381 954 2434 Dei
993 2385 1045 2434 et
1083 2381 1252 2434 sancti
1289 2380 1434 2434 Petri
1473 2380 2005 2449 anathematizamUS,
2058 2381 2222 2435 donec

267 2476 593 2546 resipiscant.
664 2476 1081 2531 Contradicimus
1132 2478 1315 2531 etiam:
1366 2481 1426 2531 ut
1474 2477 1674 2530 nullam
1712 2477 1991 2547 pecuniam
2030 2477 2219 2547 aliquis

271 2570 453 2625 offerat
497 2573 553 2626 in
577 2572 739 2627 Podio
769 2573 990 2627 Sanctae
1017 2572 1214 2627 Mariae
1231 2570 1259 2642 ¹,
1301 2574 1411 2628 sive
1451 2574 1516 2626 ad
1556 2573 1743 2627 altaria
1781 2573 1890 2627 sive
1929 2573 1995 2627 ad
2033 2591 2218 2628 manus

271 2668 622 2737 sacerdotum,
673 2669 836 2723 donec
883 2670 1101 2724 ecclesia
1146 2670 1398 2724 liberetur
1437 2688 1468 2723 a
1505 2674 1615 2724 tam
1652 2670 1819 2740 impia
1857 2671 2218 2741 oppressione3

271 2764 395 2833 quia
433 2764 718 2817 oblationes
756 2763 986 2818 fidelium
1021 2766 1346 2836 praedictum
1375 2765 1700 2837 Stephanum
1726 2784 1758 2819 a
1782 2765 1894 2820 Deo
1923 2770 2220 2836 apostatare

271 2863 426 2928 atque
465 2864 646 2920 contra
686 2877 804 2913 eum
842 2861 1040 2914 faciunt
1067 2863 1351 2931 superbire.
1414 2862 1573 2917 Vobis
1602 2866 1793 2931 autem,
1832 2863 2022 2916 fratres
2048 2863 2220 2933 coepi-

269 2956 438 3025 scopi,
488 2955 623 3009 hanc
671 2956 1260 3011 excommunicationem
1309 2963 1464 3027 atque
1501 2959 1967 3012 contradictionem
2003 2959 2060 3011 in
2097 2976 2220 3029 par-

267 3051 490 3105 roechiis
529 3052 718 3106 vestris
757 3050 861 3122 per'
892 3052 1099 3106 diversa
1134 3053 1252 3107 loca
1286 3055 1507 3108 recitare
1547 3059 1599 3108 et
1627 3072 1692 3108 ex
1717 3059 1868 3125 parte
1894 3058 2072 3108 vestra
2097 3070 2219 3107 con-

266 3146 502 3217 firmare,
563 3148 849 3218 apostolica
899 3149 1207 3202 auctoritate
1254 3150 1622 3220 praecipimus,
1709 3151 1877 3204 Data⁰
1926 3149 2217 3204 Bibianello

272 3246 340 3298 10
378 3244 641 3298 Kalendas
680 3244 898 3315 Aprili-s,
937 3244 1222 3299 indictione
1267 3246 1348 3299 15.

383 3389 416 3414 a.
453 3380 608 3428 Legitur
634 3380 744 3414 etiam
781 3375 818 3424 2)
842 3391 904 3426 ap.
924 3379 1071 3427 Hugon.
1093 3378 1257 3421 Flavia„
1287 3379 1392 3414 Mon.
1411 3379 1531 3415 Germ.
1550 3379 1616 3416 SS.
1644 3377 1741 3415 VIII
1766 3377 1855 3414 417.
1985 3377 2020 3414 b.
2058 3388 2153 3425 quae
2180 3379 2217 3415 2.

269 3453 300 3479 c.
330 3443 418 3490 eligi
449 3463 490 3468 -—
522 3443 702 3481 constitui
729 3445 764 3480 2.
923 3443 959 3479 d.
987 3442 1061 3479 hoe
1089 3444 1124 3480 2.
1282 3453 1314 3479 e.
1341 3442 1441 3480 Data
1472 3461 1513 3467 —-
1546 3443 1594 3481 15
1624 3457 1693 3480 om.
1713 3444 1748 3479 2.

387 3529 427 3572 1.
467 3529 514 3573 in
554 3529 776 3574 dioecesis
806 3527 1065 3573 Aniciensis
1097 3529 1266 3585 capite,
1307 3526 1469 3573 Anicio
1502 3541 1537 3573 s.
1561 3529 1703 3573 Podio
1735 3527 1780 3573 S.
1802 3529 1972 3573 Mariae
2010 3529 2129 3588 (Puy
2160 3541 2217 3574 en

267 3601 429 3656 Velai).

2281 848 2395 892 1077

2247 908 2355 945 Mart.
2376 910 2424 946 23
