2730 4198
503 262 608 315 678
987 271 1334 312 Bom'rnoms
1373 272 1450 308 AD
1490 270 1717 309 AMICUM
1754 271 1862 309 ΠΒ.
1890 272 1954 308 1x

355 398 467 443 1081
499 392 695 445 tionem
734 395 786 445 et
822 389 988 444 multa
1025 393 1077 444 et
1111 388 1258 442 varia
1294 386 1591 454 homicidia,
1630 388 1751 456 post
1787 386 1959 439 varias
1999 386 2171 441 clades
2212 392 2264 442 et
2287 388 2444 442 mise-

499 486 633 554 riaS,
683 503 810 555 quas
854 485 1102 553 Romani,
1150 482 1384 537 nolentes
1431 481 1825 552 pseudopapam
1873 481 2161 552 suscipere,
2208 483 2444 554 perpessi

502 586 638 652 sunt,
679 598 797 635 cum
836 581 1016 634 eodem
1054 597 1148 633 rex
1186 577 1603 646 Longobardiam
1642 577 1833 631 infecto
1872 577 2086 645 negocio
2123 578 2296 632 rediit.

382 691 473 729 Dec.
651 676 896 746 Sequenti
935 692 1058 730 vero
1097 675 1285 743 hieme,
1325 674 1518 727 ducens
1559 689 1733 727 secum
1762 672 2087 743 pestiferum,
2125 674 2316 728 iterum
2341 674 2445 729 Ro-

312 823 427 866 1082
501 773 733 826 maniam
771 772 1002 826 intravit.
1079 771 1150 825 Et
1189 770 1512 841 depopulans
1551 769 1735 837 urbeS,
1776 771 1828 821 et
1866 771 2039 821 castra
2077 773 2338 839 evertenS,
2379 770 2446 824 ad

254 882 471 931 Mart.Apr.
499 869 744 922 ultimum
781 885 875 938 per
914 884 1065 921 omne
1105 865 1556 936 quadragesimale
1594 869 1801 935 tempus
1839 863 2060 917 Romam
2099 865 2316 918 obsedit.
2373 865 2446 919 Et

220 979 309 1026 post
321 978 410 1026 Apr.
422 978 471 1015 24
500 969 620 1035 post
656 964 865 1034 pascha,
907 963 1137 1016 exercitu
1173 980 1268 1033 per
1307 962 1544 1015 civitates
1584 965 1635 1015 et
1660 960 1833 1014 vicina
1870 963 2044 1013 castra
2079 960 2307 1029 undique
2345 961 2445 1014 cir-

500 1060 760 1127 cumquO,
808 1059 1075 1113 dimittens
1116 1058 1254 1128 apud
1293 1058 1572 1128 Tyburim¹³
1612 1056 1945 1125 Guibertum,
1992 1056 2106 1126 ipse
2144 1054 2445 1124 Longobar-

500 1155 640 1208 diam
678 1155 943 1208 remeavit.

649 1248 928 1303 Guibertus
966 1237 1089 1303 vero
1127 1253 1186 1302 ut
1210 1248 1446 1302 Alcimus
1487 1248 1615 1302 satis
1655 1247 1842 1317 agebat
1864 1264 1960 1318 pro
1989 1247 2278 1302 sacerdotio
2305 1265 2398 1302 suo
2415 1245 2442 1303 ¹.

499 1345 634 1399 Nam
671 1362 767 1415 per
806 1361 957 1398 omne
997 1344 1250 1399 estivumh
1277 1349 1484 1415 tempus
1518 1362 1737 1413 magnas
1765 1343 2161 1414 depredationes
2189 1348 2241 1398 et
2270 1345 2444 1400 varias

498 1441 850 1494 Romanorum
877 1439 1069 1493 civium
1105 1441 1458 1494 truncationes
1484 1440 1732 1507 faciebat3
1774 1440 1960 1494 dehinc
1986 1444 2185 1509 segetes
2216 1444 2269 1495 et
2294 1458 2445 1509 agros

498 1535 709 1590 flamma
748 1535 1086 1606 depopulanS,
1127 1537 1190 1590 de
1228 1537 1449 1607 penuria
1475 1536 1560 1590 vel
1583 1536 1722 1590 fame
1746 1534 1974 1589 filiorum
1999 1536 2136 1590 male
2163 1538 2441 1605 cogitabat.

648 1630 896 1701 Sequenti
933 1649 1055 1686 vero
1104 1632 1278 1686 hieme
1325 1633 1517 1686 iterum
1559 1649 1655 1686 rex
1690 1630 1887 1685 Romae
1924 1649 2165 1686 reversus
2205 1637 2297 1687 est.
2374 1632 2447 1688 Et

353 1736 467 1780 1083
497 1731 775 1799 postquam
813 1729 1153 1782 sacramentis
1193 1728 1328 1782 datis
1372 1727 1640 1782 firmatum
1687 1731 1790 1781 est:
1843 1744 2021 1782 omnes
2068 1728 2340 1797 religiosos
2380 1740 2446 1783 ex

499 1841 803 1894 quocunque
828 1841 1006 1893 regno,
1033 1824 1266 1879 volentes
1292 1824 1511 1878 Romam
1550 1824 1745 1893 visere,
1783 1823 1963 1878 venire
2003 1821 2259 1894 securos²,
2297 1828 2445 1896 post⁰

252 1948 284 1974 ο.
302 1936 397 1974 Nov.
418 1936 465 1974 11
497 1921 791 1991 captionem
829 1920 1123 1974 Hostiensis
1174 1917 1435 1992 episcopi³
1475 1921 1799 1989 aliorumque
1835 1919 2228 1988 religiosorumd
2265 1938 2446 1976 mona-

497 2017 712 2070 chorum
739 2020 790 2070 et
816 2016 1122 2071 clericorum
1147 2017 1328 2072 videns
1355 2034 1411 2071 se
1438 2034 1469 2071 a
1495 2016 1824 2070 Cluniacensi
1851 2012 2066 2070 abbate⁴
2092 2020 2144 2070 et
2187 2017 2251 2071 ab
2279 2018 2445 2071 omni-

496 2113 593 2167 bus
634 2113 908 2184 episcopiS,
948 2117 1057 2166 tam
1097 2113 1298 2168 clericis
1338 2130 1492 2183 quam
1521 2112 1789 2166 monachis
1800 2120 1834 2181 ⁰,
1873 2112 2056 2167 haberi
2090 2113 2445 2167 excommuni-

499 2214 689 2279 catum,
730 2209 796 2262 ad
835 2208 1023 2263 callida
1052 2227 1175 2263 mox
1203 2227 1258 2264 se
1285 2209 1505 2264 contulit
1531 2212 1853 2277 argumenta.
2003 2208 2156 2277 Nam,
2194 2213 2255 2263 ut
2277 2225 2443 2280 popu-

496 2305 663 2359 larem
700 2309 936 2375 captaret
971 2306 1221 2374 favorem,
1263 2306 1422 2359 dixit:
1463 2322 1518 2359 se
1558 2322 1589 2358 a
1614 2303 1898 2358 venerabili
1925 2302 2174 2372 Gregorio
2200 2321 2444 2358 coronam

498 2401 630 2455 velle
670 2401 904 2471 accipere
940 2401 1266 2472 imperialem
1279 2398 1312 2454 ⁵.
1380 2400 1528 2465 Quod
1565 2403 1624 2453 ut
1661 2399 1884 2470 populus
1925 2399 2124 2454 audivit
2159 2399 2442 2470 RomanuS‚

619 2595 653 2621 a.
688 2583 863 2631 Tyberim
890 2599 922 2621 c.
1045 2583 1082 2620 b.
1116 2583 1295 2621 festivum
1322 2599 1353 2621 c.
1471 2594 1502 2620 c.
1540 2597 1591 2620 an
1616 2584 1795 2631 propter?
1920 2583 1957 2620 d.
1991 2585 2155 2633 sequitur
2182 2583 2445 2633 episcoporum

499 2651 568 2688 sed
593 2650 793 2687 inductum.
923 2661 956 2686 e.
989 2651 1045 2687 sic
1073 2650 1156 2686 cod.

617 2729 657 2772 1.
692 2729 717 2771 1
737 2727 879 2771 Macc.
904 2729 943 2784 7,
967 2729 1046 2771 21:
1092 2727 1185 2784 „Et
1225 2727 1336 2771 satis
1376 2726 1543 2783 agebat
1572 2725 1777 2771 Alcimus
1806 2739 1889 2783 pro
1919 2727 2174 2784 principatu
2205 2728 2446 2773 sacerdotii

499 2800 612 2846 sui“.
734 2802 774 2844 2.
806 2800 1020 2845 Bernoldi
1041 2799 1192 2844 chron.
1217 2801 1331 2844 1083
1361 2814 1406 2857 p.
1427 2800 1537 2844 438:
1573 2800 1844 2857 „Heinricus
1870 2813 2050 2857 quoque
2071 2800 2203 2845 ituris
2234 2801 2294 2845 ad
2322 2801 2445 2846 illam

500 2874 725 2932 synodum
772 2877 818 2918 et
855 2873 1066 2918 redituris
1107 2874 1396 2918 securitatem
1433 2873 1720 2918 iureiurando
1760 2872 1919 2918 fecit“.
1977 2873 2044 2918 Of.
2086 2873 2292 2931 Gregorii
2328 2875 2443 2932 Reg.

499 2948 609 2993 VIII
638 2948 695 2992 58
726 2960 863 3004 supra
891 2961 935 3003 p.
958 2947 1059 2991 516.
1189 2948 1230 2991 3.
1264 2946 1463 3003 Ottonis3
1495 2959 1630 3003 quem
1654 2947 1801 3004 „circa
1830 2946 2125 2992 festivitatem
2155 2948 2300 2992 sancti
2327 2949 2443 2992 Mar-

499 3020 616 3064 tini“
651 3022 708 3076 (c.
735 3021 850 3066 Nov.
874 3021 946 3075 11)
980 3024 1162 3077 captum
1194 3033 1317 3076 esse,
1356 3020 1544 3064 tradidit
1572 3020 1825 3065 Bernoldus
1855 3021 1902 3064 in
1934 3021 2096 3066 Chron.
2129 3021 2188 3065 ad
2218 3022 2333 3066 1083
2363 3022 2391 3065 l.
2412 3022 2442 3066 1.

499 3109 543 3150 p.
564 3095 666 3138 438.
785 3094 827 3137 4.
859 3094 1068 3149 Hugone.
1188 3093 1230 3138 5.
1267 3094 1504 3151 „Romani,
1535 3094 1765 3138 nesciente
1794 3107 1926 3151 papa,
1957 3094 2168 3138 Heinrico
2189 3106 2239 3138 se
2259 3094 2442 3139 effectu-

499 3179 574 3210 ros
604 3167 884 3223 iuraverant,
927 3170 980 3210 ut
1018 3171 1098 3211 aut
1127 3166 1372 3223 Gregorius
1401 3181 1522 3224 papa
1552 3179 1656 3211 eum
1686 3167 1992 3224 incoronaret,
2034 3171 2113 3211 aut
2142 3167 2275 3223 alius,
2309 3179 2443 3224 quem

499 3240 586 3295 ipsi
605 3241 679 3283 illo
701 3240 888 3295 expulso
910 3240 1126 3296 eligerent
1140 3240 1177 3297 “‚
1209 3241 1422 3285 Bernoldi
1442 3240 1594 3285 chron.
1619 3241 1733 3284 1083
1753 3254 1797 3297 p.
1817 3241 1919 3285 438.
1965 3240 2269 3285 Romanorum
2290 3244 2443 3285 autem

501 3316 844 3368 sacramentum,
878 3326 903 3356 e
934 3314 1091 3358 codice
1115 3315 1261 3358 musei
1280 3314 1530 3358 Britannici
1550 3313 1786 3369 (Arundel.
1810 3327 1853 3357 n.
1871 3314 1970 3369 390,
1992 3311 2067 3357 fol.
2087 3314 2188 3368 132)
2220 3326 2247 3357 a
2266 3314 2443 3359 Pertzio

501 3386 774 3442 descriptum
805 3386 851 3429 in
880 3387 999 3431 Mon.
1023 3387 1173 3432 Germ.
1197 3386 1410 3433 SS.V111
1427 3388 1514 3431 461
1546 3387 1632 3431 hoc
1662 3385 1768 3431 fuit:
1804 3385 1933 3443 „Tibi
1954 3386 2157 3442 dicimus,
2188 3398 2269 3430 rex
2287 3387 2442 3441 H(ein-

499 3458 621 3514 rice),
653 3459 760 3514 quia
778 3471 861 3503 nos
882 3459 999 3504 infra
1017 3461 1259 3505 terminum
1279 3461 1419 3517 illum,
1451 3472 1584 3516 quem
1604 3463 1755 3503 tecum
1775 3471 2009 3515 ponemus,
2042 3458 2101 3502 ad
2124 3459 2179 3503 15
2200 3459 2298 3504 dies
2319 3463 2442 3517 post-

501 3543 635 3586 quam
665 3532 853 3575 Romam
884 3534 1085 3590 veneris,
1129 3533 1348 3578 faciemus
1385 3537 1431 3577 te
1463 3545 1678 3577 coronare
1708 3545 1872 3589 papam
1904 3531 2192 3589 Gregorium,
2232 3533 2272 3577 si
2307 3533 2443 3578 vivus

501 3607 571 3646 est
599 3605 671 3647 vel
703 3605 742 3647 si
771 3603 886 3649 forte
918 3606 974 3650 de
1005 3607 1150 3650 Roma
1179 3620 1270 3651 non
1299 3605 1481 3663 fugerit.
1542 3604 1591 3650 Si
1621 3609 1773 3650 autem
1804 3608 2007 3649 mortuus
2038 3603 2174 3649 fuerit
2203 3605 2277 3650 vel
2306 3605 2346 3650 si
2374 3603 2442 3650 fu-

500 3676 618 3732 gerit
647 3680 693 3720 et
723 3679 888 3722 reverti
917 3679 1110 3723 noluerit
1139 3679 1199 3723 ad
1228 3683 1432 3725 nostrum
1464 3678 1720 3736 consilium,
1760 3681 1811 3723 ut
1839 3681 1886 3722 te
1917 3682 2102 3723 coronet
2130 3677 2248 3724 infra
2276 3677 2443 3724 consti-
