2722 4172
516 256 618 311 156
988 271 1259 311 GREGORII
1294 271 1373 308 vn
1410 269 1672 308 REG1s'rR1
1708 271 1750 307 11
1782 270 1959 307 42—44.

366 393 480 438 1075
511 406 712 458 sumuS,
754 390 894 443 omni
932 405 1056 443 cura
1094 391 1146 442 et
1183 387 1352 441 studio
1393 403 1603 455 surgere
1641 389 1693 440 et
1729 403 1960 457 pugnare
2000 389 2265 458 convenit,
2305 389 2438 444 sicut

362 453 483 492 1an.4
508 486 614 540 iam
651 503 744 557 per
780 485 974 554 aliquot
1006 501 1166 538 annos
1192 484 1247 536 in
1274 482 1558 554 apostolica
1583 482 1704 536 sede
1730 481 1842 536 fieri
1867 485 2148 554 consuevit,
2186 485 2242 538 in
2268 485 2438 556 prima

509 582 795 637 ebdomada
832 576 1285 650 quadragesimae¹
1311 579 1562 650 synodum
1588 578 1700 633 Deo
1739 584 1996 634 annuente
2034 580 2294 635 celebrare
2331 581 2436 635 dis-

505 679 790 750 posuimus,
849 677 933 730 Ad
979 694 1134 746 quam
1182 681 1327 730 tuam
1372 675 1753 729 fraternitatem
1798 675 2048 743 singulari
2086 676 2436 732 admonitione

508 779 560 829 et
597 774 760 828 multo
799 774 1030 827 caritatis
1071 772 1246 841 affatu,
1286 772 1576 843 postposita
1614 772 1755 826 omni
1780 771 2111 842 negligentia,
2151 774 2326 828 venire
2352 790 2436 828 ro-

507 887 688 939 gamus
719 875 770 924 et
793 871 1098 936 invitamus3
1141 874 1410 939 quatenUS,
1437 873 1528 923 tua
1553 868 1872 938 aliorumque
1897 868 2116 922 fratrum
2141 874 2437 924 nostrorum

509 967 772 1020 annitente
809 966 1087 1037 prudentia
1118 969 1169 1019 et
1199 964 1458 1035 spirituali
1495 969 1600 1018 tam
1640 965 1944 1018 fortitudine
1983 981 2139 1033 quam
2164 966 2438 1037 sapientia,

506 1063 656 1133 impii
694 1080 725 1116 a
763 1063 869 1116 suis
907 1061 1175 1115 conatibus
1215 1065 1487 1114 arceantur
1526 1066 1577 1115 et
1614 1062 1896 1115 christiana
1929 1060 2111 1129 religio
2138 1061 2195 1115 in
2221 1079 2297 1131 ea,
2338 1079 2440 1131 qua

506 1159 734 1229 primum
771 1158 989 1211 fundata
1027 1163 1120 1226 est,
1158 1158 1400 1211 libertate
1440 1162 1491 1211 et
1525 1175 1652 1228 pace
1679 1158 1961 1213 roboretur.
2022 1157 2161 1212 Data
2183 1157 2378 1213 Romae
2404 1160 2437 1213 2

506 1254 682 1308 Nonas
720 1254 963 1323 Ianuarii,
1002 1254 1287 1308 indictione
1331 1255 1412 1307 13.

506 1426 557 1487 II
588 1430 690 1487 43.
725 1433 943 1502 Huqoni
980 1435 1220 1503 episcopo
1246 1433 1440 1487 Diensi
1473 1436 1670 1499 suadet,
1711 1445 1769 1487 ut
1806 1453 1882 1499 ea,
1925 1452 2058 1504 quae
2094 1435 2157 1486 de
2183 1421 2332 1487 rebus
2359 1452 2437 1487 ec-

725 1529 1020 1581 elesiastieis
1038 1530 1251 1582 reddere
1272 1530 1509 1583 ecclesiae
1534 1533 1640 1583 eius
1653 1531 1766 1598 filii
1781 1531 1953 1595 velint,
1982 1532 2202 1600 recipiat
2210 1550 2228 1593 ,·
2256 1549 2440 1600 eosque

725 1644 784 1677 ea
824 1625 930 1694 leye
967 1625 1223 1690 absolvat,
1273 1637 1330 1679 ut
1364 1627 1527 1694 fidem
1565 1627 1685 1679 dent
1721 1628 1784 1679 de
1831 1628 2027 1680 nuntiis
2076 1628 2147 1680 ad
2183 1628 2440 1697 synodum

727 1721 1022 1774 Romanam
1058 1723 1334 1775 mittendis.

1165 1823 1467 1878 Dictatus
1517 1833 1775 1894 papae³.

359 1927 473 1972 1075
651 1917 930 1988 Gregorius
979 1921 1252 1991 episcopus
1303 1937 1481 1974 servus
1527 1931 1814 1975 servorum·
1833 1920 1934 1975 Dei
1971 1919 2180 1989 Hugoni
2209 1922 2272 1975 'in
2308 1920 2439 1976 Bur-

354 1988 473 2026 1³²⁵
503 2017 698 2086 gundia
727 2016 911 2070 Diensi
950 2017 1190 2088 episcopo
1230 2017 1451 2072 salutem
1490 2021 1542 2072 et
1581 2017 1917 2088 apostolicam
1953 2017 2382 2072 benedictionem.

650 2113 868 2167 Videtur
906 2114 1079 2167 nobis:
1119 2118 1193 2182 ut,
1235 2114 1368 2184 quod
1407 2113 1503 2168 filii
1543 2114 1788 2168 ecclesiae
1825 2119 1946 2168 tuae
1985 2114 2048 2168 de
2085 2114 2239 2169 rebus
2278 2114 2439 2170 eccle-

504 2210 727 2264 siasticis
753 2210 934 2263 volunt
959 2209 1057 2263 tibi
1082 2210 1314 2278 reddere,
1353 2211 1601 2280 recipias;
1643 2227 1832 2280 eosque
1860 2210 2095 2264 absolvas
2122 2211 2217 2264 tali
2242 2215 2436 2280 tenore,

502 2310 562 2359 ut
600 2305 722 2359 data
758 2304 860 2360 fide
899 2307 1110 2375 quidam
1147 2306 1356 2360 illorum
1394 2307 1701 2376 promittant
1726 2310 1898 2360 tecum
1922 2308 2099 2361 venire
2125 2307 2191 2361 ad
2214 2325 2309 2362 nos
2335 2307 2437 2362 Ro-

503 2419 668 2470 mam,
718 2402 959 2456 videlicet
996 2402 1106 2456 Deo
1155 2407 1363 2456 auctore
1402 2403 1467 2456 ad
1506 2403 1759 2473 synodum
1799 2403 2186 2472 celebrandam,
2236 2408 2295 2458 ut
2330 2404 2438 2459 illic

505 2498 639 2567 quod
678 2498 828 2552 nobis
865 2502 1039 2552 ratum
1064 2499 1233 2552 visum
1266 2499 1423 2553 fuerit
1447 2504 1715 2570 peragant.
1768 2498 1960 2553 Melius
1989 2501 2127 2554 enim
2150 2500 2300 2554 nobis
2327 2500 2438 2571 pla-

505 2599 601 2663 cet,
640 2598 699 2648 ut
735 2611 830 2665 pro
871 2595 1065 2665 pietate
1095 2595 1358 2649 interdum
1383 2596 1797 2666 reprehendariS,
1839 2613 1995 2665 quam
2031 2613 2126 2667 pro
2166 2596 2330 2651 nimia
2358 2614 2438 2652 se-

504 2691 723 2745 veritate
760 2692 816 2744 in
843 2691 1019 2744 odium
1045 2691 1290 2746 ecclesiae
1315 2696 1435 2746 tuae
1461 2693 1655 2746 venias
1714 2691 1884 2746 Debes
1913 2693 2121 2762 quidem
2144 2691 2277 2746 filios
2302 2696 2437 2762 tuos,

506 2788 627 2857 quia
672 2787 826 2841 rudes
876 2791 997 2841 sunt
1045 2792 1096 2841 et
1132 2789 1351 2856 indocti,
1402 2789 1699 2860 conspicere
1739 2793 1789 2842 et
1828 2789 1893 2843 ad
1930 2789 2148 2843 meliora
2184 2788 2436 2859 paulatim

504 2901 810 2955 provocare3
852 2885 973 2953 quia
1009 2901 1160 2938 nemo
1196 2888 1409 2955 repente
1434 2883 1494 2938 fit
1521 2902 1769 2954 summuS,
1810 2889 1861 2939 et
1898 2885 2002 2939 alta
2041 2884 2275 2939 aedificia
2306 2901 2436 2955 pau-

503 2980 653 3033 latim
692 2979 1043 3035 aedificantur.
1104 2980 1243 3035 Data
1277 2981 1440 3035 Rome
1476 2981 1640 3035 Nonis
1679 2981 1922 3050 Ianuarii,
1960 2981 2242 3035 indictione
2284 2983 2365 3034 13.

503 3151 554 3213 Π
585 3156 688 3213 44.
724 3159 992 3212 Iuditlzam
1037 3162 1272 3230 reyinam
1309 3159 1638 3231 Unyarorum
1675 3162 1928 3231 anqustiie
1966 3159 2216 3228 afflictam
2253 3176 2433 3212 conso-

726 3255 880 3320 latur,
924 3258 1132 3326 eiusque
1169 3276 1248 3309 res
1287 3260 1447 3310 matri
1469 3257 1665 3327 Ayneti
1699 3257 2022 3327 imperatrici
2057 3257 2434 3309 commendatas

721 3354 941 3405 nuntiat.

346 3467 459 3511 1075
654 3452 933 3522 Gregorius
973 3455 1245 3526 episcopus
1284 3471 1461 3509 servus
1497 3471 1763 3510 servorum
1788 3453 1887 3507 Dei
1911 3453 2082 3507 Iudith
2105 3452 2435 3522 Ungarorum

333 3528 409 3565 ¹³¹¹·
428 3529 477 3565 ¹⁰
505 3545 742 3616 reginae²
782 3550 1002 3604 salutem
1041 3554 1093 3604 et
1131 3551 1469 3621 apostolicam
1505 3550 1927 3605 benedictionem.

618 3663 651 3688 a.
686 3651 857 3689 Dictatus
883 3663 1002 3701 papae
1029 3655 1198 3704 leguntur
1224 3656 1260 3690 in
1287 3668 1405 3704 marg.
1426 3654 1580 3690 codicis.

624 3716 664 3759 1.
695 3714 826 3760 Febr.
849 3717 1052 3760 22—28.
1202 3719 1243 3762 2.
1274 3717 1403 3762 uxori
1433 3716 1683 3762 Salomonis
1712 3715 1846 3772 regis.
