2722 4172
767 258 1040 299 GREGORII
1074 262 1154 299 vn
1189 261 1453 300 ΒΕΘ-181111
1488 262 1532 299 11
1557 260 1619 298 37.
1647 258 1708 297 38.
2109 248 2208 302 151

273 379 507 448 veniant,
557 378 646 448 qui
683 378 1015 433 christianam
1056 377 1211 433 fidem
1250 378 1408 432 vultis
1448 378 1722 433 defendere
1761 381 1814 431 et
1850 376 2062 431 caelesti
2099 379 2210 447 regi

272 475 521 530 militare:
569 479 631 529 ut
675 491 794 529 cum
842 475 916 529 eis
955 475 1095 529 viam
1141 475 1348 529 favente
1385 474 1497 528 Deo
1543 489 1913 546 praeparemus
1953 474 2209 544 omnibuS,

273 572 377 642 qui,
403 570 678 626 caelestem
702 571 1050 625 voluntatem⁸
1077 571 1414 639 defendendo,
1444 587 1540 641 per
1574 587 1670 624 nos
1695 570 1836 624 ultra
1859 586 2004 624 mare
2030 570 2212 625 volunt

270 668 493 722 transire
531 671 609 736 et,
660 667 799 737 quod
834 667 934 721 Dei
973 667 1080 721 sint
1114 666 1234 736 filii,
1272 684 1377 720 non
1415 666 1606 721 timent
1643 666 1930 721 ostendere.
2008 666 2206 736 Itaque,

267 764 456 818 fratres
493 764 774 833 karissimi,
814 768 979 819 estote
1017 764 1084 818 ad
1119 762 1458 834 pugnandum
1481 761 1757 815 fortissimi
1792 778 1889 831 pro
1926 761 2080 816 laude
2118 762 2210 818 illa

168 856 181 871 ⁶
269 864 322 915 et
357 860 546 930 gloria,
595 878 726 930 quae
765 877 916 914 omne
955 859 1270 914 desiderium
1307 861 1581 929 superant3
1634 857 1723 927 qui
1759 857 2010 912 hactenus
2047 860 2208 914 fortes

266 957 438 1011 fuistis
474 974 708 1028 pugnare
743 973 840 1028 pro
878 956 1056 1025 rebus,
1106 971 1234 1024 quas
1281 971 1388 1008 non
1433 953 1654 1025 potestis
1693 953 1925 1009 detinere
1962 972 2060 1009 nec
2097 957 2209 1011 sine

267 1053 444 1107 dolore
493 1054 773 1124 possidere.
857 1051 993 1106 Nam
1042 1068 1137 1122 per
1183 1054 1607 1104 momentaneum
1657 1048 1890 1104 laborem
1941 1055 2207 1106 aeternam

265 1149 484 1220 potestis
505 1149 770 1219 acquirere
795 1148 1100 1202 mercedem.
1141 1146 1482 1217 Omnipotens
1508 1145 1669 1214 Deus,
1691 1146 1781 1215 qui
1807 1163 2013 1201 omnem
2037 1147 2207 1216 legem

266 1263 413 1300 suam
450 1247 506 1299 in
541 1249 818 1316 praecepto
858 1244 1182 1298 adbreviavit
1218 1242 1470 1311 caritatiS,
1511 1242 1599 1296 det
1623 1241 1788 1311 vobiS,
1829 1259 1884 1297 se
1914 1246 2024 1298 toto
2050 1245 2206 1299 corde

263 1346 375 1397 tota
412 1342 587 1396 anima
621 1344 734 1395 tota
769 1341 961 1394 virtute
1001 1339 1241 1408 diligere,
1280 1343 1355 1408 ut,
1394 1339 1663 1410 proximos
1702 1342 1904 1393 vestros
1943 1340 2077 1395 sicut
2113 1359 2204 1396 vos

261 1438 404 1509 ipsos
429 1438 720 1506 diligenteS,
760 1437 1081 1505 mereamini,
1121 1435 1166 1490 si
1201 1435 1504 1506 oportuerit,
1543 1452 1640 1506 pro
1669 1435 1743 1489 eis
1773 1435 1974 1490 animas
2001 1441 2203 1492 vestras

262 1551 467 1605 ponere.
544 1533 683 1588 Data
718 1533 913 1587 Romae
956 1535 1019 1586 17
1059 1532 1320 1587 Kalendas
1358 1531 1608 1601 Ianuarii,
1646 1531 1930 1588 indictione
1972 1535 2054 1587 13.

260 1704 311 1767 Π
345 1708 444 1768 38.
490 1711 731 1766 Ubartum
756 1714 987 1765 comitem
1011 1721 1059 1764 et
1083 1710 1275 1763 clerum
1296 1710 1652 1781 populumque
1674 1710 1989 1765 Firmauum
2013 1724 2197 1778 mouet,

479 1820 537 1862 ut
571 1811 629 1861 iu
653 1809 1021 1879 recuperandis
1049 1807 1286 1860 ecclesiae
1311 1806 1459 1859 bouis
1485 1808 1733 1861 adiuvent
1756 1808 2196 1876 archidiaconum,

480 1907 567 1958 cui
611 1907 936 1976 episcopatus
975 1905 1282 1975 procuratio
1332 1905 1604 1956 commissa
1650 1906 1745 1969 sit,
1795 1905 1983 1971 donec,
2029 1905 2197 1958 Heiu-

478 2004 587 2055 rico
614 2002 653 2054 Ι
657 2001 706 2055 V
736 2020 854 2071 reqe
891 2001 1137 2066 consulto,
1180 2001 1449 2070 episcopus
1487 2010 1761 2053 statuatur.

2264 387 2379 432 1074

2237 446 2328 485 Dec.
2349 449 2396 487 16

406 2110 686 2180 Gregorius
725 2112 997 2182 episcopus
1036 2127 1216 2165 servus
1255 2126 1525 2163 servorum
1559 2109 1661 2164 Dei
1698 2110 1892 2165 Uberto
1930 2111 2108 2166 comiti
2145 2115 2198 2166 et
2252 2121 2366 2166 1074

257 2207 499 2262 universo
537 2208 674 2262 clero
711 2207 1006 2279 populoque
1043 2206 1289 2260 Firmano
1326 2206 1383 2260 in
1420 2204 1669 2261 fidelitate
1709 2207 1876 2262 sancti
1898 2207 2043 2262 Petri
2077 2225 2197 2279 per-

258 2304 560 2359 sistentibus
600 2304 822 2359 salutem
860 2308 913 2358 et
952 2302 1292 2374 apostolicam
1330 2302 1760 2358 benedictionem.

403 2400 726 2471 Quamquam
765 2400 1014 2471 pleraque
1051 2399 1202 2454 nobis
1241 2398 1304 2453 de
1332 2398 1692 2454 archidiacono
1718 2403 1892 2454 vestro
1916 2400 2197 2471 reprehen-

257 2496 431 2551 sibilia
465 2497 631 2552 relata
666 2497 886 2566 fuerint,
936 2514 996 2551 eo
1043 2501 1220 2551 tamen
1263 2497 1320 2551 in
1366 2499 1547 2550 nostra
1593 2497 1891 2567 praesentia
1935 2498 2106 2568 posito
2146 2501 2197 2551 et

258 2593 531 2661 diligenter
567 2611 724 2664 super
759 2594 841 2648 his
879 2593 1065 2664 quibus
1090 2593 1405 2662 arguebatur
1437 2593 1702 2663 inquisite,
1742 2592 1890 2661 nihil,
1927 2593 2033 2646 nisi
2059 2593 2196 2663 quod

258 2689 325 2742 ad
359 2687 566 2743 fidelem
602 2690 864 2760 pertinere
889 2690 1159 2744 videbatur
1185 2690 1548 2759 obedientiam,
1588 2690 1783 2760 inipso
1811 2689 2197 2760 deprehendere

255 2786 535 2855 potuimus
594 2785 992 2841 Considerantes
1028 2803 1149 2855 ergo
1187 2786 1552 2840 necessitatem
1578 2785 1812 2841 vestraeb
1839 2786 2083 2840 viduatae
2112 2803 2195 2841 ec—

256 2881 460 2950 clesiae,
497 2882 919 2952 procurationem
955 2883 1115 2936 totius
1154 2883 1480 2953 episcopatus
1510 2883 1722 2937 interim
1749 2883 1796 2936 ei
1821 2883 2192 2952 commisimuS,

257 2978 434 3046 donec,
472 2978 649 3044 divina
676 2978 981 3049 providente
1006 2978 1296 3047 clementia,
1334 2995 1453 3032 cum
1489 2983 1671 3032 nostra
1708 2978 2055 3033 sollicitudine
2078 2983 2193 3032 tum

254 3071 422 3143 regis¹
449 3074 664 3128 consilio
700 3079 752 3128 et
787 3074 1172 3145 dispensatione
1196 3074 1410 3129 idonea⁰
1438 3075 1505 3128 ad
1528 3075 1810 3143 regendam
1845 3075 2117 3129 ecclesiam
2141 3080 2194 3130 et

256 3171 598 3242 episcopalem
629 3171 937 3239 dignitatem
961 3187 1186 3241 persona
1211 3171 1553 3241 repperiatur.
1595 3170 1922 3241 Quapropter
1948 3171 2190 3225 admone-

255 3284 370 3321 mus
409 3285 500 3321 vos
540 3272 593 3322 et
618 3267 901 3338 apostolica
928 3268 1234 3321 auctoritate
1262 3267 1629 3337 praecipimus,
1668 3272 1728 3321 ut
1751 3267 2065 3321 unanimiter
2091 3267 2191 3322 sibi

257 3364 320 3418 ad
358 3363 485 3418 haec
522 3363 820 3434 peragenda
856 3368 1031 3417 vestra
1069 3362 1285 3416 consilia
1321 3367 1373 3416 et
1400 3363 1658 3416 adiutoria
1682 3363 1993 3433 praebeatiS,
2034 3367 2086 3418 et
2110 3381 2187 3433 ea,

257 3476 386 3528 quae
425 3460 489 3513 de
526 3460 674 3514 bonis
714 3459 959 3514 ecclesiae
997 3459 1234 3530 dispersa
1270 3462 1323 3512 et
1358 3458 1573 3512 confusa
1610 3463 1753 3527 sunt,
1791 3475 2098 3530 recuperare
2137 3464 2190 3514 et

316 3639 319 3642 ἢ
369 3595 402 3621 a.
436 3584 670 3622 nobilitatem
697 3600 729 3622 c.
881 3585 920 3623 b.
952 3587 1099 3623 vestrae
1129 3584 1279 3622 addidi.
1433 3594 1466 3620 c.
1491 3583 1628 3620 idonei
1655 3599 1685 3620 c.

372 3663 411 3706 1.
443 3663 641 3707 Heinrici
668 3663 746 3709 IV.

2225 2182 2316 2220 Dec.
2337 2185 2386 2221 22
