2722 4172
815 289 1090 328 GREGoRn
1126 290 1207 327 vn
1244 288 1510 328 REGIsTm
1545 289 1588 327 11
1615 288 1676 326 53.
2118 275 2214 327 171

276 398 327 460 ῙῙ
355 402 455 461 53.
491 406 744 459 Iohannis
772 408 1120 461 Moravz’ensis
1163 419 1210 461 et
1249 406 1515 462 Geromiri
1539 408 1825 478 Prayensis
1866 409 2225 476 episcoporum

499 503 638 555 litem
677 504 939 570 discernit,
983 523 1043 556 ea
1082 505 1205 574 leye,
1247 515 1305 557 ut
1341 506 1427 556 sui
1462 515 1676 573 uterque
1700 505 1834 556 iuris
1860 505 2003 556 intra
2037 504 2222 573 proxi-

497 617 608 651 mos
646 601 817 651 decem
855 619 1020 652 annos
1052 601 1401 671 persequendi
1427 610 1735 670 potestatem
1773 599 1971 652 habeat.

423 706 704 776 Gregorius
744 710 1018 780 episcopus
1058 727 1238 763 servus
1279 725 1546 762 servorum
1587 708 1702 762 Dei.

422 803 680 868 Quoniam
720 806 786 858 ad
823 807 1131 860 memoriam
1177 821 1484 875 semperque
1524 804 1911 857 dilucidandam
1951 820 2223 857 causarum

275 901 710 971 negociorumque
750 903 1026 956 veritatem
1062 901 1195 954 nihil
1234 901 1407 971 aptius
1438 900 1570 953 nihil
1597 899 1884 953 durabilius
1916 916 2071 968 quam
2098 901 2226 954 scri-

273 1001 548 1068 pturarum
594 998 815 1068 paginas
865 998 1228 1063 aestimamus3
1281 996 1505 1065 qualiter
1549 995 1615 1049 lis
1668 1000 1719 1049 01
1758 996 2044 1064 discordia,
2094 1013 2226 1066 quae

273 1094 412 1148 inter
449 1094 735 1148 confratres
779 1098 985 1147 nostros
1024 1092 1267 1147 videlicet
1302 1092 1587 1146 Iohannem
1624 1091 1987 1145 Moravensem
2027 1092 2226 1162 episco-

273 1207 401 1260 pum
442 1193 494 1244 et
532 1186 893 1244 Geboardum¹
928 1189 1247 1257 Bragensem
1295 1189 1359 1242 de
1407 1188 1719 1257 quibusdam
1766 1188 1981 1242 decimis
2022 1193 2074 1242 et
2110 1205 2226 1242 cur-

274 1286 414 1340 tibus
455 1286 545 1339 diu
581 1289 848 1356 protracta
886 1289 989 1354 est,
1038 1285 1251 1338 tandem
1290 1301 1385 1355 per
1423 1284 1679 1355 pactionis
1719 1285 2134 1338 convenientiam
2170 1285 2226 1338 in

275 1382 563 1452 apostolica
601 1382 722 1435 sede
770 1382 1118 1435 determinata
1157 1382 1250 1450 sit,
1301 1398 1396 1452 per
1441 1381 1645 1435 litteras
1682 1385 1890 1434 nostras
1927 1398 2033 1434 non
2071 1381 2224 1434 modo

273 1477 635 1548 praesentibus
686 1478 777 1531 sed
825 1481 876 1531 et
921 1477 1112 1530 futuris
1165 1482 1348 1531 notum
1405 1476 1520 1531 fieri
1569 1477 1825 1531 volumus
1894 1477 2037 1531 Haec
2087 1478 2227 1531 enim

274 1590 456 1643 causa,
496 1590 616 1627 cum
651 1574 706 1627 in
747 1574 972 1628 secundo
1010 1574 1179 1627 nostri
1217 1572 1549 1644 pontificatus
1591 1590 1725 1626 anno
1767 1603 1835 1609 —
1876 1573 2225 1627 residentibus

273 1687 379 1724 una
415 1670 686 1724 nobiscum
723 1671 780 1723 in
818 1670 1036 1724 basilica
1075 1669 1364 1723 Salvatoris
1402 1670 1583 1723 multis
1621 1669 1889 1738 fratribuS,
1930 1671 2226 1723 convocatis

275 1767 434 1821 etiam
473 1771 526 1820 et
563 1784 740 1821 coram
781 1766 963 1836 positis
1003 1783 1163 1837 supra
1201 1767 1352 1820 dictis
1392 1767 1650 1836 episcopis
1690 1795 1759 1803 ——
1802 1766 1869 1819 ad
1907 1766 2226 1819 audientiam

273 1867 510 1917 nostram
549 1867 601 1916 et
637 1864 797 1917 totius
836 1863 1031 1917 ibidem
1071 1862 1371 1930 congregati
1409 1862 1614 1916 concilii
1662 1862 1866 1932 perlata
1904 1863 1999 1931 sit,
2047 1863 2136 1916 diu
2176 1866 2228 1916 et

274 1959 498 2013 multum
536 1959 788 2028 inquisita
828 1963 982 2027 atque
1020 1959 1227 2028 rimata,
1273 1963 1422 2013 tanta
1461 1959 1800 2027 ambiguitate
1841 1963 1891 2012 et
1928 1958 2226 2029 perplexio-

274 2055 428 2109 nibus
465 2055 701 2109 involuta
738 2055 1041 2129 videbatur,
1092 2060 1151 2109 ut
1199 2056 1264 2109 ad
1314 2057 1571 2110 sinceram
1608 2055 1846 2109 veritatis
1896 2059 1948 2108 et
1994 2055 2226 2108 iustitiae

277 2152 690 2223 explorationem
729 2169 825 2222 per
864 2168 941 2220 ea,
983 2169 1114 2221 quae
1152 2156 1278 2206 tunc
1317 2152 1552 2206 adhibita
1591 2155 1739 2220 sunt,
1779 2151 1974 2204 indicia
2011 2151 2228 2221 perduci

275 2265 381 2302 non
416 2253 610 2319 posset.
669 2249 883 2317 Verum,
914 2266 980 2303 ne
1004 2248 1215 2302 illorum
1242 2248 1509 2302 altercatio
1539 2247 1733 2317 absque
1759 2247 1904 2318 pacis
1930 2247 2228 2301 interventu

275 2344 469 2398 diutius
519 2349 609 2398 aut
654 2346 887 2399 fraterna
935 2345 1054 2399 odia
1105 2349 1196 2398 aut
1242 2345 1416 2414 aliqua
1461 2344 1756 2415 periculosa
1803 2343 1924 2397 hinc
1962 2343 2046 2396 vel
2082 2343 2228 2397 illinc

275 2441 449 2494 studia
487 2442 819 2511 accenderet,
869 2458 986 2496 cum
1037 2441 1252 2495 consilio
1302 2441 1528 2494 fratrum
1564 2445 1862 2495 nostrorum
1903 2456 2114 2493 causam
2151 2440 2228 2493 ita

276 2554 342 2591 ex
381 2554 543 2607 aequo
582 2538 761 2591 dirimi
807 2538 1196 2592 constituimus:
1246 2542 1305 2591 ut
1353 2538 1554 2606 omnia,
1607 2537 1670 2591 de
1718 2537 1904 2606 quibus
1952 2536 2091 2590 inter
2140 2553 2227 2590 eos

276 2634 538 2687 contentio
575 2634 727 2703 foret,
766 2652 861 2705 per
898 2634 1131 2688 medium
1157 2634 1540 2701 dividerentur3
1582 2638 1634 2687 et
1670 2633 1756 2686 hic
1785 2650 1946 2686 unam
1971 2633 2060 2686 ille
2100 2633 2227 2686 alte-

275 2747 392 2783 ram
427 2734 634 2801 partem
670 2731 883 2784 interim
923 2731 1117 2799 absque
1167 2731 1309 2784 omni
1351 2730 1712 2799 inquietudine
1751 2732 2005 2798 tenerent,
2047 2729 2225 2797 donec,

277 2827 322 2880 si
360 2828 622 2897 apertiora
667 2826 863 2879 indicia
909 2826 1019 2879 sive
1065 2827 1261 2896 scripto
1309 2831 1399 2880 aut
1446 2827 1688 2895 congruis
1735 2826 1955 2879 testibus
1992 2825 2228 2878 invenire

276 2927 504 2994 possent,
534 2922 932 2990 diligentissime
957 2923 1350 2990 investigarent.
1390 2922 1477 2976 Ad
1503 2923 1640 2991 quod
1663 2922 1976 2989 faciendum,
2003 2937 2069 2974 ne
2094 2921 2228 2974 forte

277 3002 607 3073 suscitandae
663 3019 773 3072 litis
829 3017 1035 3071 infinita
1093 3018 1331 3071 alterutri
1390 3019 1602 3072 daretur
1661 3018 1887 3086 occasi0,
1939 3017 2228 3070 'terminum

278 3132 482 3186 quoque
521 3116 596 3169 eis
636 3116 814 3170 decem
855 3130 1105 3167 annorum
1148 3113 1512 3184 praefiximus:
1553 3119 1627 3183 ut,
1669 3114 1758 3183 qui
1786 3114 1942 3167 certis
1970 3113 2228 3183 approba-

276 3212 505 3266 tionibus
546 3213 612 3266 ad
648 3211 907 3266 iustitiam
945 3227 1000 3263 se
1037 3210 1336 3280 pertingere
1382 3227 1538 3280 posse
1577 3209 1813 3277 confidit,
1861 3209 2000 3261 infra
2037 3207 2226 3278 praeli-

277 3307 459 3362 batum
494 3309 780 3362 terminum
817 3306 1176 3378 proclamandi
1223 3310 1275 3360 et
1312 3306 1660 3375 consequendi
1697 3306 1779 3358 ius
1819 3304 2064 3358 ecclesiae
2103 3321 2227 3358 suae

276 3403 543 3458 licentiam
569 3409 621 3458 01
645 3407 961 3475 potestatem
987 3402 1199 3469 habeat3
1230 3405 1298 3470 01,
1320 3402 1366 3455 si
1393 3402 1616 3455 alterum
1640 3401 1828 3454 horum
1853 3399 1936 3453 vel
1960 3404 2226 3469 utrosque,

281 3500 419 3567 quod
454 3517 560 3553 non
599 3504 866 3570 optamuS,
906 3499 1118 3553 interim
1157 3498 1299 3551 obire
1338 3497 1638 3565 contigerit,
1685 3512 2008 3550 successores
2048 3513 2227 3550 eorum

279 3594 337 3646 in
374 3596 556 3649 eadem
592 3597 833 3666 pactione
883 3599 934 3648 et
983 3594 1351 3648 constitutione
1396 3609 1704 3663 permanere
1756 3592 2002 3661 debeant3
2053 3609 2118 3645 ex
2166 3609 2228 3646 ea

396 3708 429 3733 a.
465 3700 520 3734 sic
546 3699 629 3735 cod.
654 3712 723 3746 pro
752 3698 996 3736 Geromirum.

2273 711 2387 755 1075

2254 772 2363 809 Mart.
2384 774 2407 809 2
