2730 4198
923 296 1178 334 ΒΟΝΙΤΗΟ
1216 297 1294 333 AD
1333 296 1561 334 AMICUM
2101 278 2209 332 585

268 417 398 467 inito
448 415 651 467 saeculo
701 414 849 467 XIV
881 414 1200 467 Ricobaldus
1248 414 1606 466 Ferrariensis
1658 413 1872 464 eundem
1919 411 2110 463 librum
2154 414 2212 464 in

267 511 488 563 historia
535 505 936 580 imperatorum²
975 511 1051 562 bis
1101 511 1318 562 inducat
1353 510 1449 562 hoc
1485 510 1667 561 modo:
1718 507 1831 572 „In
1870 507 2002 559 libro
2042 517 2212 559 tamen

268 606 490 659 Deoniti
514 605 607 671 (al.
636 605 874 672 Bonici),
918 624 1068 676 quem
1104 608 1244 658 misit
1281 607 1353 657 ad
1378 607 1690 657 comitissam
1715 603 2035 656 Mathildam
2054 597 2112 626 “²
2141 613 2211 655 et:

268 701 429 766 „Hoc
475 701 787 753 miraculum
824 701 985 769 refert
1019 702 1224 753 Bonizo
1262 703 1320 752 in
1361 700 1492 751 libro
1534 701 1605 751 ad
1633 702 1955 752 comitissam
1992 698 2211 750 Mathil-

268 791 483 862 dam“⁸,
533 798 760 866 intelliqi
802 815 1001 848 necesse
1050 807 1149 861 est,
1203 814 1360 866 opus,
1416 796 1558 864 quod
1604 805 1678 846 est
1723 797 2064 864 inscriptum:
2111 793 2215 845 Ad

267 895 564 958 amicum,
615 913 647 945 a
686 893 981 945 Bonitlione
1018 892 1273 944 Mathildi
1319 892 1609 943 comitissae
1656 891 1844 942 diserte
1883 907 2086 959 quoque
2124 891 2212 941 de-

266 991 516 1042 stinatum
564 1007 695 1054 esse,
731 989 1009 1057 fuisseque
1057 989 1210 1039 etiam
1257 987 1477 1038 saeculis
1516 986 1675 1038 XIII
1718 996 1765 1038 et
1800 985 1949 1038 XIV
1980 986 2216 1055 exempla

269 1087 439 1154 operis
479 1086 852 1137 dedicationem
888 1086 1062 1154 ipsam
1100 1084 1429 1135 continentia.

414 1181 526 1246 Ita,
579 1199 679 1250 quo
729 1182 903 1232 animo
956 1180 1140 1232 litteris
1188 1196 1269 1230 res
1318 1188 1490 1247 qestas
1541 1179 1925 1247 consiqnaverit
1960 1178 2211 1242 Bonitho,

267 1277 579 1328 eaistimatio
614 1276 878 1340 facillima
918 1277 1028 1327 erit.
1098 1274 1171 1326 Et
1208 1284 1369 1326 totam
1406 1292 1531 1325 sane
1568 1276 1871 1326 memoriam
1909 1275 2037 1326 adeo
2083 1271 2213 1328 Gre-

261 1374 489 1440 9oriana
519 1374 733 1442 penitus
772 1382 935 1424 mente
964 1372 1263 1441 proposuit,
1305 1380 1363 1422 ut
1398 1370 1602 1422 saeculo
1629 1370 1756 1422 XII
1773 1371 1915 1422 Boso
1944 1371 2217 1440 presbyter

267 1468 554 1520 cardinalis
584 1467 642 1520 S.
665 1468 1031 1520 Pudentianae
1069 1466 1211 1519 tituli
1233 1467 1474 1518 Pastoris
1513 1468 1570 1518 in
1608 1469 1727 1519 vitis
1767 1468 2004 1537 ipsorum
2037 1469 2214 1536 ponti-

252 1563 416 1631 ficu-m
452 1564 814 1616 Romanorum
851 1583 885 1614 a
918 1562 1092 1613 Leone
1117 1561 1207 1614 IX
1243 1563 1315 1614 ad
1344 1560 1658 1632 Greqorium
1688 1562 1803 1615 VII
1834 1563 2216 1615 conscribendis

265 1661 485 1730 vestiyia
522 1661 839 1713 Bonithonis
870 1677 1043 1729 paene
1079 1676 1242 1727 usque
1282 1675 1489 1728 quaque
1522 1669 1819 1728 persecutus
1858 1654 1966 1711 sit4.

412 1755 565 1808 Fieri
599 1775 719 1808 vero
751 1766 941 1826 potest,
982 1765 1040 1806 ut
1078 1756 1212 1824 quis,
1257 1756 1586 1823 quantumvis
1625 1755 1906 1807 inclinatus
1945 1756 2014 1808 sit
2046 1757 2103 1807 in
2113 1755 2214 1823 fa-

265 1869 439 1903 vorem
476 1870 602 1904 suae
631 1854 825 1922 partis,
868 1862 1037 1903 tamen
1075 1852 1133 1902 in
1171 1851 1403 1903 historiis
1429 1851 1714 1903 scribendis
1739 1853 2004 1903 veritatem
2028 1868 2215 1920 sequa-

266 1957 352 1999 tur
396 1966 490 2000 nec
536 1958 752 2018 propter
799 1947 1199 1999 benevolentiam
1245 1947 1327 1998 vel
1375 1948 1553 1999 odium
1591 1957 1684 1999 aut
1719 1949 2098 1999 commenticias
2135 1966 2216 1999 res

267 2143 556 2200 symoniacus
588 2146 711 2187 esset
742 2146 789 2187 et
819 2155 975 2187 omnes
1005 2146 1147 2187 testes
1177 2142 1371 2199 pecunia
1395 2143 1684 2199 corrupisset,
1717 2143 1897 2199 quidam
1923 2143 2115 2200 legatus,
2147 2144 2217 2187 vir

266 2219 472 2272 sanctus,
505 2217 547 2260 ei
575 2217 801 2272 precepit,
842 2220 894 2259 ut
922 2228 1103 2259 versum
1136 2219 1292 2259 sancte
1323 2215 1560 2271 trinitatis,
1601 2217 1795 2260 scilicet:
1841 2251 1896 2274 „„
1913 2216 2066 2262 Gloria
2095 2217 2218 2266 Patri

265 2292 312 2332 et
349 2289 463 2333 Filio
505 2293 551 2333 et
590 2288 775 2345 Spiritui
815 2287 1007 2332 sancto“
1027 2287 1046 2310 “
1092 2288 1283 2346 diceret3
1322 2301 1490 2344 rogans
1528 2289 1698 2346 Deum,
1737 2293 1808 2346 ut,
1850 2290 1888 2334 si
1928 2290 2217 2348 symoniacus

265 2364 399 2418 esset,
432 2361 648 2418 Spiritum
680 2365 901 2418 sanctum,
937 2362 1011 2405 cui
1039 2361 1247 2405 iniuriam
1277 2359 1462 2418 fecerat,
1494 2362 1726 2407 nominare
1757 2375 1848 2407 non
1870 2367 2039 2419 posset.
2087 2363 2217 2416 Quod

265 2438 312 2478 et
342 2433 514 2479 factum
545 2439 628 2479 est.
677 2436 736 2479 Et
762 2435 826 2479 sic
849 2435 923 2479 ille
949 2434 1257 2492 deprehensus
1288 2439 1527 2491 peccatum
1559 2449 1691 2480 suum
1721 2435 1950 2480 humiliter
1980 2435 2216 2481 confessus

266 2506 350 2551 fuit
379 2511 426 2551 ct
454 2508 781 2564 poenitentiam
813 2507 959 2565 egit“.
1007 2507 1075 2552 Cf.
1108 2507 1227 2552 infra
1257 2509 1308 2552 L.
1326 2509 1392 2554 VI
1423 2508 1508 2553 sub
1541 2508 1771 2566 Stephano
1802 2511 1846 2554 X
1876 2524 2009 2567 papa.

384 2581 424 2624 1.
467 2594 539 2637 ap.
570 2581 825 2625 Eccardum
866 2580 998 2638 Corp.
1024 2581 1129 2625 hist.
1160 2581 1182 2625 Ι
1214 2582 1329 2626 1163
1361 2586 1408 2626 et
1438 2583 1555 2626 1164
1595 2587 1641 2627 et
1679 2597 1750 2640 ap.
1775 2584 2070 2628 Muratorium
2110 2585 2214 2628 Rer.

265 2653 320 2697 It.
349 2652 427 2697 SS.
460 2654 528 2697 IX
557 2668 601 2709 p.
632 2655 714 2698 121
743 2658 789 2698 et
815 2655 913 2698 122.
1109 2656 1150 2699 2.
1202 2656 1288 2712 „In
1325 2654 1440 2700 libro
1478 2659 1635 2700 tamen
1673 2655 1890 2701 Deoniti“
1935 2658 2042 2712 (alia
2079 2670 2217 2701 manu

267 2727 620 2783 superscriptum
647 2730 717 2770 est
745 2726 989 2784 „Bonici“),
1015 2762 1035 2785 „
1050 2740 1184 2784 quem
1204 2729 1327 2772 misit
1351 2729 1410 2772 ad
1435 2730 1713 2774 comitissam
1736 2729 2012 2787 Mathildam,
2040 2731 2216 2787 dicitur,

266 2798 400 2856 quod,
433 2812 535 2843 cum
562 2799 708 2843 dictus
732 2799 972 2858 presbyter
997 2800 1261 2857 (Gregorius
1277 2802 1359 2856 VI)
1392 2802 1679 2858 simplicitate
1711 2803 1874 2847 ductus
1902 2802 2216 2860 pontificatum

223 2894 225 2896 ·
264 2885 345 2929 per
374 2873 614 2929 pecuniam
639 2873 969 2930 acquisivisset,
1002 2878 1054 2918 ut
1077 2874 1310 2918 schismati
1334 2874 1553 2932 obviaret,
1584 2876 1696 2933 ipse,
1724 2889 1832 2921 mox
1862 2889 2058 2921 errorem
2083 2890 2216 2921 suum

265 2958 559 3003 cognoscens,
592 2946 812 2991 suadente
843 2947 1113 3003 imperatore
1145 2961 1194 2991 se
1226 2947 1456 2993 abdicavit
1486 2947 1687 2993 officio“.
1736 2949 1803 2994 cf.
1830 2949 1947 2994 infra
1975 2950 2028 2994 L.
2046 2950 2125 2995 VI.
2158 2974 2213 2981 -

265 3018 424 3076 Campi
455 3019 587 3074 (Hist.
617 3019 661 3062 di
692 3020 813 3063 Piac.
840 3020 899 3064 ad
930 3034 969 3064 a.
998 3021 1114 3064 1044
1143 3021 1197 3064 Τ.
1220 3021 1243 3064 Ι
1272 3035 1315 3077 p.
1341 3022 1445 3076 326)
1475 3022 1656 3067 videtur
1685 3023 1786 3067 libri
1814 3021 2111 3067 Ricobaldani
2140 3035 2214 3066 co-

265 3092 412 3137 dicem
443 3093 613 3137 vidisse
639 3093 832 3151 Romae3
864 3091 1003 3137 refert
1033 3094 1151 3137 enim
1181 3092 1314 3138 haec:
1351 3095 1428 3152 „io
1452 3096 1560 3140 lessi
1581 3097 1627 3140 in
1650 3097 1808 3154 Roma,
1840 3099 1998 3141 notato
2018 3096 2066 3139 in
2091 3099 2213 3140 certo

263 3179 538 3223 pergameno
570 3166 876 3210 antichissimo
908 3170 954 3210 et
984 3170 1174 3212 estratto
1214 3167 1274 3211 da
1310 3173 1382 3212 un
1421 3168 1564 3213 libro
1604 3170 1658 3214 di
1696 3170 1984 3215 Bonizone
2014 3181 2214 3214 vescovo

265 3239 311 3283 di
342 3239 486 3297 Sutri,
527 3240 791 3284 mandato
834 3239 1053 3284 allhora
1092 3241 1204 3284 alla
1242 3245 1512 3286 contessa
1549 3243 1807 3300 Matssda,
1852 3255 1980 3288 come
2018 3243 2050 3286 il
2088 3242 2213 3286 detto

265 3311 484 3369 Gregorio
516 3314 615 3368 (VI)
647 3314 736 3357 alla
764 3311 853 3357 fine
884 3313 1087 3357 rinuncio
1119 3313 1179 3357 da
1208 3327 1257 3358 se
1288 3318 1435 3359 stesso
1465 3316 1496 3359 il
1525 3320 1714 3374 papato,
1752 3317 1784 3361 il
1823 3317 1957 3373 quale
1986 3329 2069 3373 per
2097 3328 2212 3360 sem-

264 3386 418 3442 plicita
463 3387 559 3431 sola
608 3399 633 3431 e
673 3399 759 3431 con
806 3387 967 3431 ottima
1004 3387 1252 3432 intentione
1291 3388 1338 3432 di
1377 3389 1562 3434 ovviare
1607 3391 1683 3434 alli
1726 3390 1943 3435 disordini
1988 3392 2213 3433 accettato

264 3457 443 3503 haveva
457 3458 494 3503 “.
644 3462 686 3504 3.
723 3460 840 3518 „Hic
865 3460 1198 3515 (Ildebrandus)
1222 3465 1327 3505 ante
1348 3466 1566 3518 papatum
1591 3464 1865 3520 apostolicae
1889 3462 2010 3507 sedis
2033 3463 2213 3518 legatus

265 3532 387 3588 apud
410 3533 683 3589 Lugdunum
715 3533 1100 3590 archiepiscopum
1125 3533 1450 3579 Ebroniensem
1482 3536 1538 3580 de
1571 3538 1778 3594 symonia
1807 3536 2075 3580 miraculose
2107 3549 2211 3580 con-

264 3604 407 3648 vicit“
442 3609 527 3650 cet.
592 3608 724 3663 „Hoc
755 3607 1019 3651 miraculum
1050 3606 1188 3651 refert
1216 3608 1386 3652 Bonizo
1417 3609 1463 3653 in
1492 3608 1606 3654 libro
1639 3610 1697 3654 ad
1729 3610 2004 3654 comitissam
2036 3609 2211 3653 Mathil-

265 3677 421 3721 dam“.
569 3681 611 3723 4.
643 3681 700 3725 V.
729 3681 977 3725 Watterich
1007 3680 1171 3726 Pontis.
1195 3682 1381 3726 Roman.
1407 3682 1529 3727 vitae
1551 3683 1605 3727 T.
1621 3684 1644 3726 I
1673 3697 1717 3740 p.
1735 3695 1885 3727 Lxxxl
1911 3686 1957 3727 et
1977 3696 2020 3739 p.
2041 3684 2126 3727 100
2142 3695 2208 3739 sq.
