2644 4166
565 259 598 313 2
1161 274 1435 314 GREGORII
1469 276 1549 313 vn
1584 275 1909 316 REGIs'rRUM

563 394 719 445 immo
759 402 944 445 ceteros
985 411 1046 444 ea:
1072 410 1126 444 eo
1153 394 1269 462 ipso
1297 387 1565 445 deductos¹
1588 396 1791 463 penitus
1820 395 2113 463 obscurans,
2151 401 2209 450 in
2235 399 2490 453 tabulario

574 487 821 540 Vaticano
860 498 1106 540 servatur.
1181 487 1237 538 Is
1277 498 1348 540 est
1371 488 1636 556 foliorum
1672 489 1808 554 258,
1849 493 2278 560 membranaceus,
2304 495 2492 563 forma

564 584 840 652 quadrata,
882 585 1200 652 conscriptus
1240 603 1273 635 a
1297 586 1461 636 variis
1487 585 1682 636 saeculi
1705 585 1798 637 XI
1818 586 2074 650 librarii&
2112 591 2174 642 de
2204 608 2303 660 quo
2328 594 2386 643 in
2412 610 2488 657 ea,

564 696 696 748 quae
719 681 776 731 in
804 679 1034 748 Reyestis
1053 679 1359 748 pontificum
1386 680 1746 741 Romanorum
1762 701 1822 751 p.
1851 681 2161 737 402—405
2195 706 2227 737 a
2251 705 2330 738 me
2355 688 2492 739 edita

563 785 648 840 est,
691 776 1110 827 commentatione
1148 778 1385 845 exposuit
1422 776 1702 829 Willelmns
1747 775 2080 831 Giesebrecht.

707 870 879 939 Atqui
932 873 1317 940 apertissimum
1375 882 1474 937 est,
1536 873 1697 925 alium
1738 874 1915 942 fuisse
1966 893 2305 945 peronaqnum
2359 877 2493 930 illud

561 968 789 1019 omnium
828 966 1116 1018 litterarum
1146 968 1537 1037 pontificiarum
1573 988 1778 1040 corpus,
1814 968 1983 1022 ‘alium
2008 970 2141 1022 lianc
2168 989 2314 1040 quem
2339 973 2490 1026 habe-

558 1080 671 1114 mus
711 1062 915 1114 librum.
985 1061 1139 1128 Quod
1175 1065 1283 1116 iam
1321 1065 1429 1116 illis
1469 1066 1532 1117 ab
1575 1068 1717 1118 omni
1751 1068 2043 1136 suspicione
2079 1069 2284 1119 remotis
2324 1069 2490 1121 decla·-

556 1168 708 1211 ratur
733 1158 979 1229 epistolis,
1012 1161 1219 1228 passim
1244 1164 1460 1231 repertis
1487 1182 1520 1213 a
1545 1180 1723 1232 meque
1749 1163 1969 1216 collectis
1996 1173 2043 1215 et
2062 1182 2197 1233 pone
2220 1166 2493 1234 reqistram

554 1256 930 1325 proponendis,
975 1272 1123 1324 quae,
1168 1258 1293 1326 qaia
1330 1259 1386 1309 in
1427 1276 1481 1310 eo
1522 1260 1663 1328 quod
1686 1269 1917 1329 superest
1941 1278 2091 1330 opere
2117 1261 2490 1326 desiderantur,

555 1370 744 1422 maqno
783 1362 1082 1420 arqumento
1123 1370 1227 1404 esse
1264 1353 1458 1419 debent,
1499 1355 1593 1406 hoc
1630 1356 1765 1407 idem
1800 1373 2128 1425 nequaquam
2153 1374 2257 1408 esse
2284 1358 2491 1427 princi-

547 1447 676 1518 pale
710 1449 1001 1517 registrum.
1059 1448 1300 1501 Eandem
1337 1468 1446 1502 rem
1484 1451 1668 1503 deinde
1708 1453 1927 1504 ostendit
1955 1454 2161 1505 omnino
2199 1454 2320 1523 ipsa
2348 1471 2490 1523 pan-

674 1608 715 1651 1.
755 1607 884 1651 Hanc
915 1605 999 1651 sub
1030 1607 1249 1651 rationem
1285 1608 1446 1653 cadere
1478 1613 1600 1666 octo,
1641 1623 1753 1666 quos
1784 1611 1831 1654 in
1860 1610 2139 1655 bibliothecis
2167 1611 2334 1655 Italicis
2363 1611 2491 1668 vidit,

556 1680 736 1725 codices
766 1693 865 1737 ms„
897 1680 1026 1724 testis
1058 1684 1128 1724 est
1147 1681 1399 1726 Willelmus
1422 1682 1715 1727 Giesebrecht
1734 1684 1780 1727 in
1802 1685 2191 1740 commentatione,
2222 1685 2350 1729 cuius
2369 1697 2491 1729 men-

553 1754 724 1798 tionem
753 1752 917 1798 faciam
948 1754 1142 1810 saepiUS,
1175 1757 1310 1811 atque
1337 1756 1383 1799 in
1411 1756 1559 1801 libello
1581 1757 1650 1801 De
1675 1756 1880 1814 Gregorii
1894 1759 1982 1803 VII
2001 1759 2191 1814 registro
2212 1758 2492 1803 emendando

554 1841 600 1884 p.
620 1828 703 1886 433
735 1831 782 1871 et
802 1828 992 1871 alterum
1013 1827 1194 1884 quidem
1222 1828 1431 1872 tabularii
1451 1830 1662 1874 Vaticani
1683 1831 1897 1887 codicem,
1928 1830 2226 1875 bibliothecae
2245 1832 2492 1878 Vaticanae
2578 1867 2583 1876 .

555 1901 735 1946 codices
766 1901 986 1958 quinque:
1028 1902 1157 1958 3797,
1188 1902 1318 1958 4579,
1350 1903 1481 1959 4906,
1512 1904 1643 1960 4907,
1675 1905 1804 1961 5638,
1836 1904 2191 1949 Vallicellianum
2223 1905 2271 1949 C.
2295 1907 2365 1962 17,
2403 1906 2491 1951 Ve-

554 1979 709 2019 netum
748 1974 1048 2020 bibliothecae
1080 1974 1124 2019 S.
1152 1976 1291 2019 Marci
1320 1975 1439 2033 App.
1472 1976 1624 2021 CLIII
1656 1978 1731 2034 19,
1772 1990 1926 2022 01111103
1966 1979 2128 2034 partim
2167 1978 2346 2023 saeculo
2383 1978 2494 2023 XVI

553 2049 717 2105 partim
757 2062 875 2093 saec.
897 2048 1031 2094 XVII
1059 2047 1218 2093 factos.
1261 2075 1316 2081 —
1355 2050 1527 2094 Eadem
1570 2051 1793 2094 sententia
1831 2052 1915 2095 erit
1954 2051 2010 2095 de
2050 2051 2205 2096 codice
2244 2052 2492 2096 Pommers-

553 2121 750 2167 feldensi
780 2123 894 2167 2691
927 2121 1166 2166 0113113000
1198 2135 1315 2167 saec.
1338 2124 1484 2180 XVII,
1517 2124 1573 2167 de
1605 2136 1693 2179 quo
1726 2122 1781 2167 cf.
1809 2123 1978 2169 Archiv
2008 2124 2079 2169 fiir
2109 2126 2246 2169 311010
2277 2124 2492 2169 deutsche

555 2194 976 2240 Geschichtskunde
996 2196 1063 2239 IX
1085 2197 1193 2254 5273
1225 2195 1297 2239 hic
1318 2197 1435 2240 enim
1458 2196 1623 2240 bullam
1645 2196 1875 2241 monachis
1895 2198 2099 2241 Bantinis
2122 2211 2149 2242 a
2170 2197 2385 2254 Gregorio
2404 2198 2492 2243 VH

554 2268 770 2313 tributam
802 2269 1017 2325 continet,
1050 2282 1185 2325 quam
1215 2270 1360 2314 veteri
1379 2270 1601 2315 Vaticano
1630 2268 1874 2326 praefixam
1907 2283 2006 2315 esse
2038 2271 2170 2315 docet
2201 2270 2492 2315 Giesebrecht

553 2341 581 2386 l.
603 2341 632 2385 1.
657 2366 711 2372 —-
735 2340 826 2385 Sed
857 2343 1024 2386 saeculi
1045 2343 1134 2387 XII
1164 2347 1235 2386 est
1265 2343 1410 2387 codex
1434 2343 1658 2399 quondam
1681 2342 2037 2400 Claravallensis,
2070 2344 2196 2387 cuius
2216 2345 2261 2388 in
2282 2344 2490 2388 chronico

555 2414 730 2458 circiter
770 2428 887 2460 anno
920 2416 1035 2460 1250
1075 2415 1266 2460 formato
1296 2416 1532 2460 Albericus
1573 2415 1818 2459 monachus
1858 2419 1946 2472 (ap.
1969 2417 2260 2474 Leibnitium,
2301 2417 2488 2462 Access.

554 2487 657 2533 hist.
679 2489 724 2532 H
750 2489 851 2543 129)
884 2489 1086 2532 meminit
1117 2490 1203 2532 sic:
1239 2490 1571 2547 „Registratum
1602 2489 1734 2533 huius
1766 2490 1943 2546 septimi
1974 2489 2191 2547 Gregorii,
2222 2490 2269 2534 id
2300 2495 2371 2535 est
2396 2491 2489 2534 Hil-

555 2561 786 2618 debrandi,
820 2562 940 2619 apud
972 2562 1312 2607 Claramvallem
1343 2561 1609 2619 invenitur“,
1647 2563 1811 2619 quique
1842 2562 2008 2607 ibidem
2040 2576 2156 2608 anno
2189 2563 2303 2607 1695
2334 2576 2362 2607 3
2392 2562 2489 2607 Ste-

553 2635 703 2692 phano
733 2636 918 2680 Baluzio
948 2637 1244 2692 perlustratus
1276 2641 1367 2693 031,
1396 2635 1455 2681 'et
1484 2636 1616 2680 hodie
1654 2636 1701 2679 in
1730 2635 2002 2680 bibliotheca
2031 2637 2246 2681 Trecensi
2273 2637 2491 2694 reperitur

555 2710 615 2764 (v.
640 2708 888 2765 Catalogue
918 2711 1101 2766 general
1131 2710 1211 2754 des
1242 2710 1510 2754 manuscrits
1552 2710 1632 2753 des
1669 2708 1998 2766 bibliotheques
2034 2710 2271 2767 publiques
2302 2710 2383 2755 des
2413 2710 2489 2754 de-

553 2786 852 2840 partements,
892 2783 1019 2827 Paris
1052 2784 1188 2840 1855,
1223 2784 1268 2828 II
1298 2785 1405 2828 392:
1450 2783 1538 2841 „N.
1562 2783 1647 2827 952
1679 2783 1935 2839 Registrum
1966 2784 2254 2840 epistolarum
2285 2783 2489 2841 Gregorii

552 2868 699 2913 papae
719 2857 819 2913 VH,
851 2857 940 2900 XII
965 2857 1112 2914 siecle,
1147 2857 1387 2902 Clairvaux
1418 2856 1471 2901 G.
1495 2858 1573 2915 6ος
1606 2869 1664 2900 011
1694 2857 1745 2900 111
1776 2870 1833 2900 311
1863 2856 1946 2901 bas
1978 2858 2034 2902 de
2064 2859 2108 2902 13
2139 2858 2341 2903 derniere
2370 2870 2487 2915 page

552 2929 597 2973 la
626 2933 732 2974 note
772 2930 1002 2974 suivante:
1046 2965 1067 2988 „
1085 2966 1105 2988 „
1121 2931 1300 2976 Contuli
1339 2943 1455 2974 anno
1489 2931 1603 2974 1695
1642 2943 1796 2974 11101130
1829 2929 2029 2987 Octobri,
2071 2930 2325 2988 Stephanus
2353 2931 2486 2974 Balu»

553 3001 754 3058 zius““).
806 3004 906 3047 Hoc
936 3017 993 3048 ex
1023 3004 1201 3061 codice,
1245 3017 1301 3048 ex
1344 3003 1546 3061 „veteri“
1581 3004 1698 3047 enim
1733 3004 1914 3061 „codice
1945 3018 2027 3048 ms.
2050 3005 2309 3048 monasterii
2339 3003 2486 3048 Clare-

553 3076 765 3121 vallensis
781 3076 817 3134 “,
849 3077 1086 3121 Bertranni
1107 3078 1281 3122 comitis
1306 3077 1582 3121 Arelatensis
1608 3078 1665 3121 ad
1688 3078 1953 3134 Gregorium
1974 3079 2206 3134 epistolam
2237 3078 2379 3122 edidit
2399 3078 2486 3122 Ba-

552 3150 697 3194 luzius
718 3150 901 3195 Miscell.
925 3152 1148 3205 (Lutetiae
1171 3152 1302 3206 1715)
1325 3151 1410 3196 VH
1433 3152 1540 3209 1283
1563 3165 1697 3207 quam
1718 3153 1899 3208 quidem
1921 3153 2154 3209 epistolam
2176 3153 2288 3196 alius
2309 3165 2486 3209 quoque

552 3222 852 3268 bibliothecae
872 3225 1220 3269 Valliscellariae
1244 3225 1499 3278 (Vaucelles
1532 3225 1673 3269 dioec.
1698 3225 2051 3281 Cameracensis)
2083 3226 2227 3270 codex
2256 3239 2336 3270 ms.
2360 3226 2411 3269 Β.
2430 3227 2486 3270 26
2527 3254 2530 3255 ⁷

552 3301 657 3353 post
686 3298 865 3354 registri
894 3297 993 3342 Lib.
1015 3299 1082 3342 lX
1113 3311 1182 3355 ep.
1207 3299 1263 3342 26
1295 3299 1340 3353 (1.
1364 3311 1401 3342 0.
1435 3302 1539 3354 post
1561 3299 1670 3344 VIII
1689 3299 1763 3354 49)
1801 3299 2008 3356 praebuit
2037 3299 2282 3344 editoribus
2314 3299 2485 3344 Galliae

556 3369 837 3415 Christianae
866 3371 889 3414 I
917 3373 1018 3415 606.
1080 3371 1243 3416 Similis
1280 3371 1439 3416 horum
1478 3376 1548 3416 est
1587 3372 1731 3416 codex
1768 3372 2031 3416 Mutinensis
2071 3386 2187 3417 saec.
2210 3373 2321 3419 XVI
2359 3374 2485 3418 cuius

554 3443 783 3501 lectiones,
815 3445 862 3488 in
894 3445 1057 3501 quibus
1088 3446 1270 3502 quidem
1299 3459 1458 3502 parum
1488 3447 1702 3491 moment-i
1725 3446 1855 3502 inest,
1888 3447 2037 3490 attulit
2058 3447 2215 3503 Mansi,
2247 3447 2485 3503 registrum

555 3516 694 3562 edens
724 3518 771 3561 in
805 3517 1103 3563 Conciliorum
1135 3520 1409 3564 collectionis
1439 3523 1561 3564 tomo
1592 3521 1703 3578 XX,
1743 3519 1805 3564 ibi
1836 3521 1954 3564 enim
1983 3524 2087 3577 post
2117 3519 2215 3564 Lib.
2238 3521 2305 3564 IX
2336 3534 2405 3577 ep.
2428 3522 2485 3565 30

555 3591 600 3646 (i.
624 3603 662 3635 e.
692 3595 797 3647 post
817 3591 926 3636 VHI
955 3592 1029 3648 53)
1061 3593 1218 3637 eadem
1248 3593 1324 3637 illa
1355 3594 1589 3638 Bertranni
1619 3594 1793 3638 comitis
1825 3594 2016 3650 epistola
2044 3594 2229 3651 legitur,
2275 3609 2319 3639 v.
2340 3595 2485 3640 Mansi

551 3664 580 3709 l.
601 3664 630 3709 l.
660 3678 705 3721 p.
727 3664 827 3708 363.
