2722 4172
333 421 447 465 1073

310 481 403 520 Nov.
423 483 470 520 28

346 1475 430 1518 107
433 1474 460 1517 3

335 1535 425 1573 Dec.
448 1537 471 1573 2

500 285 571 339 52
1009 297 1282 337 GREGORII
1319 297 1397 334 vn
1435 295 1698 334 REGIsTm
1734 296 1755 333 1
1781 296 1840 331 33.
1869 296 1928 332 34.

498 417 764 471 vobiscum
803 417 907 470 sint
944 416 1213 469 unanimes
1253 414 1521 482 eidemque
1560 416 1728 466 vestro
1769 412 1944 466 abbati
1981 415 2277 466 reverenter
2315 410 2434 465 obe—

500 512 672 581 diant,
720 512 1025 566 auctoritate
1063 510 1411 581 praecipimus
1452 508 1749 579 apostolica.
1815 507 1945 571 Quia
1983 508 2259 578 epistolare
2298 524 2436 560 com-

497 608 745 679 pendium
783 609 961 674 multa,
1003 624 1132 675 quae
1170 606 1417 660 fratribus
1456 605 1643 658 vestris
1682 604 2053 671 intimavimus,
2093 608 2295 657 vestrae
2331 603 2435 656 fra—

498 705 732 758 ternitati
768 703 1035 757 notificare
1072 720 1176 755 non
1211 703 1425 772 patitur,
1467 718 1597 770 quae
1624 700 1742 753 huic
1769 699 2018 769 epistolae
2045 700 2247 768 desunt,
2287 716 2436 770 prae-

499 799 624 854 dicti
660 801 848 853 fratres
877 798 1086 852 auribus
1112 799 1300 852 vestris
1328 799 1447 851 viva
1471 814 1595 851 voce
1621 796 1922 849 narrabunt.
1982 795 2120 848 Data
2144 795 2436 862 Argenteae

499 897 535 949 4
572 895 830 950 Kalendas
869 895 1189 963 Decembris,
1227 895 1507 947 indictione
1555 895 1632 946 12.

499 1065 524 1126 Ῑ
560 1069 658 1127 34.
703 1073 948 1126 Remedio
977 1075 1215 1144 episcopo
1243 1072 1582 1125 [lincolnensi
1608 1070 1801 1133 scribit,
1844 1069 2155 1121 homicidam
2183 1070 2438 1138 quendam

700 1187 805 1221 non
844 1170 1021 1221 debere
1058 1171 1347 1221 sacerdotio
1371 1169 1567 1238 fun9i5
1615 1168 1706 1218 sed
1751 1184 1971 1235 aequum
2021 1184 2150 1230 esse,
2203 1175 2439 1235 suscepta

694 1268 1017 1335 poenitentia
1056 1285 1168 1317 eum
1205 1267 1493 1335 stipendiis·
1518 1264 1870 1316 ecclesiasticis
1909 1281 2015 1314 non
2054 1280 2241 1313 carere.
2301 1261 2437 1331 Epi-

701 1379 856 1431 scopo
887 1373 1106 1431 peecata
1145 1363 1415 1414 condonat.

648 1468 928 1538 Gregorius
978 1472 1250 1541 episcopus
1300 1487 1479 1523 servus
1528 1486 1794 1522 servorum
1831 1468 1931 1521 Dei
1968 1467 2214 1520 Remedio
2252 1466 2438 1520 Linco-

498 1566 647 1619 nensi
683 1566 738 1619 in
776 1566 970 1634 Anglia
1008 1568 1250 1636 episcopo
1291 1566 1510 1619 salutem
1549 1570 1601 1619 et
1635 1564 1971 1634 apostolicam
2009 1564 2435 1617 benedictionem.

643 1661 889 1716 Latorem
926 1663 1297 1733 praesentium,
1339 1679 1493 1731 quem
1530 1660 1873 1714 fraternitatis
1898 1664 2018 1712 tuae
2043 1659 2248 1713 litterae
2273 1659 2439 1713 homi-

499 1758 632 1812 cidio
671 1758 989 1811 maculatum
1028 1759 1176 1811 nobis
1217 1758 1674 1824 denunciaverunt,
1714 1757 1859 1809 nulla
1897 1759 2192 1808 sanctorum
2229 1759 2437 1826 patrum

501 1854 781 1907 auctoritas
821 1854 1056 1907 concedit
1094 1854 1310 1908 ulterius
1352 1854 1512 1907 sacris
1554 1852 1803 1905 altaribus
1842 1852 2164 1919 ministrare3
2213 1869 2308 1905 nec
2345 1868 2437 1905 nos

500 1949 663 2018 decet,
704 1950 1064 2003 constitutioni
1101 1951 1241 2004 illius
1282 1950 1420 2020 quod
1461 1950 1596 2003 absit
1635 1965 1904 2002 assensum
1934 1948 2246 2018 praebendO,
2287 1965 2439 2001 cano-

429 2067 432 2071 *
499 2063 627 2100 num
665 2046 874 2100 statutis
915 2048 1172 2101 contraire
1187 2057 1219 2100 ⁰.
1299 2047 1411 2099 Tua
1448 2051 1623 2099 tamen
1661 2045 1870 2112 religiO,
1922 2046 1965 2097 si
2013 2062 2128 2098 eum
2168 2061 2263 2114 pro
2302 2060 2439 2097 com-

497 2143 657 2196 misso
698 2142 914 2196 crimine
951 2144 1280 2214 perspexerit
1319 2143 1533 2210 dignum
1568 2142 1678 2195 Deo
1719 2142 1962 2196 exhibere
1999 2143 2226 2194 fructum
2261 2141 2441 2210 poeni-

497 2239 720 2307 tentiae,
770 2239 867 2291 hoc
906 2240 1005 2293 sibi
1052 2239 1455 2293 misericorditer
1502 2238 1800 2308 provideat,
1848 2256 1912 2291 ne
1960 2237 2231 2307 stipendiis
2280 2235 2439 2289 eccle-

492 2335 723 2401 siasticis
772 2340 947 2388 careat
1003 2339 1181 2404 atque,
1242 2338 1552 2404 paupertate
1609 2334 1956 2404 pusillanimis
2012 2334 2205 2400 factUS,
2265 2331 2440 2385 divina

499 2434 782 2502 postponat
817 2436 1111 2501 praecepta.
1171 2429 1319 2484 Licet
1355 2447 1562 2500 nanque
1601 2430 1944 2483 sacerdotium
1970 2429 2112 2482 nullo
2143 2432 2294 2499 pacto
2324 2445 2439 2481 um-

420 2597 423 2599 ,
502 2543 660 2596 quam
696 2531 958 2580 mereatur
995 2527 1251 2597 recipere,
1295 2527 1509 2594 dignum
1546 2531 1723 2580 tamen
1762 2530 1864 2594 est,
1906 2525 2152 2594 consequi
2190 2542 2308 2578 eum
2346 2524 2439 2578 ali-

502 2623 640 2693 quod
679 2622 984 2676 beneficium
1023 2623 1087 2676 ab
1127 2623 1410 2693 apostolica
1449 2623 1584 2676 sede.
1735 2622 2132 2675 Absolutionem
2169 2625 2441 2691 praeterea

501 2722 830 2789 peccatorum
871 2724 1095 2787 tuorum,
1137 2719 1271 2772 sicut
1307 2719 1520 2787 rogasti,
1565 2719 1869 2772 auctoritate
1907 2719 2203 2789 principum
2235 2721 2439 2788 aposto-

501 2815 672 2868 lorum
696 2814 840 2868 Petri
879 2819 931 2868 et
953 2814 1104 2868 Pauli
1141 2814 1259 2868 fulti
1287 2831 1506 2883 quorum
1531 2815 1643 2868 vice
1671 2815 1907 2883 quamvis
1931 2815 2133 2882 indigni
2158 2814 2436 2882 fungimur,

502 2911 599 2965 tibi
636 2911 843 2965 mittere
882 2912 1095 2979 dignum
1134 2910 1403 2979 duximus,
1455 2912 1500 2964 si
1545 2915 1747 2979 tamen,
1795 2911 1944 2964 bonis
1984 2911 2223 2981 operibus
2260 2909 2438 2962 inhae-

502 3007 663 3061 rendo
703 3012 754 3061 et
792 3007 1093 3060 commissos
1133 3023 1373 3060 excessus
1410 3007 1720 3077 plangendO,
1762 3011 2010 3076 quantum
2046 3006 2286 3074 valueriS,
2325 3022 2437 3059 cor-

503 3105 645 3174 poris
684 3105 762 3157 tui
798 3103 1151 3157 habitaculum
1189 3103 1300 3157 Deo
1339 3104 1592 3157 mundum
1629 3103 1882 3173 templum
1922 3103 2231 3157 exhibueris.
2291 3101 2438 3165 Quod

505 3204 678 3254 autem
715 3204 956 3270 precatus
997 3217 1067 3268 eS,
1106 3216 1200 3252 nos
1239 3199 1336 3253 tibi
1373 3200 1575 3269 iubere,
1619 3200 1859 3269 quatinus
1899 3199 2066 3269 possis
2105 3198 2262 3265 scire,
2300 3198 2437 3251 unde

503 3297 653 3350 nobis
693 3296 963 3350 serviendo
1002 3296 1250 3349 merearis
1287 3296 1518 3365 placere,
1560 3297 1656 3350 hoc
1693 3295 2023 3366 potissimum
2060 3294 2434 3364 praecipimus:

504 3392 607 3445 tuis
645 3392 888 3446 videlicet
935 3392 1105 3445 iuvari
1153 3392 1495 3461 orationibuS,
1544 3397 1602 3446 ut
1652 3395 1912 3461 compotes
1952 3390 2107 3443 simul
2144 3407 2437 3444 mereamur

505 3487 706 3555 gaudiis
746 3488 943 3558 perfrui
979 3487 1309 3558 perennibus,
1378 3488 1516 3542 Data
1542 3488 1816 3542 Terracine
1855 3488 1889 3539 4
1914 3486 2089 3539 Nonas
2115 3486 2435 3555 Decembris,

503 3582 787 3637 indictione
831 3585 911 3636 12.

621 3696 653 3723 a.
681 3685 891 3723 contrahire
919 3700 950 3722 c.
