2722 4172
497 289 567 344 46
992 302 1264 341 GREGORII
1302 301 1379 338 vn
1415 299 1679 338 REGISTRI
1713 299 1735 336 1
1761 297 1820 336 29.
1841 298 1930 336 298..

336 427 450 472 1073
497 422 652 476 saluti
673 420 856 475 debeat
878 419 1168 487 invigilare,
1191 416 1466 488 specialem
1492 421 1670 470 tamen
1695 419 1747 469 et
1773 416 2147 485 quodammodo
2167 415 2427 486 privatam

319 487 399 525 Oct.
420 488 468 525 14

338 3221 451 3265 1073

494 518 641 572 vobis
681 516 1078 571 sollicitudinem
1117 517 1321 585 oportet
1359 529 1475 567 eam
1498 511 1815 582 impendere.
1875 512 2068 566 Verum
2105 511 2228 582 quia
2263 509 2426 579 negli-

495 615 672 682 gentia
709 617 1091 666 antecessorum
1128 615 1426 664 nostrorum
1464 609 1653 663 caritas
1678 607 1772 661 illa
1794 607 1991 677 friguit,
2032 625 2162 678 quae
2200 607 2425 676 antiquis

493 708 812 780 temporibus
861 708 996 761 inter
1033 707 1322 760 Romanam
1370 705 1639 760 ecclesiam
1687 708 1738 758 et
1783 708 1990 772 gentem
2036 707 2264 758 vestram
2309 703 2424 772 fuit,

493 807 549 859 in
585 809 788 859 tantum
829 822 859 858 a
898 804 1046 857 nobis
1085 803 1201 873 plus
1242 820 1397 872 quam
1434 806 1629 870 genteS,
1671 818 1802 871 quae
1840 804 1961 854 sunt
1996 800 2053 853 in
2089 799 2191 853 fine
2227 799 2425 867 mundi,

493 918 585 955 vos
625 905 897 955 extraneos
936 900 1148 968 fecistiS,
1190 900 1326 968 quod
1365 899 1647 952 christiana
1683 896 1864 964 religio
1890 896 2026 949 inter
2051 912 2142 949 vos
2169 895 2236 949 ad
2259 895 2426 949 maxi-

495 1014 639 1051 mum
678 997 1045 1051 detrimentum
1084 996 1304 1049 devenit.
1365 994 1511 1048 Unde
1537 993 1757 1047 multum
1784 993 1931 1046 vobis
1956 992 2305 1045 necessarium
2331 995 2425 1060 est,

493 1098 552 1147 ut
590 1094 652 1147 de
692 1093 858 1147 salute
898 1092 1189 1146 animarum
1221 1094 1513 1144 vestrarum
1551 1090 1830 1143 studiosius
1875 1087 2152 1142 admodum
2191 1087 2426 1155 cogitetis

495 1194 547 1244 et
590 1194 813 1243 matrem
859 1193 1087 1243 vestram
1123 1187 1411 1240 Romanam
1459 1187 1730 1240 ecclesiam
1779 1186 1911 1252 sieut
1955 1183 2176 1252 legitimi
2213 1182 2308 1236 filii
2346 1200 2427 1238 re-

494 1286 816 1355 cognoscatis
857 1289 908 1339 et
934 1302 1045 1339 eam
1075 1284 1415 1350 devotionem,
1457 1294 1611 1352 quam
1649 1282 1849 1350 antiqui
1875 1284 2115 1351 parentes
2141 1279 2303 1334 vestri
2328 1279 2429 1333 sibi

492 1382 874 1452 impenderunt,
913 1398 1005 1435 vos
1043 1397 1244 1450 quoque
1269 1379 1599 1450 impendatis.
1658 1378 1836 1431 Nostri
1863 1381 2036 1430 autem
2063 1375 2306 1430 desiderii
2332 1379 2426 1444 est,

492 1495 598 1532 non
636 1478 805 1532 solum
830 1478 893 1531 de
918 1476 1223 1531 liberatione
1251 1476 1540 1529 animarum
1560 1478 1851 1528 vestrarum
1878 1490 2056 1526 curam
2081 1472 2213 1526 velle
2238 1472 2428 1526 habere

493 1574 585 1628 sed
611 1574 768 1628 etiam
795 1574 859 1628 de
885 1573 1170 1628 salvatione
1195 1572 1396 1642 patriae
1423 1575 1625 1625 vestrae
1654 1570 1923 1624 sollicitius
1950 1569 2238 1636 invigilare.
2279 1567 2427 1620 Unde

493 1671 539 1724 si
575 1670 735 1724 verba
758 1673 939 1723 nostra
964 1669 1099 1723 sicut
1123 1668 1270 1721 decet
1295 1668 1467 1721 devoti
1501 1661 1817 1736 receperitiS,
1857 1665 2076 1733 gloriam
2104 1669 2155 1717 et
2179 1664 2429 1717 honorem

492 1767 548 1819 in
585 1767 850 1837 praesenti
889 1770 941 1820 et
976 1767 1032 1819 in
1069 1765 1246 1818 futura
1283 1764 1393 1817 vita
1443 1762 1757 1816 obtinebitis,
1823 1761 2017 1825 Quodsi
2065 1761 2242 1828 aliter,
2280 1759 2428 1829 quod

492 1879 597 1916 non
635 1879 922 1934 speramuS,
961 1862 1187 1915 feceritis
1227 1864 1279 1913 et
1313 1860 1379 1913 ad
1405 1876 1589 1912 sonum
1616 1858 1989 1912 exhortationis
2015 1862 2224 1910 nostrae
2251 1872 2428 1909 aurem

493 1958 698 2012 debitae
736 1958 1060 2012 obedientiae
1097 1974 1201 2010 non
1238 1955 1641 2023 inclinaveritiS,
1680 1971 1781 2007 non
1823 1958 2030 2007 nostrae
2068 1953 2300 2007 incuriae
2337 1951 2429 2006 sed

493 2058 696 2109 vestrae
733 2055 973 2124 poteritis
1001 2054 1184 2124 culpae
1218 2053 1495 2123 imputare,
1536 2052 1581 2105 si
1607 2051 1730 2120 quid
1756 2050 1975 2121 periculi
1998 2050 2200 2120 patriae
2225 2052 2429 2111 vestrae

494 2152 784 2220 contigerit.
937 2150 1137 2220 Cetera,
1178 2167 1308 2220 quae
1348 2149 1410 2202 de
1450 2148 1616 2202 salute
1656 2151 1706 2200 et
1732 2147 1794 2200 de
1821 2146 2013 2200 honore
2039 2150 2212 2200 vestro
2237 2149 2428 2199 tracta-

492 2266 626 2317 muS,
664 2265 854 2316 magna
880 2265 946 2301 ex
971 2251 1118 2318 parte
1145 2246 1393 2300 confratri
1418 2248 1595 2298 nostro
1622 2242 1960 2296 Constantino
1989 2242 2236 2295 Turrensi
2261 2241 2428 2294 archi-

493 2346 734 2416 episcopo
785 2344 933 2399 vobis
980 2343 1252 2398 referenda
1299 2341 1667 2395 commisimus,
1731 2339 1806 2393 At
1842 2355 1958 2393 cum
1995 2338 2196 2406 legatus
2234 2340 2426 2406 noster,

495 2458 647 2511 quem
673 2441 784 2495 Deo
824 2444 1081 2494 annuente
1120 2439 1184 2492 de
1221 2439 1459 2508 proximo
1498 2437 1704 2489 mittere
1741 2435 2081 2505 disponimuS,
2122 2434 2188 2488 ad
2211 2451 2303 2488 vos
2341 2450 2428 2488 ve-

492 2538 655 2607 nerit,
704 2537 1026 2591 voluntatem
1074 2540 1308 2589 nostram
1352 2534 1577 2605 pleniter
1613 2532 1760 2586 vobis
1810 2530 2122 2600 significabit
2169 2535 2244 2598 et,
2293 2530 2430 2600 quod

494 2634 688 2703 gloriae
715 2638 766 2688 et
791 2633 974 2687 honori
999 2637 1171 2687 vestro
1200 2631 1459 2699 condecet,
1501 2629 1728 2708 apertius
1755 2628 2032 2682 enarrabit.
2090 2627 2229 2681 Data
2254 2625 2430 2697 Capue

496 2733 530 2785 2
568 2731 689 2785 Idus
729 2730 983 2799 OctobriS,
1022 2729 1305 2782 indictione
1348 2729 1428 2781 12.

496 2903 521 2964 I
556 2906 633 2964 29
651 2922 702 2964 a.
730 2909 1009 2962 Heinrieus
1035 2907 1128 2961 IV
1143 2925 1236 2959 rex
1262 2927 1295 2960 a
1326 2903 1577 2975 Greyorz'o
1610 2904 1723 2958 VII
1736 2922 1885 2974 papa
1908 2902 2285 2972 indulyentiam
2306 2917 2426 2970 pee-

732 3017 963 3059 catorum
979 3006 1129 3075 petit.
1193 3003 1506 3072 Obsequium
1524 3002 1801 3072 promittit.
1853 3000 2043 3069 Εοραί,
2084 3009 2142 3051 ut
2167 2997 2428 3050 ecelesiam

732 3102 1170 3155 Mediolanensem
1206 3102 1264 3152 in
1301 3099 1482 3151 melius
1520 3105 1719 3151 mutet&

644 3212 1055 3280 vigilantissimo
1106 3214 1158 3265 et
1204 3208 1680 3263 desiderantissimo
1728 3207 1914 3259 domno
1961 3220 2128 3274 papae
2179 3201 2427 3271 Gregorio

498 3309 782 3379 apostolica
819 3309 1070 3377 dignitate
1119 3306 1333 3361 coelitus
1370 3305 1616 3372 insignito
1655 3302 1907 3357 Henricus
1943 3300 2292 3353 Romanorum
2328 3298 2428 3352 Dei

498 3405 666 3472 gratia
701 3422 796 3458 rex
834 3405 996 3459 debiti
1031 3403 1312 3457 famulatus
1349 3400 1705 3469 fidelissimam
1744 3396 2127 3452 exhibitionem.

647 3500 777 3554 Cum
817 3500 986 3554 enimb
1024 3517 1242 3568 regnum
1282 3502 1334 3552 et
1372 3497 1731 3563 sacerdotium,
1770 3497 1829 3546 ut
1864 3493 1920 3545 in
1958 3491 2162 3545 Christo
2199 3491 2300 3543 rite
2339 3489 2427 3543 ad-

498 3597 797 3651 ministrata
836 3596 1137 3665 subsistant,
1176 3595 1374 3650 vicaria
1411 3593 1493 3647 sui
1531 3608 1627 3662 ope
1666 3606 1869 3659 semper
1905 3588 2187 3655 indigeant,
2228 3589 2431 3656 oportet

601 3727 633 3752 a.
663 3717 814 3765 Legitur
831 3716 941 3750 etiam
970 3712 1006 3759 2)
1026 3727 1087 3762 ap.
1104 3715 1294 3763 Hugonem
1315 3713 1474 3754 Flavia„
1495 3713 1598 3747 Mon.
1613 3711 1729 3747 Germ.
1744 3708 1811 3746 SS.
1829 3707 1926 3744 Vll!
1942 3705 2030 3743 425.
2131 3705 2168 3742 b.
2187 3704 2286 3742 enim
2309 3719 2378 3743 om.
2393 3706 2429 3742 2.
