<?xml version="1.0" encoding="UTF-8"?>
<!DOCTYPE html PUBLIC "-//W3C//DTD XHTML 1.0 Transitional//EN"
    "http://www.w3.org/TR/xhtml1/DTD/xhtml1-transitional.dtd">
<html xmlns="http://www.w3.org/1999/xhtml" xml:lang="en" lang="en">
 <head>
  <title>
</title>
<meta http-equiv="Content-Type" content="text/html;charset=utf-8" />
  <meta name='ocr-system' content='tesseract 3.04.00' />
  <meta name='ocr-capabilities' content='ocr_page ocr_carea ocr_par ocr_line ocrx_word'/>
</head>
<body>
  <div class='ocr_page' id='page_1' title='image "bibliothecarerum02wattuoft_0605.png"; bbox 0 0 2730 4198; ppageno 0'>
   <div class='ocr_carea' id='block_1_1' title="bbox 924 255 2213 311">
    <p class='ocr_par' dir='ltr' id='par_1_1' title="bbox 924 255 2213 311">
     <span class='ocr_line' id='line_1_1' title="bbox 924 255 2213 311; baseline -0.001 -1"><span class='ocrx_word' id='word_1_1' title='bbox 924 272 1182 311; x_wconf 83' lang='lat' dir='ltr'>BONITHO</span> <span class='ocrx_word' id='word_1_2' title='bbox 1221 274 1298 311; x_wconf 84' lang='lat' dir='ltr'><em>AD</em></span> <span class='ocrx_word' id='word_1_3' title='bbox 1336 272 1564 311; x_wconf 78' lang='lat' dir='ltr'>AMICUM</span> <span class='ocrx_word' id='word_1_4' title='bbox 2105 255 2213 310; x_wconf 83' lang='lat'><em>589</em></span> 
     </span>
    </p>
   </div>
   <div class='ocr_carea' id='block_1_2' title="bbox 264 388 2220 841">
    <p class='ocr_par' dir='ltr' id='par_1_2' title="bbox 264 388 2220 841">
     <span class='ocr_line' id='line_1_2' title="bbox 413 388 2213 458; baseline -0.002 -15"><span class='ocrx_word' id='word_1_5' title='bbox 413 390 572 444; x_wconf 77' lang='lat' dir='ltr'><em>Nihil</em></span> <span class='ocrx_word' id='word_1_6' title='bbox 608 401 778 443; x_wconf 90' lang='lat' dir='ltr'><em>autem</em></span> <span class='ocrx_word' id='word_1_7' title='bbox 816 401 903 456; x_wconf 84' lang='lat' dir='ltr'><em>est,</em></span> <span class='ocrx_word' id='word_1_8' title='bbox 947 410 1039 443; x_wconf 90' lang='lat' dir='ltr'><em>cur</em></span> <span class='ocrx_word' id='word_1_9' title='bbox 1062 391 1199 458; x_wconf 85' lang='lat' dir='ltr'><em>fides</em></span> <span class='ocrx_word' id='word_1_10' title='bbox 1238 391 1358 443; x_wconf 74' lang='lat' dir='ltr'><em>huic</em></span> <span class='ocrx_word' id='word_1_11' title='bbox 1395 393 1684 443; x_wconf 88' lang='lat' dir='ltr'><em>iuramento</em></span> <span class='ocrx_word' id='word_1_12' title='bbox 1725 389 2018 457; x_wconf 76' lang='lat' dir='ltr'><em>abroqetur.</em></span> <span class='ocrx_word' id='word_1_13' title='bbox 2097 388 2213 440; x_wconf 89' lang='lat' dir='ltr'><em>Me-</em></span> 
     </span>
     <span class='ocr_line' id='line_1_3' title="bbox 265 483 2215 557; baseline -0.003 -17"><span class='ocrx_word' id='word_1_14' title='bbox 265 489 422 540; x_wconf 91' lang='lat' dir='ltr'><em>minit</em></span> <span class='ocrx_word' id='word_1_15' title='bbox 478 489 613 540; x_wconf 90' lang='lat' dir='ltr'><em>enim</em></span> <span class='ocrx_word' id='word_1_16' title='bbox 666 488 1033 557; x_wconf 72' lang='lat' dir='ltr'><em>promissionis</em></span> <span class='ocrx_word' id='word_1_17' title='bbox 1084 487 1315 540; x_wconf 76' lang='lat' dir='ltr'><em>Iohanni</em></span> <span class='ocrx_word' id='word_1_18' title='bbox 1350 486 1477 538; x_wconf 92' lang='lat' dir='ltr'><em>XII</em></span> <span class='ocrx_word' id='word_1_19' title='bbox 1503 486 1690 555; x_wconf 87' lang='lat' dir='ltr'><em>factae</em></span> <span class='ocrx_word' id='word_1_20' title='bbox 1737 486 1851 554; x_wconf 87' lang='lat' dir='ltr'><em>ipse</em></span> <span class='ocrx_word' id='word_1_21' title='bbox 1901 483 2019 536; x_wconf 86' lang='lat' dir='ltr'><em>Otto</em></span> <span class='ocrx_word' id='word_1_22' title='bbox 2068 485 2215 552; x_wconf 89' lang='lat' dir='ltr'><em>apud</em></span> 
     </span>
     <span class='ocr_line' id='line_1_4' title="bbox 267 574 2211 653; baseline -0.004 -17"><span class='ocrx_word' id='word_1_23' title='bbox 267 583 679 653; x_wconf 62' lang='lat' dir='ltr'><em>[liudprandum</em></span> <span class='ocrx_word' id='word_1_24' title='bbox 713 583 800 635; x_wconf 90' lang='lat' dir='ltr'><em>De</em></span> <span class='ocrx_word' id='word_1_25' title='bbox 832 583 983 635; x_wconf 89' lang='lat' dir='ltr'><em>rebus</em></span> <span class='ocrx_word' id='word_1_26' title='bbox 1006 585 1162 653; x_wconf 77' lang='lat' dir='ltr'><em>qestis</em></span> <span class='ocrx_word' id='word_1_27' title='bbox 1195 583 1397 635; x_wconf 87' lang='lat' dir='ltr'><em>Ottonis</em></span> <span class='ocrx_word' id='word_1_28' title='bbox 1423 584 1607 651; x_wconf 79' lang='lat' dir='ltr'><em>maqni</em></span> <span class='ocrx_word' id='word_1_29' title='bbox 1628 581 1963 651; x_wconf 87' lang='lat' dir='ltr'><em>imperatoris</em></span> <span class='ocrx_word' id='word_1_30' title='bbox 1992 597 2108 649; x_wconf 86' lang='lat' dir='ltr'><em>cap.</em></span> <span class='ocrx_word' id='word_1_31' title='bbox 2130 579 2165 630; x_wconf 89' lang='lat'><em>6</em></span> <span class='ocrx_word' id='word_1_32' title='bbox 2181 574 2211 643; x_wconf 84' lang='lat'><em>¹,</em></span> 
     </span>
     <span class='ocr_line' id='line_1_5' title="bbox 267 677 2214 750; baseline -0.004 -18"><span class='ocrx_word' id='word_1_33' title='bbox 267 690 315 732; x_wconf 89' lang='lat' dir='ltr'><em>et</em></span> <span class='ocrx_word' id='word_1_34' title='bbox 350 689 561 750; x_wconf 83' lang='lat' dir='ltr'><em>partem</em></span> <span class='ocrx_word' id='word_1_35' title='bbox 608 681 816 748; x_wconf 91' lang='lat' dir='ltr'><em>quidem</em></span> <span class='ocrx_word' id='word_1_36' title='bbox 864 680 1090 731; x_wconf 87' lang='lat' dir='ltr'><em>eiusdem</em></span> <span class='ocrx_word' id='word_1_37' title='bbox 1124 680 1491 748; x_wconf 88' lang='lat' dir='ltr'><em>promissionis</em></span> <span class='ocrx_word' id='word_1_38' title='bbox 1531 679 1887 738; x_wconf 78' lang='lat' dir='ltr'><em>convenienter</em></span> <span class='ocrx_word' id='word_1_39' title='bbox 1924 677 2214 727; x_wconf 89' lang='lat' dir='ltr'><em>iuramento</em></span> 
     </span>
     <span class='ocr_line' id='line_1_6' title="bbox 264 771 2220 841; baseline -0.004 -13"><span class='ocrx_word' id='word_1_40' title='bbox 264 776 468 828; x_wconf 77' lang='lat' dir='ltr'><em>inducit</em></span> <span class='ocrx_word' id='word_1_41' title='bbox 501 777 605 827; x_wconf 83' lang='lat' dir='ltr'><em>ita:</em></span> <span class='ocrx_word' id='word_1_42' title='bbox 646 814 675 839; x_wconf 86' lang='grc'><em>,,</em></span> <span class='ocrx_word' id='word_1_43' title='bbox 698 775 914 827; x_wconf 89' lang='lat' dir='ltr'><em>Omnem</em></span> <span class='ocrx_word' id='word_1_44' title='bbox 950 785 1144 827; x_wconf 91' lang='lat' dir='ltr'><em>terram</em></span> <span class='ocrx_word' id='word_1_45' title='bbox 1181 776 1351 826; x_wconf 89' lang='lat' dir='ltr'><em>sancti</em></span> <span class='ocrx_word' id='word_1_46' title='bbox 1373 774 1541 837; x_wconf 80' lang='lat' dir='ltr'><em>Petri,</em></span> <span class='ocrx_word' id='word_1_47' title='bbox 1584 790 1718 841; x_wconf 86' lang='lat' dir='ltr'><em>quae</em></span> <span class='ocrx_word' id='word_1_48' title='bbox 1742 782 1951 824; x_wconf 89' lang='lat' dir='ltr'><em>nostrae</em></span> <span class='ocrx_word' id='word_1_49' title='bbox 1967 771 2220 840; x_wconf 71' lang='lat' dir='ltr'><em>potestati</em></span> 
     </span>
    </p>
   </div>
   <div class='ocr_carea' id='block_1_3' title="bbox 1257 864 2217 937">
    <p class='ocr_par' dir='ltr' id='par_1_3' title="bbox 1257 864 2217 937">
     <span class='ocr_line' id='line_1_7' title="bbox 1257 864 2217 937; baseline -0.003 -17"><span class='ocrx_word' id='word_1_50' title='bbox 1257 864 1332 920; x_wconf 79' lang='lat'><em>“².</em></span> <span class='ocrx_word' id='word_1_51' title='bbox 1411 868 1596 937; x_wconf 82' lang='lat' dir='ltr'><strong><em>Neque</em></strong></span> <span class='ocrx_word' id='word_1_52' title='bbox 1645 868 1935 936; x_wconf 80' lang='lat' dir='ltr'><em>quidquam</em></span> <span class='ocrx_word' id='word_1_53' title='bbox 1984 867 2148 918; x_wconf 89' lang='lat' dir='ltr'><em>alieni</em></span> <span class='ocrx_word' id='word_1_54' title='bbox 2183 885 2217 917; x_wconf 88' lang='lat' dir='ltr'><em>a</em></span> 
     </span>
    </p>
   </div>
   <div class='ocr_carea' id='block_1_4' title="bbox 261 871 2220 2761">
    <p class='ocr_par' dir='ltr' id='par_1_4' title="bbox 262 871 2214 1132">
     <span class='ocr_line' id='line_1_8' title="bbox 262 871 1240 942; baseline -0.002 -19"><span class='ocrx_word' id='word_1_55' title='bbox 262 873 588 942; x_wconf 85' lang='lat' dir='ltr'><em>proveniret,</em></span> <span class='ocrx_word' id='word_1_56' title='bbox 631 873 975 940; x_wconf 77' lang='lat' dir='ltr'><em>promisimus</em></span> <span class='ocrx_word' id='word_1_57' title='bbox 1025 871 1240 922; x_wconf 88' lang='lat' dir='ltr'><em>reddere</em></span> 
     </span>
     <span class='ocr_line' id='line_1_9' title="bbox 266 962 2214 1037; baseline -0.004 -17"><span class='ocrx_word' id='word_1_58' title='bbox 266 969 521 1037; x_wconf 76' lang='lat' dir='ltr'><em>diqnitate</em></span> <span class='ocrx_word' id='word_1_59' title='bbox 567 969 713 1036; x_wconf 78' lang='lat' dir='ltr'><em>reqia</em></span> <span class='ocrx_word' id='word_1_60' title='bbox 759 969 816 1019; x_wconf 86' lang='lat' dir='ltr'><em>in</em></span> <span class='ocrx_word' id='word_1_61' title='bbox 864 969 1153 1018; x_wconf 89' lang='lat' dir='ltr'><em>iuramento</em></span> <span class='ocrx_word' id='word_1_62' title='bbox 1200 967 1366 1018; x_wconf 86' lang='lat' dir='ltr'><em>inesse</em></span> <span class='ocrx_word' id='word_1_63' title='bbox 1402 966 1579 1028; x_wconf 81' lang='lat' dir='ltr'><em>video,</em></span> <span class='ocrx_word' id='word_1_64' title='bbox 1635 964 1777 1032; x_wconf 89' lang='lat' dir='ltr'><em>quod</em></span> <span class='ocrx_word' id='word_1_65' title='bbox 1813 965 1963 1032; x_wconf 73' lang='lat' dir='ltr'><em>siqno</em></span> <span class='ocrx_word' id='word_1_66' title='bbox 2003 964 2096 1028; x_wconf 87' lang='lat' dir='ltr'><em>sit,</em></span> <span class='ocrx_word' id='word_1_67' title='bbox 2149 962 2214 1014; x_wconf 90' lang='lat' dir='ltr'><em>ab</em></span> 
     </span>
     <span class='ocr_line' id='line_1_10' title="bbox 267 1055 1419 1132; baseline -0.004 -16"><span class='ocrx_word' id='word_1_68' title='bbox 267 1063 639 1116; x_wconf 88' lang='lat' dir='ltr'><em>ecclesiasticae</em></span> <span class='ocrx_word' id='word_1_69' title='bbox 666 1064 844 1132; x_wconf 84' lang='lat' dir='ltr'><em>partis</em></span> <span class='ocrx_word' id='word_1_70' title='bbox 882 1064 1022 1114; x_wconf 89' lang='lat' dir='ltr'><em>socio</em></span> <span class='ocrx_word' id='word_1_71' title='bbox 1046 1061 1260 1130; x_wconf 87' lang='lat' dir='ltr'><em>factum</em></span> <span class='ocrx_word' id='word_1_72' title='bbox 1295 1055 1419 1112; x_wconf 87' lang='lat' dir='ltr'><em>esse.</em></span> 
     </span>
    </p>

    <p class='ocr_par' dir='ltr' id='par_1_5' title="bbox 265 1155 2216 1501">
     <span class='ocr_line' id='line_1_11' title="bbox 414 1155 2216 1226; baseline -0.003 -15"><span class='ocrx_word' id='word_1_73' title='bbox 414 1159 560 1211; x_wconf 90' lang='lat' dir='ltr'><em>Nam</em></span> <span class='ocrx_word' id='word_1_74' title='bbox 597 1159 759 1211; x_wconf 85' lang='lat' dir='ltr'><em>illud:</em></span> <span class='ocrx_word' id='word_1_75' title='bbox 800 1158 918 1222; x_wconf 74' lang='lat' dir='ltr'><em>„Et</em></span> <span class='ocrx_word' id='word_1_76' title='bbox 953 1175 1241 1226; x_wconf 75' lang='lat' dir='ltr'><em>numquam</em></span> <span class='ocrx_word' id='word_1_77' title='bbox 1278 1159 1440 1209; x_wconf 82' lang='lat' dir='ltr'><em>vitam</em></span> <span class='ocrx_word' id='word_1_78' title='bbox 1478 1165 1570 1208; x_wconf 91' lang='lat' dir='ltr'><em>aut</em></span> <span class='ocrx_word' id='word_1_79' title='bbox 1596 1155 1828 1207; x_wconf 90' lang='lat' dir='ltr'><em>membra</em></span> <span class='ocrx_word' id='word_1_80' title='bbox 1852 1172 2017 1223; x_wconf 90' lang='lat' dir='ltr'><em>neque</em></span> <span class='ocrx_word' id='word_1_81' title='bbox 2041 1155 2216 1223; x_wconf 86' lang='lat' dir='ltr'><em>ipsum</em></span> 
     </span>
     <span class='ocr_line' id='line_1_12' title="bbox 266 1250 2214 1308; baseline -0.004 0"><span class='ocrx_word' id='word_1_82' title='bbox 266 1255 511 1308; x_wconf 74' lang='lat' dir='ltr'><em>honorem</em></span> <span class='ocrx_word' id='word_1_83' title='bbox 549 1287 619 1293; x_wconf 91' lang='lat'>—</span> <span class='ocrx_word' id='word_1_84' title='bbox 658 1273 773 1306; x_wconf 90' lang='lat' dir='ltr'><em>mea</em></span> <span class='ocrx_word' id='word_1_85' title='bbox 818 1254 1079 1306; x_wconf 85' lang='lat' dir='ltr'><em>voluntate</em></span> <span class='ocrx_word' id='word_1_86' title='bbox 1125 1262 1218 1305; x_wconf 85' lang='lat' dir='ltr'><em>aut</em></span> <span class='ocrx_word' id='word_1_87' title='bbox 1262 1271 1373 1305; x_wconf 90' lang='lat' dir='ltr'><em>meo</em></span> <span class='ocrx_word' id='word_1_88' title='bbox 1422 1270 1672 1305; x_wconf 85' lang='lat' dir='ltr'><em>consensu</em></span> <span class='ocrx_word' id='word_1_89' title='bbox 1720 1261 1812 1303; x_wconf 87' lang='lat' dir='ltr'><em>aut</em></span> <span class='ocrx_word' id='word_1_90' title='bbox 1848 1269 1958 1302; x_wconf 91' lang='lat' dir='ltr'><em>meo</em></span> <span class='ocrx_word' id='word_1_91' title='bbox 1998 1250 2214 1302; x_wconf 91' lang='lat' dir='ltr'><em>consilio</em></span> 
     </span>
     <span class='ocr_line' id='line_1_13' title="bbox 265 1346 2214 1420; baseline -0.003 -17"><span class='ocrx_word' id='word_1_92' title='bbox 265 1362 358 1404; x_wconf 88' lang='lat' dir='ltr'><em>aut</em></span> <span class='ocrx_word' id='word_1_93' title='bbox 401 1352 720 1404; x_wconf 74' lang='lat' dir='ltr'><em>exortatione</em></span> <span class='ocrx_word' id='word_1_94' title='bbox 748 1351 939 1420; x_wconf 84' lang='lat' dir='ltr'><em>perdes</em></span> <span class='ocrx_word' id='word_1_95' title='bbox 956 1349 985 1374; x_wconf 83' lang='lat'>“</span> <span class='ocrx_word' id='word_1_96' title='bbox 1022 1367 1086 1400; x_wconf 90' lang='lat' dir='ltr'><em>ne</em></span> <span class='ocrx_word' id='word_1_97' title='bbox 1123 1348 1363 1400; x_wconf 89' lang='lat' dir='ltr'><em>umbram</em></span> <span class='ocrx_word' id='word_1_98' title='bbox 1402 1349 1611 1417; x_wconf 89' lang='lat' dir='ltr'><em>quidem</em></span> <span class='ocrx_word' id='word_1_99' title='bbox 1651 1387 1679 1411; x_wconf 89' lang='lat'>„</span> <span class='ocrx_word' id='word_1_100' title='bbox 1698 1349 2013 1400; x_wconf 79' lang='lat' dir='ltr'><em>sacramenti</em></span> <span class='ocrx_word' id='word_1_101' title='bbox 2035 1346 2214 1414; x_wconf 82' lang='lat' dir='ltr'><em>fideli-</em></span> 
     </span>
     <span class='ocr_line' id='line_1_14' title="bbox 266 1447 711 1501; baseline -0.007 -1"><span class='ocrx_word' id='word_1_102' title='bbox 266 1449 387 1501; x_wconf 84' lang='lat' dir='ltr'><em>tatis</em></span> <span class='ocrx_word' id='word_1_103' title='bbox 404 1447 434 1472; x_wconf 88' lang='lat'>“</span> <span class='ocrx_word' id='word_1_104' title='bbox 473 1448 711 1500; x_wconf 88' lang='lat' dir='ltr'><em>continet.</em></span> 
     </span>
    </p>

    <p class='ocr_par' dir='ltr' id='par_1_6' title="bbox 261 1539 2220 2761">
     <span class='ocr_line' id='line_1_15' title="bbox 412 1539 2218 1610; baseline -0.003 -15"><span class='ocrx_word' id='word_1_105' title='bbox 412 1543 622 1596; x_wconf 84' lang='lat' dir='ltr'><em>Deinde</em></span> <span class='ocrx_word' id='word_1_106' title='bbox 669 1551 810 1594; x_wconf 88' lang='lat' dir='ltr'><em>errat</em></span> <span class='ocrx_word' id='word_1_107' title='bbox 854 1551 1015 1605; x_wconf 87' lang='lat' dir='ltr'><em>totus,</em></span> <span class='ocrx_word' id='word_1_108' title='bbox 1069 1542 1164 1610; x_wconf 90' lang='lat' dir='ltr'><em>qui</em></span> <span class='ocrx_word' id='word_1_109' title='bbox 1210 1542 1272 1592; x_wconf 91' lang='lat' dir='ltr'><em>de</em></span> <span class='ocrx_word' id='word_1_110' title='bbox 1315 1540 1528 1609; x_wconf 89' lang='lat' dir='ltr'><em>placitis</em></span> <span class='ocrx_word' id='word_1_111' title='bbox 1569 1542 1776 1592; x_wconf 89' lang='lat' dir='ltr'><em>omnino</em></span> <span class='ocrx_word' id='word_1_112' title='bbox 1816 1540 1976 1591; x_wconf 88' lang='lat' dir='ltr'><em>nullis</em></span> <span class='ocrx_word' id='word_1_113' title='bbox 2018 1539 2218 1591; x_wconf 86' lang='lat' dir='ltr'><em>Romae</em></span> 
     </span>
     <span class='ocr_line' id='line_1_16' title="bbox 265 1635 2220 1706; baseline -0.003 -14"><span class='ocrx_word' id='word_1_114' title='bbox 265 1640 515 1692; x_wconf 74' lang='lat' dir='ltr'><em>habendis</em></span> <span class='ocrx_word' id='word_1_115' title='bbox 561 1641 853 1691; x_wconf 88' lang='lat' dir='ltr'><em>iuramento</em></span> <span class='ocrx_word' id='word_1_116' title='bbox 904 1638 1191 1689; x_wconf 87' lang='lat' dir='ltr'><em>arbitratur</em></span> <span class='ocrx_word' id='word_1_117' title='bbox 1235 1638 1554 1706; x_wconf 86' lang='lat' dir='ltr'><em>promissum</em></span> <span class='ocrx_word' id='word_1_118' title='bbox 1603 1654 1708 1687; x_wconf 88' lang='lat' dir='ltr'><em>esse</em></span> <span class='ocrx_word' id='word_1_119' title='bbox 1746 1636 1841 1688; x_wconf 76' lang='lat' dir='ltr'><em>boc</em></span> <span class='ocrx_word' id='word_1_120' title='bbox 1874 1645 2060 1706; x_wconf 83' lang='lat' dir='ltr'><em>pacto:</em></span> <span class='ocrx_word' id='word_1_121' title='bbox 2101 1674 2129 1698; x_wconf 82' lang='lat'><em>,‚</em></span> <span class='ocrx_word' id='word_1_122' title='bbox 2146 1635 2220 1687; x_wconf 86' lang='lat' dir='ltr'><em>Et</em></span> 
     </span>
     <span class='ocr_line' id='line_1_17' title="bbox 264 1731 2216 1803; baseline -0.004 -14"><span class='ocrx_word' id='word_1_123' title='bbox 264 1738 323 1789; x_wconf 89' lang='lat' dir='ltr'><em>in</em></span> <span class='ocrx_word' id='word_1_124' title='bbox 349 1736 522 1789; x_wconf 88' lang='lat' dir='ltr'><em>Roma</em></span> <span class='ocrx_word' id='word_1_125' title='bbox 559 1735 763 1786; x_wconf 89' lang='lat' dir='ltr'><em>nullum</em></span> <span class='ocrx_word' id='word_1_126' title='bbox 792 1734 1053 1803; x_wconf 88' lang='lat' dir='ltr'><em>placitum</em></span> <span class='ocrx_word' id='word_1_127' title='bbox 1090 1751 1254 1802; x_wconf 89' lang='lat' dir='ltr'><em>neque</em></span> <span class='ocrx_word' id='word_1_128' title='bbox 1294 1733 1675 1784; x_wconf 87' lang='lat' dir='ltr'><em>ordinationem</em></span> <span class='ocrx_word' id='word_1_129' title='bbox 1697 1731 1910 1799; x_wconf 86' lang='lat' dir='ltr'><em>faciam</em></span> <span class='ocrx_word' id='word_1_130' title='bbox 1947 1733 2010 1783; x_wconf 93' lang='lat' dir='ltr'><em>de</em></span> <span class='ocrx_word' id='word_1_131' title='bbox 2050 1733 2216 1784; x_wconf 91' lang='lat' dir='ltr'><em>omni-</em></span> 
     </span>
     <span class='ocr_line' id='line_1_18' title="bbox 267 1829 2215 1900; baseline -0.003 -16"><span class='ocrx_word' id='word_1_132' title='bbox 267 1832 386 1896; x_wconf 85' lang='lat' dir='ltr'><em>bus,</em></span> <span class='ocrx_word' id='word_1_133' title='bbox 439 1849 572 1900; x_wconf 89' lang='lat' dir='ltr'><em>quae</em></span> <span class='ocrx_word' id='word_1_134' title='bbox 609 1832 680 1882; x_wconf 90' lang='lat' dir='ltr'><em>ad</em></span> <span class='ocrx_word' id='word_1_135' title='bbox 718 1841 765 1883; x_wconf 93' lang='lat' dir='ltr'><em>te</em></span> <span class='ocrx_word' id='word_1_136' title='bbox 802 1829 883 1881; x_wconf 83' lang='lat' dir='ltr'><em>vel</em></span> <span class='ocrx_word' id='word_1_137' title='bbox 920 1830 992 1880; x_wconf 90' lang='lat' dir='ltr'><em>ad</em></span> <span class='ocrx_word' id='word_1_138' title='bbox 1029 1838 1142 1880; x_wconf 90' lang='lat' dir='ltr'><em>tuos</em></span> <span class='ocrx_word' id='word_1_139' title='bbox 1183 1829 1449 1880; x_wconf 84' lang='lat' dir='ltr'><em>Romanos</em></span> <span class='ocrx_word' id='word_1_140' title='bbox 1479 1831 1768 1899; x_wconf 77' lang='lat' dir='ltr'><em>pertinent,</em></span> <span class='ocrx_word' id='word_1_141' title='bbox 1817 1830 1928 1879; x_wconf 89' lang='lat' dir='ltr'><em>sine</em></span> <span class='ocrx_word' id='word_1_142' title='bbox 1965 1837 2052 1879; x_wconf 94' lang='lat' dir='ltr'><em>tuo</em></span> <span class='ocrx_word' id='word_1_143' title='bbox 2093 1845 2215 1878; x_wconf 90' lang='lat' dir='ltr'><em>con-</em></span> 
     </span>
     <span class='ocr_line' id='line_1_19' title="bbox 268 1908 2219 1995; baseline -0.003 -16"><span class='ocrx_word' id='word_1_144' title='bbox 268 1928 388 1980; x_wconf 86' lang='lat' dir='ltr'><em>silio</em></span> <span class='ocrx_word' id='word_1_145' title='bbox 404 1927 450 1978; x_wconf 83' lang='lat'><em>“.</em></span> <span class='ocrx_word' id='word_1_146' title='bbox 509 1926 755 1995; x_wconf 88' lang='lat' dir='ltr'><em>Namque</em></span> <span class='ocrx_word' id='word_1_147' title='bbox 793 1927 856 1977; x_wconf 92' lang='lat' dir='ltr'><em>de</em></span> <span class='ocrx_word' id='word_1_148' title='bbox 892 1925 1000 1977; x_wconf 90' lang='lat' dir='ltr'><em>illis</em></span> <span class='ocrx_word' id='word_1_149' title='bbox 1038 1926 1191 1976; x_wconf 93' lang='lat' dir='ltr'><em>modo</em></span> <span class='ocrx_word' id='word_1_150' title='bbox 1215 1908 1427 1994; x_wconf 68' lang='lat' dir='ltr'><em>placitis</em></span> <span class='ocrx_word' id='word_1_151' title='bbox 1455 1935 1502 1977; x_wconf 92' lang='lat' dir='ltr'><em>et</em></span> <span class='ocrx_word' id='word_1_152' title='bbox 1528 1923 1946 1976; x_wconf 83' lang='lat' dir='ltr'><em>ordinationibus</em></span> <span class='ocrx_word' id='word_1_153' title='bbox 1972 1932 2219 1975; x_wconf 88' lang='lat' dir='ltr'><em>statutum</em></span> 
     </span>
     <span class='ocr_line' id='line_1_20' title="bbox 269 2018 2218 2093; baseline -0.003 -18"><span class='ocrx_word' id='word_1_154' title='bbox 269 2033 357 2088; x_wconf 89' lang='lat' dir='ltr'><em>est,</em></span> <span class='ocrx_word' id='word_1_155' title='bbox 402 2040 534 2093; x_wconf 89' lang='lat' dir='ltr'><em>quae</em></span> <span class='ocrx_word' id='word_1_156' title='bbox 570 2024 745 2092; x_wconf 88' lang='lat' dir='ltr'><em>ipsum</em></span> <span class='ocrx_word' id='word_1_157' title='bbox 774 2040 982 2091; x_wconf 85' lang='lat' dir='ltr'><em>papam</em></span> <span class='ocrx_word' id='word_1_158' title='bbox 1013 2031 1060 2074; x_wconf 89' lang='lat' dir='ltr'><em>et</em></span> <span class='ocrx_word' id='word_1_159' title='bbox 1085 2023 1193 2072; x_wconf 90' lang='lat' dir='ltr'><em>eius</em></span> <span class='ocrx_word' id='word_1_160' title='bbox 1221 2021 1489 2073; x_wconf 88' lang='lat' dir='ltr'><em>Romanos</em></span> <span class='ocrx_word' id='word_1_161' title='bbox 1514 2020 1830 2090; x_wconf 80' lang='lat' dir='ltr'><em>spectabant.</em></span> <span class='ocrx_word' id='word_1_162' title='bbox 1889 2018 1972 2071; x_wconf 86' lang='lat' dir='ltr'><em>Ac</em></span> <span class='ocrx_word' id='word_1_163' title='bbox 1997 2037 2062 2071; x_wconf 90' lang='lat' dir='ltr'><em>ne</em></span> <span class='ocrx_word' id='word_1_164' title='bbox 2087 2018 2218 2071; x_wconf 88' lang='lat' dir='ltr'><em>talia</em></span> 
     </span>
     <span class='ocr_line' id='line_1_21' title="bbox 264 2115 2218 2189; baseline -0.003 -18"><span class='ocrx_word' id='word_1_165' title='bbox 264 2118 467 2189; x_wconf 85' lang='lat' dir='ltr'><em>placita</em></span> <span class='ocrx_word' id='word_1_166' title='bbox 517 2119 725 2188; x_wconf 88' lang='lat' dir='ltr'><em>quidem</em></span> <span class='ocrx_word' id='word_1_167' title='bbox 770 2119 980 2187; x_wconf 76' lang='lat' dir='ltr'><em>neqavit</em></span> <span class='ocrx_word' id='word_1_168' title='bbox 1021 2115 1140 2170; x_wconf 89' lang='lat' dir='ltr'><em>Otto</em></span> <span class='ocrx_word' id='word_1_169' title='bbox 1181 2137 1215 2168; x_wconf 88' lang='lat' dir='ltr'><em>a</em></span> <span class='ocrx_word' id='word_1_170' title='bbox 1252 2135 1305 2169; x_wconf 90' lang='lat' dir='ltr'><em>se</em></span> <span class='ocrx_word' id='word_1_171' title='bbox 1345 2117 1545 2169; x_wconf 85' lang='lat' dir='ltr'><em>Roma-e</em></span> <span class='ocrx_word' id='word_1_172' title='bbox 1591 2117 1824 2169; x_wconf 76' lang='lat' dir='ltr'><em>habitum</em></span> <span class='ocrx_word' id='word_1_173' title='bbox 1868 2117 1943 2167; x_wconf 88' lang='lat' dir='ltr'><em>iri</em></span> <span class='ocrx_word' id='word_1_174' title='bbox 1950 2134 1968 2177; x_wconf 87' lang='lat'><em>,·</em></span> <span class='ocrx_word' id='word_1_175' title='bbox 2016 2115 2107 2166; x_wconf 90' lang='lat' dir='ltr'><em>sed</em></span> <span class='ocrx_word' id='word_1_176' title='bbox 2143 2116 2218 2166; x_wconf 87' lang='lat' dir='ltr'><em>sic</em></span> 
     </span>
     <span class='ocr_line' id='line_1_22' title="bbox 261 2209 2215 2285; baseline -0.003 -18"><span class='ocrx_word' id='word_1_177' title='bbox 261 2215 532 2285; x_wconf 85' lang='lat' dir='ltr'><em>pollicitus</em></span> <span class='ocrx_word' id='word_1_178' title='bbox 581 2224 676 2278; x_wconf 89' lang='lat' dir='ltr'><em>est,</em></span> <span class='ocrx_word' id='word_1_179' title='bbox 738 2215 914 2266; x_wconf 87' lang='lat' dir='ltr'><em>eadem</em></span> <span class='ocrx_word' id='word_1_180' title='bbox 959 2231 1065 2265; x_wconf 90' lang='lat' dir='ltr'><em>non</em></span> <span class='ocrx_word' id='word_1_181' title='bbox 1113 2213 1346 2265; x_wconf 76' lang='lat' dir='ltr'><em>habitum</em></span> <span class='ocrx_word' id='word_1_182' title='bbox 1392 2215 1467 2265; x_wconf 87' lang='lat' dir='ltr'><em>iri</em></span> <span class='ocrx_word' id='word_1_183' title='bbox 1511 2215 1669 2276; x_wconf 84' lang='lat' dir='ltr'><em>„sine</em></span> <span class='ocrx_word' id='word_1_184' title='bbox 1712 2230 1888 2282; x_wconf 87' lang='lat' dir='ltr'><em>papae</em></span> <span class='ocrx_word' id='word_1_185' title='bbox 1935 2211 2152 2263; x_wconf 87' lang='lat' dir='ltr'><em>consilio</em></span> <span class='ocrx_word' id='word_1_186' title='bbox 2169 2209 2215 2267; x_wconf 51' lang='lat'><em>⁶5.</em></span> 
     </span>
     <span class='ocr_line' id='line_1_23' title="bbox 271 2307 2216 2380; baseline -0.003 -17"><span class='ocrx_word' id='word_1_187' title='bbox 271 2309 390 2376; x_wconf 81' lang='lat' dir='ltr'><em>Qua</em></span> <span class='ocrx_word' id='word_1_188' title='bbox 439 2311 648 2380; x_wconf 88' lang='lat' dir='ltr'><em>quidem</em></span> <span class='ocrx_word' id='word_1_189' title='bbox 696 2328 818 2362; x_wconf 82' lang='lat' dir='ltr'><em>voce</em></span> <span class='ocrx_word' id='word_1_190' title='bbox 867 2309 1149 2361; x_wconf 90' lang='lat' dir='ltr'><em>consilii</em></span> <span class='ocrx_word' id='word_1_191' title='bbox 1195 2310 1326 2378; x_wconf 87' lang='lat' dir='ltr'><em>quid</em></span> <span class='ocrx_word' id='word_1_192' title='bbox 1362 2309 1704 2378; x_wconf 72' lang='lat' dir='ltr'><em>siqnvficetur,</em></span> <span class='ocrx_word' id='word_1_193' title='bbox 1753 2308 2027 2378; x_wconf 89' lang='lat' dir='ltr'><em>praeclare</em></span> <span class='ocrx_word' id='word_1_194' title='bbox 2063 2307 2216 2359; x_wconf 89' lang='lat' dir='ltr'><em>intel-</em></span> 
     </span>
     <span class='ocr_line' id='line_1_24' title="bbox 269 2403 2216 2475; baseline -0.002 -17"><span class='ocrx_word' id='word_1_195' title='bbox 269 2406 502 2459; x_wconf 72' lang='lat' dir='ltr'><em>lexerunt</em></span> <span class='ocrx_word' id='word_1_196' title='bbox 536 2407 595 2471; x_wconf 82' lang='lat' dir='ltr'><em>ii,</em></span> <span class='ocrx_word' id='word_1_197' title='bbox 638 2425 672 2458; x_wconf 90' lang='lat' dir='ltr'><em>a</em></span> <span class='ocrx_word' id='word_1_198' title='bbox 710 2406 897 2475; x_wconf 87' lang='lat' dir='ltr'><em>quibus</em></span> <span class='ocrx_word' id='word_1_199' title='bbox 934 2407 992 2456; x_wconf 85' lang='lat' dir='ltr'><em>in</em></span> <span class='ocrx_word' id='word_1_200' title='bbox 1015 2405 1311 2473; x_wconf 88' lang='lat' dir='ltr'><em>formando</em></span> <span class='ocrx_word' id='word_1_201' title='bbox 1349 2407 1640 2458; x_wconf 87' lang='lat' dir='ltr'><em>iuramento</em></span> <span class='ocrx_word' id='word_1_202' title='bbox 1680 2404 2008 2473; x_wconf 80' lang='lat' dir='ltr'><em>sinqulorum</em></span> <span class='ocrx_word' id='word_1_203' title='bbox 2036 2403 2216 2455; x_wconf 81' lang='lat' dir='ltr'><em>verbo-</em></span> 
     </span>
     <span class='ocr_line' id='line_1_25' title="bbox 269 2500 2219 2572; baseline -0.001 -20"><span class='ocrx_word' id='word_1_204' title='bbox 269 2520 388 2553; x_wconf 86' lang='lat' dir='ltr'><em>rum</em></span> <span class='ocrx_word' id='word_1_205' title='bbox 441 2503 678 2572; x_wconf 89' lang='lat' dir='ltr'><em>pondera</em></span> <span class='ocrx_word' id='word_1_206' title='bbox 733 2502 1067 2555; x_wconf 81' lang='lat' dir='ltr'><em>subtilissime</em></span> <span class='ocrx_word' id='word_1_207' title='bbox 1114 2503 1414 2554; x_wconf 74' lang='lat' dir='ltr'><em>examinata</em></span> <span class='ocrx_word' id='word_1_208' title='bbox 1464 2520 1570 2553; x_wconf 88' lang='lat' dir='ltr'><em>esse</em></span> <span class='ocrx_word' id='word_1_209' title='bbox 1619 2501 1795 2570; x_wconf 87' lang='lat' dir='ltr'><em>liquet.</em></span> <span class='ocrx_word' id='word_1_210' title='bbox 1874 2500 2050 2552; x_wconf 91' lang='lat' dir='ltr'><em>Paulo</em></span> <span class='ocrx_word' id='word_1_211' title='bbox 2101 2509 2219 2552; x_wconf 86' lang='lat' dir='ltr'><em>ante</em></span> 
     </span>
     <span class='ocr_line' id='line_1_26' title="bbox 273 2595 2217 2667; baseline -0.001 -18"><span class='ocrx_word' id='word_1_212' title='bbox 273 2599 409 2649; x_wconf 87' lang='lat' dir='ltr'><em>enim</em></span> <span class='ocrx_word' id='word_1_213' title='bbox 447 2598 791 2649; x_wconf 89' lang='lat' dir='ltr'><em>consilium</em></span> <span class='ocrx_word' id='word_1_214' title='bbox 829 2599 1006 2650; x_wconf 89' lang='lat' dir='ltr'><em>dedita</em></span> <span class='ocrx_word' id='word_1_215' title='bbox 1046 2616 1206 2667; x_wconf 83' lang='lat' dir='ltr'><em>opera</em></span> <span class='ocrx_word' id='word_1_216' title='bbox 1231 2599 1509 2650; x_wconf 88' lang='lat' dir='ltr'><em>discretum</em></span> <span class='ocrx_word' id='word_1_217' title='bbox 1536 2616 1641 2649; x_wconf 89' lang='lat' dir='ltr'><em>esse</em></span> <span class='ocrx_word' id='word_1_218' title='bbox 1665 2598 1901 2649; x_wconf 83' lang='lat' dir='ltr'><em>videmus</em></span> <span class='ocrx_word' id='word_1_219' title='bbox 1927 2617 1960 2648; x_wconf 90' lang='lat' dir='ltr'><em>a</em></span> <span class='ocrx_word' id='word_1_220' title='bbox 1986 2595 2217 2649; x_wconf 81' lang='lat' dir='ltr'><em>volun-</em></span> 
     </span>
     <span class='ocr_line' id='line_1_27' title="bbox 271 2689 2218 2761; baseline -0.002 -15"><span class='ocrx_word' id='word_1_221' title='bbox 271 2703 404 2746; x_wconf 86' lang='lat' dir='ltr'><em>tate</em></span> <span class='ocrx_word' id='word_1_222' title='bbox 443 2703 490 2745; x_wconf 93' lang='lat' dir='ltr'><em>et</em></span> <span class='ocrx_word' id='word_1_223' title='bbox 526 2711 839 2745; x_wconf 90' lang='lat' dir='ltr'><em>consensu</em></span> <span class='ocrx_word' id='word_1_224' title='bbox 877 2704 924 2746; x_wconf 93' lang='lat' dir='ltr'><em>et</em></span> <span class='ocrx_word' id='word_1_225' title='bbox 963 2689 1463 2746; x_wconf 72' lang='lat' dir='ltr'><em>exhortatione3.</em></span> <span class='ocrx_word' id='word_1_226' title='bbox 1524 2694 1591 2745; x_wconf 91' lang='lat' dir='ltr'><em>In</em></span> <span class='ocrx_word' id='word_1_227' title='bbox 1631 2695 1775 2746; x_wconf 89' lang='lat' dir='ltr'><em>omni</em></span> <span class='ocrx_word' id='word_1_228' title='bbox 1810 2711 2014 2745; x_wconf 90' lang='lat' dir='ltr'><em>summa</em></span> <span class='ocrx_word' id='word_1_229' title='bbox 2052 2694 2218 2761; x_wconf 78' lang='lat' dir='ltr'><em>iqitur</em></span> 
     </span>
    </p>
   </div>
   <div class='ocr_carea' id='block_1_5' title="bbox 267 2788 2221 2859">
    <p class='ocr_par' dir='ltr' id='par_1_7' title="bbox 267 2788 2221 2859">
     <span class='ocr_line' id='line_1_28' title="bbox 267 2788 2221 2859; baseline -0.001 -19"><span class='ocrx_word' id='word_1_230' title='bbox 267 2791 514 2859; x_wconf 91' lang='lat' dir='ltr'><em>promisit</em></span> <span class='ocrx_word' id='word_1_231' title='bbox 555 2788 701 2854; x_wconf 87' lang='lat' dir='ltr'><em>Ott0,</em></span> <span class='ocrx_word' id='word_1_232' title='bbox 742 2791 800 2841; x_wconf 88' lang='lat' dir='ltr'><em>in</em></span> <span class='ocrx_word' id='word_1_233' title='bbox 829 2789 1048 2859; x_wconf 84' lang='lat' dir='ltr'><em>placitis</em></span> <span class='ocrx_word' id='word_1_234' title='bbox 1088 2801 1135 2843; x_wconf 90' lang='lat' dir='ltr'><em>et</em></span> <span class='ocrx_word' id='word_1_235' title='bbox 1173 2789 1590 2842; x_wconf 89' lang='lat' dir='ltr'><em>ordinationibus</em></span> <span class='ocrx_word' id='word_1_236' title='bbox 1631 2789 1831 2841; x_wconf 85' lang='lat' dir='ltr'><em>Romae</em></span> <span class='ocrx_word' id='word_1_237' title='bbox 1869 2789 2118 2840; x_wconf 77' lang='lat' dir='ltr'><em>habendis</em></span> <span class='ocrx_word' id='word_1_238' title='bbox 2158 2789 2221 2840; x_wconf 90' lang='lat' dir='ltr'><em>de</em></span> 
     </span>
    </p>
   </div>
   <div class='ocr_carea' id='block_1_6' title="bbox 223 2923 2222 3716">
    <p class='ocr_par' dir='ltr' id='par_1_8' title="bbox 223 2923 2222 3716">
     <span class='ocr_line' id='line_1_29' title="bbox 391 2923 2222 2980; baseline 0 -12"><span class='ocrx_word' id='word_1_239' title='bbox 391 2926 430 2968; x_wconf 91' lang='lat'><em>1.</em></span> <span class='ocrx_word' id='word_1_240' title='bbox 471 2925 591 2968; x_wconf 92' lang='lat' dir='ltr'><em>Mon.</em></span> <span class='ocrx_word' id='word_1_241' title='bbox 619 2924 770 2970; x_wconf 79' lang='lat' dir='ltr'><em>Germ.</em></span> <span class='ocrx_word' id='word_1_242' title='bbox 798 2924 877 2970; x_wconf 82' lang='lat' dir='ltr'><em>SS.</em></span> <span class='ocrx_word' id='word_1_243' title='bbox 902 2926 968 2969; x_wconf 95' lang='lat' dir='ltr'><em>III</em></span> <span class='ocrx_word' id='word_1_244' title='bbox 998 2926 1099 2970; x_wconf 84' lang='lat'>341.</span> <span class='ocrx_word' id='word_1_245' title='bbox 1280 2926 1321 2969; x_wconf 83' lang='lat'><em>2.</em></span> <span class='ocrx_word' id='word_1_246' title='bbox 1364 2923 1537 2978; x_wconf 78' lang='lat' dir='ltr'><em>Quibus</em></span> <span class='ocrx_word' id='word_1_247' title='bbox 1568 2924 1751 2980; x_wconf 88' lang='lat' dir='ltr'><em>quidem</em></span> <span class='ocrx_word' id='word_1_248' title='bbox 1782 2923 1934 2968; x_wconf 87' lang='lat' dir='ltr'><em>verbis</em></span> <span class='ocrx_word' id='word_1_249' title='bbox 1966 2929 2222 2980; x_wconf 85' lang='lat' dir='ltr'><em>congruunt</em></span> 
     </span>
     <span class='ocr_line' id='line_1_30' title="bbox 270 2997 2219 3055; baseline -0.001 -12"><span class='ocrx_word' id='word_1_250' title='bbox 270 2998 383 3043; x_wconf 88' lang='lat' dir='ltr'><em>haec</em></span> <span class='ocrx_word' id='word_1_251' title='bbox 412 2998 651 3043; x_wconf 89' lang='lat' dir='ltr'><em>iuramenti</em></span> <span class='ocrx_word' id='word_1_252' title='bbox 681 2998 844 3043; x_wconf 88' lang='lat' dir='ltr'><em>verba:</em></span> <span class='ocrx_word' id='word_1_253' title='bbox 885 3033 905 3055; x_wconf 90' lang='lat'>„</span> <span class='ocrx_word' id='word_1_254' title='bbox 920 2999 981 3042; x_wconf 89' lang='lat' dir='ltr'><em>Et</em></span> <span class='ocrx_word' id='word_1_255' title='bbox 1011 2998 1226 3055; x_wconf 85' lang='lat' dir='ltr'><em>quicquid</em></span> <span class='ocrx_word' id='word_1_256' title='bbox 1256 2998 1313 3041; x_wconf 90' lang='lat' dir='ltr'><em>de</em></span> <span class='ocrx_word' id='word_1_257' title='bbox 1343 3001 1465 3042; x_wconf 88' lang='lat' dir='ltr'><em>terra</em></span> <span class='ocrx_word' id='word_1_258' title='bbox 1495 2998 1641 3041; x_wconf 84' lang='lat' dir='ltr'><em>sancti</em></span> <span class='ocrx_word' id='word_1_259' title='bbox 1669 2998 1792 3042; x_wconf 86' lang='lat' dir='ltr'><em>Petri</em></span> <span class='ocrx_word' id='word_1_260' title='bbox 1822 2997 1882 3042; x_wconf 89' lang='lat' dir='ltr'><em>ad</em></span> <span class='ocrx_word' id='word_1_261' title='bbox 1911 3001 2111 3042; x_wconf 88' lang='lat' dir='ltr'><em>nostram</em></span> <span class='ocrx_word' id='word_1_262' title='bbox 2141 3010 2219 3054; x_wconf 89' lang='lat' dir='ltr'><em>po-</em></span> 
     </span>
     <span class='ocr_line' id='line_1_31' title="bbox 269 3071 2222 3129; baseline -0.002 -12"><span class='ocrx_word' id='word_1_263' title='bbox 269 3076 484 3117; x_wconf 80' lang='lat' dir='ltr'><em>testatem</em></span> <span class='ocrx_word' id='word_1_264' title='bbox 514 3073 702 3129; x_wconf 87' lang='lat' dir='ltr'><em>venerit,</em></span> <span class='ocrx_word' id='word_1_265' title='bbox 733 3071 817 3116; x_wconf 90' lang='lat' dir='ltr'><em>tibi</em></span> <span class='ocrx_word' id='word_1_266' title='bbox 846 3071 1083 3116; x_wconf 85' lang='lat' dir='ltr'><em>1·eddam“.</em></span> <span class='ocrx_word' id='word_1_267' title='bbox 1147 3071 1412 3128; x_wconf 82' lang='lat' dir='ltr'><em>Suspicatur</em></span> <span class='ocrx_word' id='word_1_268' title='bbox 1442 3071 1624 3127; x_wconf 85' lang='lat' dir='ltr'><em>quidem</em></span> <span class='ocrx_word' id='word_1_269' title='bbox 1656 3072 1891 3127; x_wconf 73' lang='lat' dir='ltr'><em>Donniges</em></span> <span class='ocrx_word' id='word_1_270' title='bbox 1922 3072 1970 3127; x_wconf 87' lang='lat' dir='ltr'><em>(J</em></span> <span class='ocrx_word' id='word_1_271' title='bbox 1972 3071 2222 3116; x_wconf 81' lang='lat' dir='ltr'><em>ahrbiicher</em></span> 
     </span>
     <span class='ocr_line' id='line_1_32' title="bbox 223 3143 2220 3201; baseline -0.001 -11"><span class='ocrx_word' id='word_1_272' title='bbox 223 3196 226 3198; x_wconf 47' lang='grc'>,</span> <span class='ocrx_word' id='word_1_273' title='bbox 272 3146 352 3190; x_wconf 86' lang='lat' dir='ltr'><em>des</em></span> <span class='ocrx_word' id='word_1_274' title='bbox 384 3146 635 3190; x_wconf 79' lang='lat' dir='ltr'><em>deutschen</em></span> <span class='ocrx_word' id='word_1_275' title='bbox 664 3145 829 3189; x_wconf 87' lang='lat' dir='ltr'><em>Reichs</em></span> <span class='ocrx_word' id='word_1_276' title='bbox 861 3148 992 3189; x_wconf 88' lang='lat' dir='ltr'><em>unter</em></span> <span class='ocrx_word' id='word_1_277' title='bbox 1023 3144 1128 3189; x_wconf 88' lang='lat' dir='ltr'><em>Otto</em></span> <span class='ocrx_word' id='word_1_278' title='bbox 1158 3145 1180 3188; x_wconf 98' lang='lat' dir='ltr'>I</span> <span class='ocrx_word' id='word_1_279' title='bbox 1209 3159 1253 3201; x_wconf 88' lang='lat' dir='ltr'><em>p.</em></span> <span class='ocrx_word' id='word_1_280' title='bbox 1276 3145 1379 3199; x_wconf 80' lang='lat'>203)</span> <span class='ocrx_word' id='word_1_281' title='bbox 1409 3143 1552 3189; x_wconf 86' lang='lat' dir='ltr'><em>verba</em></span> <span class='ocrx_word' id='word_1_282' title='bbox 1580 3145 1932 3201; x_wconf 88' lang='lat' dir='ltr'><em>Liudprandana</em></span> <span class='ocrx_word' id='word_1_283' title='bbox 1969 3145 2016 3188; x_wconf 91' lang='lat' dir='ltr'><em>in</em></span> <span class='ocrx_word' id='word_1_284' title='bbox 2054 3143 2220 3188; x_wconf 89' lang='lat' dir='ltr'><em>confin-</em></span> 
     </span>
     <span class='ocr_line' id='line_1_33' title="bbox 271 3217 2220 3276; baseline -0.002 -12"><span class='ocrx_word' id='word_1_285' title='bbox 271 3219 421 3276; x_wconf 86' lang='lat' dir='ltr'><em>gendo</em></span> <span class='ocrx_word' id='word_1_286' title='bbox 452 3220 704 3264; x_wconf 88' lang='lat' dir='ltr'><em>iuramento</em></span> <span class='ocrx_word' id='word_1_287' title='bbox 737 3218 939 3262; x_wconf 86' lang='lat' dir='ltr'><em>adhibita</em></span> <span class='ocrx_word' id='word_1_288' title='bbox 969 3230 1084 3262; x_wconf 87' lang='lat' dir='ltr'><em>esse.</em></span> <span class='ocrx_word' id='word_1_289' title='bbox 1130 3217 1184 3261; x_wconf 92' lang='lat' dir='ltr'><em>Id</em></span> <span class='ocrx_word' id='word_1_290' title='bbox 1213 3230 1321 3262; x_wconf 88' lang='lat' dir='ltr'><em>vero</em></span> <span class='ocrx_word' id='word_1_291' title='bbox 1353 3217 1504 3273; x_wconf 89' lang='lat' dir='ltr'><em>quoad</em></span> <span class='ocrx_word' id='word_1_292' title='bbox 1534 3217 1729 3262; x_wconf 83' lang='lat' dir='ltr'><em>dilucide</em></span> <span class='ocrx_word' id='word_1_293' title='bbox 1760 3218 2117 3262; x_wconf 88' lang='lat' dir='ltr'><em>demonstratum</em></span> <span class='ocrx_word' id='word_1_294' title='bbox 2149 3218 2220 3274; x_wconf 89' lang='lat' dir='ltr'><em>sit,</em></span> 
     </span>
     <span class='ocr_line' id='line_1_34' title="bbox 271 3290 2220 3337; baseline -0.001 0"><span class='ocrx_word' id='word_1_295' title='bbox 271 3305 520 3337; x_wconf 78' lang='lat' dir='ltr'><em>consensus</em></span> <span class='ocrx_word' id='word_1_296' title='bbox 551 3294 626 3337; x_wconf 88' lang='lat' dir='ltr'><em>ille</em></span> <span class='ocrx_word' id='word_1_297' title='bbox 655 3305 747 3336; x_wconf 91' lang='lat' dir='ltr'><em>non</em></span> <span class='ocrx_word' id='word_1_298' title='bbox 776 3290 1021 3336; x_wconf 88' lang='lat' dir='ltr'><em>labefactat</em></span> <span class='ocrx_word' id='word_1_299' title='bbox 1050 3290 1187 3335; x_wconf 89' lang='lat' dir='ltr'><em>fidem</em></span> <span class='ocrx_word' id='word_1_300' title='bbox 1218 3291 1457 3335; x_wconf 87' lang='lat' dir='ltr'><em>iuramenti</em></span> <span class='ocrx_word' id='word_1_301' title='bbox 1487 3291 1570 3335; x_wconf 90' lang='lat' dir='ltr'><em>sed</em></span> <span class='ocrx_word' id='word_1_302' title='bbox 1599 3290 1873 3336; x_wconf 86' lang='lat' dir='ltr'><em>corroborat.</em></span> <span class='ocrx_word' id='word_1_303' title='bbox 2046 3292 2089 3335; x_wconf 90' lang='lat'><em>3.</em></span> <span class='ocrx_word' id='word_1_304' title='bbox 2123 3291 2220 3335; x_wconf 85' lang='lat' dir='ltr'><em>Cle-</em></span> 
     </span>
     <span class='ocr_line' id='line_1_35' title="bbox 272 3363 2220 3420; baseline -0.002 -10"><span class='ocrx_word' id='word_1_305' title='bbox 272 3366 414 3410; x_wconf 90' lang='lat' dir='ltr'><em>menti</em></span> <span class='ocrx_word' id='word_1_306' title='bbox 429 3367 470 3412; x_wconf 93' lang='lat' dir='ltr'>V</span> <span class='ocrx_word' id='word_1_307' title='bbox 491 3370 643 3410; x_wconf 85' lang='lat' dir='ltr'><em>autem</em></span> <span class='ocrx_word' id='word_1_308' title='bbox 663 3377 782 3410; x_wconf 89' lang='lat' dir='ltr'><em>anno</em></span> <span class='ocrx_word' id='word_1_309' title='bbox 804 3366 917 3409; x_wconf 87' lang='lat'>1311</span> <span class='ocrx_word' id='word_1_310' title='bbox 938 3364 1078 3420; x_wconf 82' lang='lat' dir='ltr'><em>legati</em></span> <span class='ocrx_word' id='word_1_311' title='bbox 1097 3363 1297 3408; x_wconf 89' lang='lat' dir='ltr'><em>Heinrici</em></span> <span class='ocrx_word' id='word_1_312' title='bbox 1313 3364 1399 3409; x_wconf 92' lang='lat' dir='ltr'><em>VII</em></span> <span class='ocrx_word' id='word_1_313' title='bbox 1417 3365 1740 3420; x_wconf 85' lang='lat' dir='ltr'><em>praestiterunt</em></span> <span class='ocrx_word' id='word_1_314' title='bbox 1761 3365 1882 3409; x_wconf 87' lang='lat' dir='ltr'><em>idem</em></span> <span class='ocrx_word' id='word_1_315' title='bbox 1906 3365 2220 3420; x_wconf 86' lang='lat' dir='ltr'><em>iuramentum,</em></span> 
     </span>
     <span class='ocr_line' id='line_1_36' title="bbox 274 3436 2219 3496; baseline -0.001 -13"><span class='ocrx_word' id='word_1_316' title='bbox 274 3438 356 3483; x_wconf 88' lang='lat' dir='ltr'><em>sed</em></span> <span class='ocrx_word' id='word_1_317' title='bbox 387 3439 718 3496; x_wconf 84' lang='lat' dir='ltr'><em>sapientissime</em></span> <span class='ocrx_word' id='word_1_318' title='bbox 747 3443 853 3496; x_wconf 88' lang='lat' dir='ltr'><em>post</em></span> <span class='ocrx_word' id='word_1_319' title='bbox 876 3473 896 3496; x_wconf 88' lang='lat'>„</span> <span class='ocrx_word' id='word_1_320' title='bbox 911 3439 1007 3483; x_wconf 87' lang='lat' dir='ltr'><em>sine</em></span> <span class='ocrx_word' id='word_1_321' title='bbox 1027 3441 1180 3482; x_wconf 86' lang='lat' dir='ltr'><em>vestro</em></span> <span class='ocrx_word' id='word_1_322' title='bbox 1202 3437 1388 3481; x_wconf 83' lang='lat' dir='ltr'><em>consilio</em></span> <span class='ocrx_word' id='word_1_323' title='bbox 1402 3436 1423 3458; x_wconf 86' lang='lat'>“</span> <span class='ocrx_word' id='word_1_324' title='bbox 1447 3437 1691 3482; x_wconf 88' lang='lat' dir='ltr'><em>adauctum</em></span> <span class='ocrx_word' id='word_1_325' title='bbox 1711 3439 1795 3482; x_wconf 88' lang='lat' dir='ltr'><em>ita:</em></span> <span class='ocrx_word' id='word_1_326' title='bbox 1832 3473 1853 3496; x_wconf 86' lang='lat'>„</span> <span class='ocrx_word' id='word_1_327' title='bbox 1867 3442 1914 3482; x_wconf 89' lang='lat' dir='ltr'><em>et</em></span> <span class='ocrx_word' id='word_1_328' title='bbox 1935 3450 2158 3482; x_wconf 87' lang='lat' dir='ltr'><em>consensu</em></span> <span class='ocrx_word' id='word_1_329' title='bbox 2174 3436 2219 3492; x_wconf 80' lang='lat'><em>“3</em></span> 
     </span>
     <span class='ocr_line' id='line_1_37' title="bbox 273 3509 2221 3571; baseline -0.001 -15"><span class='ocrx_word' id='word_1_330' title='bbox 273 3516 325 3556; x_wconf 90' lang='lat' dir='ltr'><em>ut</em></span> <span class='ocrx_word' id='word_1_331' title='bbox 363 3512 585 3557; x_wconf 81' lang='lat' dir='ltr'><em>dicerent:</em></span> <span class='ocrx_word' id='word_1_332' title='bbox 629 3514 724 3571; x_wconf 87' lang='lat' dir='ltr'><em>„Et</em></span> <span class='ocrx_word' id='word_1_333' title='bbox 761 3514 808 3557; x_wconf 90' lang='lat' dir='ltr'><em>in</em></span> <span class='ocrx_word' id='word_1_334' title='bbox 846 3513 993 3557; x_wconf 87' lang='lat' dir='ltr'><em>Roma</em></span> <span class='ocrx_word' id='word_1_335' title='bbox 1029 3511 1201 3555; x_wconf 90' lang='lat' dir='ltr'><em>nullum</em></span> <span class='ocrx_word' id='word_1_336' title='bbox 1238 3510 1454 3567; x_wconf 87' lang='lat' dir='ltr'><em>placitum</em></span> <span class='ocrx_word' id='word_1_337' title='bbox 1495 3516 1574 3555; x_wconf 90' lang='lat' dir='ltr'><em>aut</em></span> <span class='ocrx_word' id='word_1_338' title='bbox 1613 3511 1941 3556; x_wconf 85' lang='lat' dir='ltr'><em>ordinationem</em></span> <span class='ocrx_word' id='word_1_339' title='bbox 1988 3509 2126 3554; x_wconf 88' lang='lat' dir='ltr'><em>faciet</em></span> <span class='ocrx_word' id='word_1_340' title='bbox 2164 3509 2221 3554; x_wconf 87' lang='lat' dir='ltr'><em>de</em></span> 
     </span>
     <span class='ocr_line' id='line_1_38' title="bbox 275 3584 2219 3643; baseline -0.001 -13"><span class='ocrx_word' id='word_1_341' title='bbox 275 3585 498 3643; x_wconf 89' lang='lat' dir='ltr'><em>omnibus,</em></span> <span class='ocrx_word' id='word_1_342' title='bbox 530 3599 618 3642; x_wconf 90' lang='lat' dir='ltr'><em>que</em></span> <span class='ocrx_word' id='word_1_343' title='bbox 650 3586 709 3630; x_wconf 89' lang='lat' dir='ltr'><em>ad</em></span> <span class='ocrx_word' id='word_1_344' title='bbox 738 3599 822 3631; x_wconf 89' lang='lat' dir='ltr'><em>vos</em></span> <span class='ocrx_word' id='word_1_345' title='bbox 853 3586 1081 3642; x_wconf 87' lang='lat' dir='ltr'><em>pertinent</em></span> <span class='ocrx_word' id='word_1_346' title='bbox 1109 3585 1206 3629; x_wconf 90' lang='lat' dir='ltr'><em>sive</em></span> <span class='ocrx_word' id='word_1_347' title='bbox 1236 3584 1479 3641; x_wconf 88' lang='lat' dir='ltr'><em>Romanos,</em></span> <span class='ocrx_word' id='word_1_348' title='bbox 1510 3586 1609 3629; x_wconf 87' lang='lat' dir='ltr'><em>sine</em></span> <span class='ocrx_word' id='word_1_349' title='bbox 1638 3588 1791 3631; x_wconf 87' lang='lat' dir='ltr'><em>vestro</em></span> <span class='ocrx_word' id='word_1_350' title='bbox 1823 3584 2009 3629; x_wconf 89' lang='lat' dir='ltr'><em>consilio</em></span> <span class='ocrx_word' id='word_1_351' title='bbox 2040 3588 2086 3628; x_wconf 90' lang='lat' dir='ltr'><em>et</em></span> <span class='ocrx_word' id='word_1_352' title='bbox 2116 3597 2219 3629; x_wconf 87' lang='lat' dir='ltr'><em>con-</em></span> 
     </span>
     <span class='ocr_line' id='line_1_39' title="bbox 275 3657 1644 3716; baseline 0.001 -13"><span class='ocrx_word' id='word_1_353' title='bbox 275 3671 411 3703; x_wconf 89' lang='lat' dir='ltr'><em>sensu</em></span> <span class='ocrx_word' id='word_1_354' title='bbox 425 3658 463 3703; x_wconf 87' lang='lat'><em>“.</em></span> <span class='ocrx_word' id='word_1_355' title='bbox 509 3660 567 3704; x_wconf 86' lang='lat' dir='ltr'><em>V.</em></span> <span class='ocrx_word' id='word_1_356' title='bbox 600 3659 720 3703; x_wconf 89' lang='lat' dir='ltr'><em>Acta</em></span> <span class='ocrx_word' id='word_1_357' title='bbox 750 3659 935 3704; x_wconf 87' lang='lat' dir='ltr'><em>Henrici</em></span> <span class='ocrx_word' id='word_1_358' title='bbox 954 3659 1043 3705; x_wconf 87' lang='lat' dir='ltr'><em>VII</em></span> <span class='ocrx_word' id='word_1_359' title='bbox 1072 3657 1143 3703; x_wconf 87' lang='lat' dir='ltr'><em>ed.</em></span> <span class='ocrx_word' id='word_1_360' title='bbox 1165 3658 1401 3714; x_wconf 77' lang='lat' dir='ltr'><em>Donniges</em></span> <span class='ocrx_word' id='word_1_361' title='bbox 1429 3658 1475 3703; x_wconf 89' lang='grc' dir='ltr'>Π</span> <span class='ocrx_word' id='word_1_362' title='bbox 1502 3672 1548 3716; x_wconf 87' lang='lat' dir='ltr'><em>p.</em></span> <span class='ocrx_word' id='word_1_363' title='bbox 1571 3659 1644 3706; x_wconf 86' lang='lat'><em>45.</em></span> 
     </span>
    </p>
   </div>
  </div>
 </body>
</html>
