<?xml version="1.0" encoding="UTF-8"?>
<!DOCTYPE html PUBLIC "-//W3C//DTD XHTML 1.0 Transitional//EN"
    "http://www.w3.org/TR/xhtml1/DTD/xhtml1-transitional.dtd">
<html xmlns="http://www.w3.org/1999/xhtml" xml:lang="en" lang="en">
 <head>
  <title>
</title>
<meta http-equiv="Content-Type" content="text/html;charset=utf-8" />
  <meta name='ocr-system' content='tesseract 3.04.00' />
  <meta name='ocr-capabilities' content='ocr_page ocr_carea ocr_par ocr_line ocrx_word'/>
</head>
<body>
  <div class='ocr_page' id='page_1' title='image "bibliothecarerum02wattuoft_0709.png"; bbox 0 0 2730 4198; ppageno 0'>
   <div class='ocr_carea' id='block_1_1' title="bbox 947 299 1563 338">
    <p class='ocr_par' dir='ltr' id='par_1_1' title="bbox 947 299 1563 338">
     <span class='ocr_line' id='line_1_1' title="bbox 947 299 1563 338; baseline 0.003 -2"><span class='ocrx_word' id='word_1_1' title='bbox 947 299 1127 336; x_wconf 86' lang='lat' dir='ltr'>INITIA</span> <span class='ocrx_word' id='word_1_2' title='bbox 1163 299 1563 338; x_wconf 81' lang='lat' dir='ltr'>EPISTOLARUM</span> 
     </span>
    </p>
   </div>
   <div class='ocr_carea' id='block_1_2' title="bbox 249 475 1076 816">
    <p class='ocr_par' dir='ltr' id='par_1_2' title="bbox 252 475 1076 535">
     <span class='ocr_line' id='line_1_2' title="bbox 252 475 1076 535; baseline 0 -13"><span class='ocrx_word' id='word_1_3' title='bbox 252 476 420 522; x_wconf 90' lang='lat' dir='ltr'>Notum</span> <span class='ocrx_word' id='word_1_4' title='bbox 447 475 579 521; x_wconf 89' lang='lat' dir='ltr'>vobis</span> <span class='ocrx_word' id='word_1_5' title='bbox 608 475 706 522; x_wconf 90' lang='lat' dir='ltr'>fieri</span> <span class='ocrx_word' id='word_1_6' title='bbox 734 478 956 535; x_wconf 88' lang='lat' dir='ltr'>volumus,</span> <span class='ocrx_word' id='word_1_7' title='bbox 988 477 1076 523; x_wconf 89' lang='lat' dir='ltr'>fra-</span> 
     </span>
    </p>

    <p class='ocr_par' dir='ltr' id='par_1_3' title="bbox 249 553 1072 816">
     <span class='ocr_line' id='line_1_3' title="bbox 309 553 403 594; baseline 0.011 -1"><span class='ocrx_word' id='word_1_8' title='bbox 309 553 403 594; x_wconf 88' lang='lat' dir='ltr'>tres</span> 
     </span>
     <span class='ocr_line' id='line_1_4' title="bbox 249 623 1072 682; baseline 0.004 -15"><span class='ocrx_word' id='word_1_9' title='bbox 249 623 417 668; x_wconf 89' lang='lat' dir='ltr'>Notum</span> <span class='ocrx_word' id='word_1_10' title='bbox 438 623 568 668; x_wconf 90' lang='lat' dir='ltr'>vobis</span> <span class='ocrx_word' id='word_1_11' title='bbox 589 623 685 668; x_wconf 89' lang='lat' dir='ltr'>fieri</span> <span class='ocrx_word' id='word_1_12' title='bbox 704 625 927 681; x_wconf 90' lang='lat' dir='ltr'>volumus,</span> <span class='ocrx_word' id='word_1_13' title='bbox 949 625 1072 682; x_wconf 91' lang='lat' dir='ltr'>quod</span> 
     </span>
     <span class='ocr_line' id='line_1_5' title="bbox 249 697 998 743; baseline -0.001 -1"><span class='ocrx_word' id='word_1_14' title='bbox 249 697 417 742; x_wconf 91' lang='lat' dir='ltr'>Notum</span> <span class='ocrx_word' id='word_1_15' title='bbox 446 697 577 742; x_wconf 90' lang='lat' dir='ltr'>vobis</span> <span class='ocrx_word' id='word_1_16' title='bbox 608 697 816 742; x_wconf 90' lang='lat' dir='ltr'>omnibus</span> <span class='ocrx_word' id='word_1_17' title='bbox 848 711 948 743; x_wconf 92' lang='lat' dir='ltr'>esse</span> <span class='ocrx_word' id='word_1_18' title='bbox 991 732 998 741; x_wconf 93' lang='lat'>.</span> 
     </span>
     <span class='ocr_line' id='line_1_6' title="bbox 249 770 1070 816; baseline -0.001 -1"><span class='ocrx_word' id='word_1_19' title='bbox 249 770 417 815; x_wconf 91' lang='lat' dir='ltr'>Notum</span> <span class='ocrx_word' id='word_1_20' title='bbox 447 770 579 814; x_wconf 91' lang='lat' dir='ltr'>vobis</span> <span class='ocrx_word' id='word_1_21' title='bbox 611 771 818 815; x_wconf 88' lang='lat' dir='ltr'>omnibus</span> <span class='ocrx_word' id='word_1_22' title='bbox 847 770 1039 816; x_wconf 86' lang='lat' dir='ltr'>facimus</span> <span class='ocrx_word' id='word_1_23' title='bbox 1063 805 1070 814; x_wconf 90' lang='grc'><em>,</em></span> 
     </span>
    </p>
   </div>
   <div class='ocr_carea' id='block_1_3' title="bbox 478 584 1075 594">
    <p class='ocr_par' dir='ltr' id='par_1_4' title="bbox 478 584 1075 594">
     <span class='ocr_line' id='line_1_7' title="bbox 478 584 1075 594; baseline 0.005 -3"><span class='ocrx_word' id='word_1_24' title='bbox 478 584 1075 594; x_wconf 67' lang='grc'><strong>.........</strong></span> 
     </span>
    </p>
   </div>
   <div class='ocr_carea' id='block_1_4' title="bbox 236 842 1068 2210">
    <p class='ocr_par' dir='ltr' id='par_1_5' title="bbox 236 842 1068 2210">
     <span class='ocr_line' id='line_1_8' title="bbox 248 842 921 888; baseline -0.003 0"><span class='ocrx_word' id='word_1_25' title='bbox 248 842 437 888; x_wconf 81' lang='lat' dir='ltr'>Noverit</span> <span class='ocrx_word' id='word_1_26' title='bbox 467 844 630 888; x_wconf 90' lang='lat' dir='ltr'>caritas</span> <span class='ocrx_word' id='word_1_27' title='bbox 661 845 861 888; x_wconf 91' lang='lat' dir='ltr'>omnium</span> <span class='ocrx_word' id='word_1_28' title='bbox 914 878 921 886; x_wconf 92' lang='lat'>.</span> 
     </span>
     <span class='ocr_line' id='line_1_9' title="bbox 247 915 995 962; baseline 0 -2"><span class='ocrx_word' id='word_1_29' title='bbox 247 916 437 961; x_wconf 88' lang='lat' dir='ltr'>Noverit</span> <span class='ocrx_word' id='word_1_30' title='bbox 465 915 724 961; x_wconf 83' lang='lat' dir='ltr'>fraternitas</span> <span class='ocrx_word' id='word_1_31' title='bbox 755 922 836 962; x_wconf 86' lang='lat' dir='ltr'>tua</span> <span class='ocrx_word' id='word_1_32' title='bbox 913 951 922 959; x_wconf 94' lang='lat'><strong>.</strong></span> <span class='ocrx_word' id='word_1_33' title='bbox 987 951 995 960; x_wconf 89' lang='lat'><strong><em>.</em></strong></span> 
     </span>
     <span class='ocr_line' id='line_1_10' title="bbox 247 989 1068 1047; baseline -0.001 -13"><span class='ocrx_word' id='word_1_34' title='bbox 247 989 488 1047; x_wconf 86' lang='lat' dir='ltr'>Noveritis‚</span> <span class='ocrx_word' id='word_1_35' title='bbox 522 990 804 1035; x_wconf 82' lang='lat' dir='ltr'>Gualterium</span> <span class='ocrx_word' id='word_1_36' title='bbox 840 1024 848 1033; x_wconf 90' lang='lat'><em>.</em></span> <span class='ocrx_word' id='word_1_37' title='bbox 913 1024 921 1033; x_wconf 93' lang='lat'><em>.</em></span> <span class='ocrx_word' id='word_1_38' title='bbox 987 1024 996 1033; x_wconf 88' lang='lat'><strong>.</strong></span> <span class='ocrx_word' id='word_1_39' title='bbox 1058 1023 1068 1034; x_wconf 95' lang='lat'>.</span> 
     </span>
     <span class='ocr_line' id='line_1_11' title="bbox 246 1064 1067 1110; baseline -0.001 -2"><span class='ocrx_word' id='word_1_40' title='bbox 246 1064 435 1108; x_wconf 85' lang='lat' dir='ltr'>Noverit</span> <span class='ocrx_word' id='word_1_41' title='bbox 464 1066 680 1109; x_wconf 89' lang='lat' dir='ltr'>sanctitas</span> <span class='ocrx_word' id='word_1_42' title='bbox 711 1069 865 1110; x_wconf 88' lang='lat' dir='ltr'>vestra</span> <span class='ocrx_word' id='word_1_43' title='bbox 913 1097 920 1105; x_wconf 92' lang='lat'><em>.</em></span> <span class='ocrx_word' id='word_1_44' title='bbox 985 1097 994 1106; x_wconf 90' lang='lat'><strong>.</strong></span> <span class='ocrx_word' id='word_1_45' title='bbox 1058 1096 1067 1107; x_wconf 90' lang='lat'><strong>.</strong></span> 
     </span>
     <span class='ocr_line' id='line_1_12' title="bbox 245 1137 1066 1183; baseline -0.002 -2"><span class='ocrx_word' id='word_1_46' title='bbox 245 1137 435 1182; x_wconf 86' lang='lat' dir='ltr'>Noverit</span> <span class='ocrx_word' id='word_1_47' title='bbox 464 1142 618 1182; x_wconf 89' lang='lat' dir='ltr'>vestra</span> <span class='ocrx_word' id='word_1_48' title='bbox 648 1139 865 1182; x_wconf 90' lang='lat' dir='ltr'>sanctitas</span> <span class='ocrx_word' id='word_1_49' title='bbox 913 1170 922 1180; x_wconf 92' lang='lat'>.</span> <span class='ocrx_word' id='word_1_50' title='bbox 985 1172 996 1183; x_wconf 89' lang='lat'><strong>.</strong></span> <span class='ocrx_word' id='word_1_51' title='bbox 1059 1171 1066 1179; x_wconf 92' lang='lat'>.</span> 
     </span>
     <span class='ocr_line' id='line_1_13' title="bbox 245 1210 995 1256; baseline -0.003 0"><span class='ocrx_word' id='word_1_52' title='bbox 245 1210 384 1256; x_wconf 90' lang='lat' dir='ltr'>Novit</span> <span class='ocrx_word' id='word_1_53' title='bbox 413 1211 593 1256; x_wconf 90' lang='lat' dir='ltr'>dilectio</span> <span class='ocrx_word' id='word_1_54' title='bbox 623 1215 704 1256; x_wconf 92' lang='lat' dir='ltr'>tua</span> <span class='ocrx_word' id='word_1_55' title='bbox 733 1210 872 1256; x_wconf 86' lang='lat' dir='ltr'>frater</span> <span class='ocrx_word' id='word_1_56' title='bbox 913 1244 921 1252; x_wconf 90' lang='lat'><strong>.</strong></span> <span class='ocrx_word' id='word_1_57' title='bbox 986 1244 995 1254; x_wconf 90' lang='lat'><strong>.</strong></span> 
     </span>
     <span class='ocr_line' id='line_1_14' title="bbox 245 1284 1066 1330; baseline -0.002 -2"><span class='ocrx_word' id='word_1_58' title='bbox 245 1284 518 1330; x_wconf 91' lang='lat' dir='ltr'>Nunciatum</span> <span class='ocrx_word' id='word_1_59' title='bbox 548 1284 679 1329; x_wconf 90' lang='lat' dir='ltr'>nobis</span> <span class='ocrx_word' id='word_1_60' title='bbox 709 1288 780 1328; x_wconf 89' lang='lat' dir='ltr'>est</span> <span class='ocrx_word' id='word_1_61' title='bbox 839 1317 848 1326; x_wconf 92' lang='lat'>.</span> <span class='ocrx_word' id='word_1_62' title='bbox 913 1317 921 1326; x_wconf 94' lang='lat'>.</span> <span class='ocrx_word' id='word_1_63' title='bbox 985 1317 993 1326; x_wconf 93' lang='lat'><em>.</em></span> <span class='ocrx_word' id='word_1_64' title='bbox 1059 1318 1066 1326; x_wconf 97' lang='lat'>.</span> 
     </span>
     <span class='ocr_line' id='line_1_15' title="bbox 243 1356 993 1414; baseline -0.004 -12"><span class='ocrx_word' id='word_1_65' title='bbox 243 1357 411 1414; x_wconf 91' lang='lat' dir='ltr'>Nuper,</span> <span class='ocrx_word' id='word_1_66' title='bbox 444 1358 721 1402; x_wconf 76' lang='lat' dir='ltr'>dilectissimi</span> <span class='ocrx_word' id='word_1_67' title='bbox 751 1356 913 1402; x_wconf 87' lang='lat' dir='ltr'>fratres</span> <span class='ocrx_word' id='word_1_68' title='bbox 986 1391 993 1399; x_wconf 86' lang='lat'><em>.</em></span> 
     </span>
     <span class='ocr_line' id='line_1_16' title="bbox 246 1430 1064 1477; baseline -0.004 0"><span class='ocrx_word' id='word_1_69' title='bbox 246 1431 444 1477; x_wconf 70' lang='lat' dir='ltr'>obitum</span> <span class='ocrx_word' id='word_1_70' title='bbox 475 1431 645 1476; x_wconf 87' lang='lat' dir='ltr'>domini</span> <span class='ocrx_word' id='word_1_71' title='bbox 674 1430 921 1475; x_wconf 79' lang='lat' dir='ltr'>Alexandri</span> <span class='ocrx_word' id='word_1_72' title='bbox 981 1463 990 1474; x_wconf 93' lang='lat'><strong>.</strong></span> <span class='ocrx_word' id='word_1_73' title='bbox 1055 1464 1064 1474; x_wconf 91' lang='lat'><strong><em>.</em></strong></span> 
     </span>
     <span class='ocr_line' id='line_1_17' title="bbox 244 1502 1062 1560; baseline -0.001 -13"><span class='ocrx_word' id='word_1_74' title='bbox 244 1502 391 1548; x_wconf 90' lang='lat' dir='ltr'>Officii</span> <span class='ocrx_word' id='word_1_75' title='bbox 420 1504 562 1548; x_wconf 86' lang='lat' dir='ltr'>nostri</span> <span class='ocrx_word' id='word_1_76' title='bbox 592 1517 701 1548; x_wconf 89' lang='lat' dir='ltr'>cura</span> <span class='ocrx_word' id='word_1_77' title='bbox 731 1505 874 1560; x_wconf 86' lang='lat' dir='ltr'>exigit</span> <span class='ocrx_word' id='word_1_78' title='bbox 906 1537 915 1546; x_wconf 94' lang='lat'>.</span> <span class='ocrx_word' id='word_1_79' title='bbox 980 1537 988 1546; x_wconf 92' lang='lat'><em>.</em></span> <span class='ocrx_word' id='word_1_80' title='bbox 1053 1538 1062 1547; x_wconf 89' lang='lat'><strong><em>.</em></strong></span> 
     </span>
     <span class='ocr_line' id='line_1_18' title="bbox 242 1576 1063 1635; baseline 0.001 -13"><span class='ocrx_word' id='word_1_81' title='bbox 242 1576 548 1633; x_wconf 88' lang='lat' dir='ltr'>Omnipotenti</span> <span class='ocrx_word' id='word_1_82' title='bbox 567 1578 666 1622; x_wconf 93' lang='lat' dir='ltr'>Deo</span> <span class='ocrx_word' id='word_1_83' title='bbox 696 1578 854 1622; x_wconf 87' lang='lat' dir='ltr'>laudes</span> <span class='ocrx_word' id='word_1_84' title='bbox 886 1582 933 1622; x_wconf 91' lang='lat' dir='ltr'>et</span> <span class='ocrx_word' id='word_1_85' title='bbox 961 1591 1063 1635; x_wconf 84' lang='lat' dir='ltr'>gra-</span> 
     </span>
     <span class='ocr_line' id='line_1_19' title="bbox 298 1651 595 1707; baseline 0 -13"><span class='ocrx_word' id='word_1_86' title='bbox 298 1651 387 1695; x_wconf 84' lang='lat' dir='ltr'>tias</span> <span class='ocrx_word' id='word_1_87' title='bbox 418 1651 595 1707; x_wconf 84' lang='lat' dir='ltr'>agimus</span> 
     </span>
     <span class='ocr_line' id='line_1_20' title="bbox 241 1723 1064 1781; baseline 0.001 -13"><span class='ocrx_word' id='word_1_88' title='bbox 241 1723 546 1781; x_wconf 89' lang='lat' dir='ltr'>Omnipotenti</span> <span class='ocrx_word' id='word_1_89' title='bbox 565 1725 664 1769; x_wconf 91' lang='lat' dir='ltr'>Deo</span> <span class='ocrx_word' id='word_1_90' title='bbox 695 1725 855 1769; x_wconf 92' lang='lat' dir='ltr'>laudes</span> <span class='ocrx_word' id='word_1_91' title='bbox 887 1729 933 1769; x_wconf 88' lang='lat' dir='ltr'>et</span> <span class='ocrx_word' id='word_1_92' title='bbox 963 1739 1064 1781; x_wconf 86' lang='lat' dir='ltr'>gra-</span> 
     </span>
     <span class='ocr_line' id='line_1_21' title="bbox 297 1797 1061 1842; baseline -0.001 -1"><span class='ocrx_word' id='word_1_93' title='bbox 297 1798 384 1842; x_wconf 86' lang='lat' dir='ltr'>tias</span> <span class='ocrx_word' id='word_1_94' title='bbox 416 1797 650 1842; x_wconf 88' lang='lat' dir='ltr'>referimus</span> <span class='ocrx_word' id='word_1_95' title='bbox 684 1831 1061 1841; x_wconf 86' lang='grc'><strong>......</strong></span> 
     </span>
     <span class='ocr_line' id='line_1_22' title="bbox 240 1870 911 1916; baseline -0.004 0"><span class='ocrx_word' id='word_1_96' title='bbox 240 1871 451 1916; x_wconf 88' lang='lat' dir='ltr'>Ostendis</span> <span class='ocrx_word' id='word_1_97' title='bbox 480 1870 619 1916; x_wconf 88' lang='lat' dir='ltr'>frater</span> <span class='ocrx_word' id='word_1_98' title='bbox 648 1876 694 1916; x_wconf 89' lang='lat' dir='ltr'>te</span> <span class='ocrx_word' id='word_1_99' title='bbox 756 1906 763 1914; x_wconf 95' lang='lat'><strong><em>.</em></strong></span> <span class='ocrx_word' id='word_1_100' title='bbox 829 1906 837 1914; x_wconf 93' lang='lat'><em>.</em></span> <span class='ocrx_word' id='word_1_101' title='bbox 904 1887 911 1895; x_wconf 96' lang='lat'>·</span> 
     </span>
     <span class='ocr_line' id='line_1_23' title="bbox 240 1945 1061 1990; baseline 0 0"><span class='ocrx_word' id='word_1_102' title='bbox 240 1945 486 1990; x_wconf 79' lang='lat' dir='ltr'>Perlatum</span> <span class='ocrx_word' id='word_1_103' title='bbox 518 1949 588 1989; x_wconf 92' lang='lat' dir='ltr'>est</span> <span class='ocrx_word' id='word_1_104' title='bbox 618 1946 677 1989; x_wconf 92' lang='lat' dir='ltr'>ad</span> <span class='ocrx_word' id='word_1_105' title='bbox 708 1959 792 1990; x_wconf 92' lang='lat' dir='ltr'>nos</span> <span class='ocrx_word' id='word_1_106' title='bbox 830 1979 838 1987; x_wconf 91' lang='lat'><em>.</em></span> <span class='ocrx_word' id='word_1_107' title='bbox 904 1979 912 1988; x_wconf 95' lang='lat'>.</span> <span class='ocrx_word' id='word_1_108' title='bbox 978 1980 986 1988; x_wconf 95' lang='lat'><strong>.</strong></span> <span class='ocrx_word' id='word_1_109' title='bbox 1051 1980 1061 1990; x_wconf 89' lang='lat'><strong>.</strong></span> 
     </span>
     <span class='ocr_line' id='line_1_24' title="bbox 237 2018 1062 2076; baseline 0.002 -14"><span class='ocrx_word' id='word_1_110' title='bbox 237 2019 464 2062; x_wconf 90' lang='lat' dir='ltr'>Perlatum</span> <span class='ocrx_word' id='word_1_111' title='bbox 495 2018 625 2063; x_wconf 92' lang='lat' dir='ltr'>nobis</span> <span class='ocrx_word' id='word_1_112' title='bbox 648 2023 731 2075; x_wconf 87' lang='lat' dir='ltr'>est,</span> <span class='ocrx_word' id='word_1_113' title='bbox 763 2019 885 2076; x_wconf 93' lang='lat' dir='ltr'>quod</span> <span class='ocrx_word' id='word_1_114' title='bbox 904 2020 1062 2076; x_wconf 83' lang='lat' dir='ltr'>religio</span> 
     </span>
     <span class='ocr_line' id='line_1_25' title="bbox 236 2092 1061 2150; baseline 0.002 -14"><span class='ocrx_word' id='word_1_115' title='bbox 236 2092 464 2136; x_wconf 86' lang='lat' dir='ltr'>Perlatum</span> <span class='ocrx_word' id='word_1_116' title='bbox 505 2092 636 2137; x_wconf 90' lang='lat' dir='ltr'>nobis</span> <span class='ocrx_word' id='word_1_117' title='bbox 668 2096 761 2150; x_wconf 88' lang='lat' dir='ltr'>est,</span> <span class='ocrx_word' id='word_1_118' title='bbox 801 2093 923 2150; x_wconf 91' lang='lat' dir='ltr'>quod</span> <span class='ocrx_word' id='word_1_119' title='bbox 953 2094 1061 2138; x_wconf 86' lang='lat' dir='ltr'>Ter-</span> 
     </span>
     <span class='ocr_line' id='line_1_26' title="bbox 295 2166 540 2210; baseline 0 0"><span class='ocrx_word' id='word_1_120' title='bbox 295 2166 540 2210; x_wconf 86' lang='lat' dir='ltr'>vannensis</span> 
     </span>
    </p>
   </div>
   <div class='ocr_carea' id='block_1_5' title="bbox 613 2200 1059 2210">
    <p class='ocr_par' dir='ltr' id='par_1_6' title="bbox 613 2200 1059 2210">
     <span class='ocr_line' id='line_1_27' title="bbox 613 2200 1059 2210; baseline 0.004 -3"><span class='ocrx_word' id='word_1_121' title='bbox 613 2200 1059 2210; x_wconf 67' lang='lat'><strong>.......</strong></span> 
     </span>
    </p>
   </div>
   <div class='ocr_carea' id='block_1_6' title="bbox 227 2239 1061 3754">
    <p class='ocr_par' dir='ltr' id='par_1_7' title="bbox 233 2239 1060 2370">
     <span class='ocr_line' id='line_1_28' title="bbox 234 2239 1058 2296; baseline -0.002 -13"><span class='ocrx_word' id='word_1_122' title='bbox 234 2239 447 2284; x_wconf 90' lang='lat' dir='ltr'>Pervenit</span> <span class='ocrx_word' id='word_1_123' title='bbox 477 2239 536 2283; x_wconf 90' lang='lat' dir='ltr'>ad</span> <span class='ocrx_word' id='word_1_124' title='bbox 566 2240 861 2296; x_wconf 90' lang='lat' dir='ltr'>apostolicam</span> <span class='ocrx_word' id='word_1_125' title='bbox 905 2273 912 2281; x_wconf 93' lang='lat'>.</span> <span class='ocrx_word' id='word_1_126' title='bbox 978 2273 987 2282; x_wconf 92' lang='lat'><strong>.</strong></span> <span class='ocrx_word' id='word_1_127' title='bbox 1051 2273 1058 2281; x_wconf 93' lang='lat'>.</span> 
     </span>
     <span class='ocr_line' id='line_1_29' title="bbox 233 2313 1060 2370; baseline 0.002 -14"><span class='ocrx_word' id='word_1_128' title='bbox 233 2313 447 2357; x_wconf 85' lang='lat' dir='ltr'>Pervenit</span> <span class='ocrx_word' id='word_1_129' title='bbox 477 2313 536 2357; x_wconf 89' lang='lat' dir='ltr'>ad</span> <span class='ocrx_word' id='word_1_130' title='bbox 567 2327 698 2358; x_wconf 90' lang='lat' dir='ltr'>aures</span> <span class='ocrx_word' id='word_1_131' title='bbox 725 2317 902 2358; x_wconf 89' lang='lat' dir='ltr'>nostras</span> <span class='ocrx_word' id='word_1_132' title='bbox 925 2326 1060 2370; x_wconf 90' lang='lat' dir='ltr'>quae-</span> 
     </span>
    </p>

    <p class='ocr_par' dir='ltr' id='par_1_8' title="bbox 233 2386 1061 2518">
     <span class='ocr_line' id='line_1_30' title="bbox 293 2386 399 2430; baseline 0 0"><span class='ocrx_word' id='word_1_133' title='bbox 293 2386 399 2430; x_wconf 91' lang='lat' dir='ltr'>dam</span> 
     </span>
     <span class='ocr_line' id='line_1_31' title="bbox 233 2459 1061 2518; baseline 0.001 -14"><span class='ocrx_word' id='word_1_134' title='bbox 233 2460 446 2504; x_wconf 87' lang='lat' dir='ltr'>Pervenit</span> <span class='ocrx_word' id='word_1_135' title='bbox 474 2459 533 2504; x_wconf 90' lang='lat' dir='ltr'>ad</span> <span class='ocrx_word' id='word_1_136' title='bbox 561 2473 693 2504; x_wconf 88' lang='lat' dir='ltr'>aures</span> <span class='ocrx_word' id='word_1_137' title='bbox 714 2465 906 2518; x_wconf 89' lang='lat' dir='ltr'>nostras,</span> <span class='ocrx_word' id='word_1_138' title='bbox 939 2461 1061 2517; x_wconf 92' lang='lat' dir='ltr'>quod</span> 
     </span>
    </p>

    <p class='ocr_par' dir='ltr' id='par_1_9' title="bbox 232 2531 1059 2664">
     <span class='ocr_line' id='line_1_32' title="bbox 292 2531 450 2577; baseline 0.006 -1"><span class='ocrx_word' id='word_1_139' title='bbox 292 2531 450 2577; x_wconf 86' lang='lat' dir='ltr'>Africa</span> 
     </span>
     <span class='ocr_line' id='line_1_33' title="bbox 232 2607 1059 2664; baseline 0.002 -14"><span class='ocrx_word' id='word_1_140' title='bbox 232 2607 447 2651; x_wconf 90' lang='lat' dir='ltr'>Pervenit</span> <span class='ocrx_word' id='word_1_141' title='bbox 478 2607 537 2651; x_wconf 91' lang='lat' dir='ltr'>ad</span> <span class='ocrx_word' id='word_1_142' title='bbox 558 2619 690 2652; x_wconf 89' lang='lat' dir='ltr'>aures</span> <span class='ocrx_word' id='word_1_143' title='bbox 711 2610 904 2664; x_wconf 86' lang='lat' dir='ltr'>nostras,</span> <span class='ocrx_word' id='word_1_144' title='bbox 937 2608 1059 2664; x_wconf 90' lang='lat' dir='ltr'>quod</span> 
     </span>
    </p>

    <p class='ocr_par' dir='ltr' id='par_1_10' title="bbox 231 2680 1058 2811">
     <span class='ocr_line' id='line_1_34' title="bbox 291 2680 413 2724; baseline 0 0"><span class='ocrx_word' id='word_1_145' title='bbox 291 2680 413 2724; x_wconf 89' lang='lat' dir='ltr'>bona</span> 
     </span>
     <span class='ocr_line' id='line_1_35' title="bbox 231 2754 1058 2811; baseline -0.001 -12"><span class='ocrx_word' id='word_1_146' title='bbox 231 2755 446 2799; x_wconf 86' lang='lat' dir='ltr'>Pervenit</span> <span class='ocrx_word' id='word_1_147' title='bbox 476 2754 535 2798; x_wconf 93' lang='lat' dir='ltr'>ad</span> <span class='ocrx_word' id='word_1_148' title='bbox 559 2766 691 2798; x_wconf 88' lang='lat' dir='ltr'>aures</span> <span class='ocrx_word' id='word_1_149' title='bbox 712 2758 904 2811; x_wconf 88' lang='lat' dir='ltr'>nostras,</span> <span class='ocrx_word' id='word_1_150' title='bbox 937 2755 1058 2810; x_wconf 89' lang='lat' dir='ltr'>quod</span> 
     </span>
    </p>

    <p class='ocr_par' dir='ltr' id='par_1_11' title="bbox 230 2827 1055 2957">
     <span class='ocr_line' id='line_1_36' title="bbox 290 2827 596 2882; baseline -0.003 -10"><span class='ocrx_word' id='word_1_151' title='bbox 290 2827 596 2882; x_wconf 87' lang='lat' dir='ltr'>L(ambertus)</span> 
     </span>
     <span class='ocr_line' id='line_1_37' title="bbox 230 2901 1055 2957; baseline -0.004 -10"><span class='ocrx_word' id='word_1_152' title='bbox 230 2903 444 2949; x_wconf 89' lang='lat' dir='ltr'>Pervenit</span> <span class='ocrx_word' id='word_1_153' title='bbox 474 2901 533 2946; x_wconf 89' lang='lat' dir='ltr'>ad</span> <span class='ocrx_word' id='word_1_154' title='bbox 558 2913 689 2945; x_wconf 87' lang='lat' dir='ltr'>aures</span> <span class='ocrx_word' id='word_1_155' title='bbox 709 2904 902 2957; x_wconf 86' lang='lat' dir='ltr'>nostras,</span> <span class='ocrx_word' id='word_1_156' title='bbox 935 2901 1055 2957; x_wconf 91' lang='lat' dir='ltr'>quod</span> 
     </span>
    </p>

    <p class='ocr_par' dir='ltr' id='par_1_12' title="bbox 227 2976 1055 3754">
     <span class='ocr_line' id='line_1_38' title="bbox 291 2976 1052 3033; baseline -0.009 -12"><span class='ocrx_word' id='word_1_157' title='bbox 291 2976 475 3033; x_wconf 88' lang='lat' dir='ltr'>quidam</span> <span class='ocrx_word' id='word_1_158' title='bbox 529 3007 1052 3016; x_wconf 86' lang='grc'><strong>........</strong></span> 
     </span>
     <span class='ocr_line' id='line_1_39' title="bbox 230 3047 1054 3104; baseline -0.004 -10"><span class='ocrx_word' id='word_1_159' title='bbox 230 3050 444 3094; x_wconf 86' lang='lat' dir='ltr'>Pervenit</span> <span class='ocrx_word' id='word_1_160' title='bbox 475 3049 533 3093; x_wconf 90' lang='lat' dir='ltr'>ad</span> <span class='ocrx_word' id='word_1_161' title='bbox 555 3061 688 3092; x_wconf 87' lang='lat' dir='ltr'>aures</span> <span class='ocrx_word' id='word_1_162' title='bbox 708 3051 901 3104; x_wconf 83' lang='lat' dir='ltr'>nostras,</span> <span class='ocrx_word' id='word_1_163' title='bbox 933 3047 1054 3092; x_wconf 91' lang='lat' dir='ltr'>unde</span> 
     </span>
     <span class='ocr_line' id='line_1_40' title="bbox 229 3123 1055 3177; baseline -0.004 -10"><span class='ocrx_word' id='word_1_164' title='bbox 229 3124 441 3167; x_wconf 90' lang='lat' dir='ltr'>Pervenit</span> <span class='ocrx_word' id='word_1_165' title='bbox 480 3123 536 3166; x_wconf 90' lang='lat' dir='ltr'>ad</span> <span class='ocrx_word' id='word_1_166' title='bbox 570 3135 701 3166; x_wconf 90' lang='lat' dir='ltr'>aures</span> <span class='ocrx_word' id='word_1_167' title='bbox 732 3126 933 3177; x_wconf 87' lang='lat' dir='ltr'>nostras,</span> <span class='ocrx_word' id='word_1_168' title='bbox 972 3134 1055 3165; x_wconf 92' lang='lat' dir='ltr'>vos</span> 
     </span>
     <span class='ocr_line' id='line_1_41' title="bbox 228 3194 978 3241; baseline -0.008 0"><span class='ocrx_word' id='word_1_169' title='bbox 228 3197 442 3241; x_wconf 89' lang='lat' dir='ltr'>Pervenit</span> <span class='ocrx_word' id='word_1_170' title='bbox 472 3196 530 3240; x_wconf 92' lang='lat' dir='ltr'>ad</span> <span class='ocrx_word' id='word_1_171' title='bbox 561 3208 644 3240; x_wconf 90' lang='lat' dir='ltr'>nos</span> <span class='ocrx_word' id='word_1_172' title='bbox 675 3194 815 3238; x_wconf 86' lang='lat' dir='ltr'>frater</span> <span class='ocrx_word' id='word_1_173' title='bbox 898 3229 904 3235; x_wconf 95' lang='lat'>.</span> <span class='ocrx_word' id='word_1_174' title='bbox 969 3227 978 3236; x_wconf 91' lang='lat'><strong>.</strong></span> 
     </span>
     <span class='ocr_line' id='line_1_42' title="bbox 228 3267 979 3314; baseline -0.008 0"><span class='ocrx_word' id='word_1_175' title='bbox 228 3271 442 3314; x_wconf 89' lang='lat' dir='ltr'>Pervenit</span> <span class='ocrx_word' id='word_1_176' title='bbox 471 3270 530 3314; x_wconf 93' lang='lat' dir='ltr'>ad</span> <span class='ocrx_word' id='word_1_177' title='bbox 560 3282 643 3313; x_wconf 93' lang='lat' dir='ltr'>nos</span> <span class='ocrx_word' id='word_1_178' title='bbox 674 3267 826 3312; x_wconf 86' lang='lat' dir='ltr'>fratris</span> <span class='ocrx_word' id='word_1_179' title='bbox 899 3300 906 3308; x_wconf 92' lang='lat'><strong>.</strong></span> <span class='ocrx_word' id='word_1_180' title='bbox 971 3300 979 3309; x_wconf 92' lang='lat'>.</span> 
     </span>
     <span class='ocr_line' id='line_1_43' title="bbox 228 3342 1052 3387; baseline -0.007 0"><span class='ocrx_word' id='word_1_181' title='bbox 228 3343 441 3387; x_wconf 89' lang='lat' dir='ltr'>Pervenit</span> <span class='ocrx_word' id='word_1_182' title='bbox 470 3343 530 3387; x_wconf 94' lang='lat' dir='ltr'>ad</span> <span class='ocrx_word' id='word_1_183' title='bbox 559 3356 642 3387; x_wconf 89' lang='lat' dir='ltr'>nos</span> <span class='ocrx_word' id='word_1_184' title='bbox 674 3342 863 3387; x_wconf 91' lang='lat' dir='ltr'>nuncius</span> <span class='ocrx_word' id='word_1_185' title='bbox 895 3375 902 3382; x_wconf 97' lang='lat'>.</span> <span class='ocrx_word' id='word_1_186' title='bbox 971 3374 978 3382; x_wconf 98' lang='lat'>.</span> <span class='ocrx_word' id='word_1_187' title='bbox 1044 3373 1052 3382; x_wconf 93' lang='lat'><strong><em>.</em></strong></span> 
     </span>
     <span class='ocr_line' id='line_1_44' title="bbox 228 3413 1055 3474; baseline -0.004 -14"><span class='ocrx_word' id='word_1_188' title='bbox 228 3418 441 3462; x_wconf 92' lang='lat' dir='ltr'>Pervenit</span> <span class='ocrx_word' id='word_1_189' title='bbox 461 3417 519 3461; x_wconf 89' lang='lat' dir='ltr'>ad</span> <span class='ocrx_word' id='word_1_190' title='bbox 540 3430 636 3474; x_wconf 85' lang='lat' dir='ltr'>nos,</span> <span class='ocrx_word' id='word_1_191' title='bbox 660 3417 782 3473; x_wconf 90' lang='lat' dir='ltr'>quod</span> <span class='ocrx_word' id='word_1_192' title='bbox 802 3413 1055 3460; x_wconf 87' lang='lat' dir='ltr'>Bonifatius</span> 
     </span>
     <span class='ocr_line' id='line_1_45' title="bbox 228 3488 1052 3547; baseline -0.002 -14"><span class='ocrx_word' id='word_1_193' title='bbox 228 3491 441 3534; x_wconf 85' lang='lat' dir='ltr'>Pervenit</span> <span class='ocrx_word' id='word_1_194' title='bbox 462 3491 522 3534; x_wconf 92' lang='lat' dir='ltr'>ad</span> <span class='ocrx_word' id='word_1_195' title='bbox 542 3504 638 3547; x_wconf 88' lang='lat' dir='ltr'>nos,</span> <span class='ocrx_word' id='word_1_196' title='bbox 667 3490 788 3547; x_wconf 90' lang='lat' dir='ltr'>quod</span> <span class='ocrx_word' id='word_1_197' title='bbox 810 3488 1052 3533; x_wconf 88' lang='lat' dir='ltr'>monachos</span> 
     </span>
     <span class='ocr_line' id='line_1_46' title="bbox 227 3562 1051 3620; baseline -0.004 -13"><span class='ocrx_word' id='word_1_198' title='bbox 227 3564 440 3607; x_wconf 89' lang='lat' dir='ltr'>Pervenit</span> <span class='ocrx_word' id='word_1_199' title='bbox 470 3563 529 3607; x_wconf 90' lang='lat' dir='ltr'>ad</span> <span class='ocrx_word' id='word_1_200' title='bbox 558 3577 654 3620; x_wconf 92' lang='lat' dir='ltr'>nos,</span> <span class='ocrx_word' id='word_1_201' title='bbox 687 3563 810 3620; x_wconf 89' lang='lat' dir='ltr'>quod</span> <span class='ocrx_word' id='word_1_202' title='bbox 841 3562 1051 3619; x_wconf 91' lang='lat' dir='ltr'>quidam.</span> 
     </span>
     <span class='ocr_line' id='line_1_47' title="bbox 227 3635 1052 3694; baseline -0.004 -14"><span class='ocrx_word' id='word_1_203' title='bbox 227 3636 442 3680; x_wconf 90' lang='lat' dir='ltr'>Pervenit</span> <span class='ocrx_word' id='word_1_204' title='bbox 473 3636 531 3679; x_wconf 88' lang='lat' dir='ltr'>ad</span> <span class='ocrx_word' id='word_1_205' title='bbox 561 3650 657 3694; x_wconf 90' lang='lat' dir='ltr'>nos,</span> <span class='ocrx_word' id='word_1_206' title='bbox 689 3641 735 3681; x_wconf 90' lang='lat' dir='ltr'>te</span> <span class='ocrx_word' id='word_1_207' title='bbox 766 3635 978 3680; x_wconf 87' lang='lat' dir='ltr'>fratrem.</span> <span class='ocrx_word' id='word_1_208' title='bbox 1043 3668 1052 3677; x_wconf 90' lang='lat'>.</span> 
     </span>
     <span class='ocr_line' id='line_1_48' title="bbox 228 3707 1053 3754; baseline -0.002 -1"><span class='ocrx_word' id='word_1_209' title='bbox 228 3709 440 3754; x_wconf 90' lang='lat' dir='ltr'>Pervenit</span> <span class='ocrx_word' id='word_1_210' title='bbox 469 3707 631 3754; x_wconf 89' lang='lat' dir='ltr'>fratres</span> <span class='ocrx_word' id='word_1_211' title='bbox 661 3710 889 3754; x_wconf 86' lang='lat' dir='ltr'>karissimi</span> <span class='ocrx_word' id='word_1_212' title='bbox 971 3743 978 3751; x_wconf 93' lang='lat'><strong>.</strong></span> <span class='ocrx_word' id='word_1_213' title='bbox 1043 3741 1053 3751; x_wconf 84' lang='lat'><strong>.</strong></span> 
     </span>
    </p>
   </div>
   <div class='ocr_carea' id='block_1_7' title="bbox 531 2567 1056 2577">
    <p class='ocr_par' dir='ltr' id='par_1_13' title="bbox 531 2567 1056 2577">
     <span class='ocr_line' id='line_1_49' title="bbox 531 2567 1056 2577; baseline 0.002 -1"><span class='ocrx_word' id='word_1_214' title='bbox 531 2567 1056 2577; x_wconf 66' lang='grc' dir='ltr'>οοοοοοοο</span> 
     </span>
    </p>
   </div>
   <div class='ocr_carea' id='block_1_8' title="bbox 461 2713 910 2723">
    <p class='ocr_par' dir='ltr' id='par_1_14' title="bbox 461 2713 910 2723">
     <span class='ocr_line' id='line_1_50' title="bbox 461 2713 910 2723; baseline 0 -1"><span class='ocrx_word' id='word_1_215' title='bbox 461 2713 910 2723; x_wconf 70' lang='lat'>.......</span> 
     </span>
    </p>
   </div>
   <div class='ocr_carea' id='block_1_9' title="bbox 1139 427 1226 462">
    <p class='ocr_par' dir='ltr' id='par_1_15' title="bbox 1139 427 1226 462">
     <span class='ocr_line' id='line_1_51' title="bbox 1139 427 1226 462; baseline 0 -12"><span class='ocrx_word' id='word_1_216' title='bbox 1139 427 1226 462; x_wconf 86' lang='lat' dir='ltr'>pag.</span> 
     </span>
    </p>
   </div>
   <div class='ocr_carea' id='block_1_10' title="bbox 1136 554 1223 670">
    <p class='ocr_par' dir='ltr' id='par_1_16' title="bbox 1136 554 1223 670">
     <span class='ocr_line' id='line_1_52' title="bbox 1136 554 1223 597; baseline 0 0"><span class='ocrx_word' id='word_1_217' title='bbox 1136 554 1223 597; x_wconf 88' lang='lat'>309</span> 
     </span>
     <span class='ocr_line' id='line_1_53' title="bbox 1163 626 1221 670; baseline 0 0"><span class='ocrx_word' id='word_1_218' title='bbox 1163 626 1221 670; x_wconf 89' lang='lat'>85</span> 
     </span>
    </p>
   </div>
   <div class='ocr_carea' id='block_1_11' title="bbox 1062 700 1219 743">
    <p class='ocr_par' dir='ltr' id='par_1_17' title="bbox 1062 700 1219 743">
     <span class='ocr_line' id='line_1_54' title="bbox 1062 700 1219 743; baseline 0.019 -3"><span class='ocrx_word' id='word_1_219' title='bbox 1062 732 1070 740; x_wconf 95' lang='lat'>.</span> <span class='ocrx_word' id='word_1_220' title='bbox 1133 700 1219 743; x_wconf 95' lang='lat'>367</span> 
     </span>
    </p>
   </div>
   <div class='ocr_carea' id='block_1_12' title="bbox 1133 772 1221 816">
    <p class='ocr_par' dir='ltr' id='par_1_18' title="bbox 1133 772 1221 816">
     <span class='ocr_line' id='line_1_55' title="bbox 1133 772 1221 816; baseline -0.011 0"><span class='ocrx_word' id='word_1_221' title='bbox 1133 772 1221 816; x_wconf 89' lang='lat'>550</span> 
     </span>
    </p>
   </div>
   <div class='ocr_carea' id='block_1_13' title="bbox 1060 846 1219 962">
    <p class='ocr_par' dir='ltr' id='par_1_19' title="bbox 1060 846 1219 962">
     <span class='ocr_line' id='line_1_56' title="bbox 1060 846 1217 889; baseline 0.013 -2"><span class='ocrx_word' id='word_1_222' title='bbox 1060 878 1069 887; x_wconf 89' lang='lat'><strong>.</strong></span> <span class='ocrx_word' id='word_1_223' title='bbox 1132 846 1217 889; x_wconf 87' lang='lat'>511</span> 
     </span>
     <span class='ocr_line' id='line_1_57' title="bbox 1060 917 1219 962; baseline 0.013 -2"><span class='ocrx_word' id='word_1_224' title='bbox 1060 950 1069 960; x_wconf 91' lang='lat'><strong>.</strong></span> <span class='ocrx_word' id='word_1_225' title='bbox 1132 917 1219 962; x_wconf 90' lang='lat'>225</span> 
     </span>
    </p>
   </div>
   <div class='ocr_carea' id='block_1_14' title="bbox 1131 991 1218 1182">
    <p class='ocr_par' dir='ltr' id='par_1_20' title="bbox 1131 991 1218 1182">
     <span class='ocr_line' id='line_1_58' title="bbox 1131 991 1218 1035; baseline -0.011 0"><span class='ocrx_word' id='word_1_226' title='bbox 1131 991 1218 1035; x_wconf 89' lang='lat'>363</span> 
     </span>
     <span class='ocr_line' id='line_1_59' title="bbox 1161 1064 1217 1108; baseline 0 0"><span class='ocrx_word' id='word_1_227' title='bbox 1161 1064 1217 1108; x_wconf 90' lang='lat'>25</span> 
     </span>
     <span class='ocr_line' id='line_1_60' title="bbox 1131 1139 1218 1182; baseline -0.011 0"><span class='ocrx_word' id='word_1_228' title='bbox 1131 1139 1218 1182; x_wconf 90' lang='lat'>210</span> 
     </span>
    </p>
   </div>
   <div class='ocr_carea' id='block_1_15' title="bbox 1060 1212 1217 1256">
    <p class='ocr_par' dir='ltr' id='par_1_21' title="bbox 1060 1212 1217 1256">
     <span class='ocr_line' id='line_1_61' title="bbox 1060 1212 1217 1256; baseline 0.006 -2"><span class='ocrx_word' id='word_1_229' title='bbox 1060 1245 1067 1254; x_wconf 92' lang='lat'>.</span> <span class='ocrx_word' id='word_1_230' title='bbox 1131 1212 1217 1256; x_wconf 90' lang='lat'>329</span> 
     </span>
    </p>
   </div>
   <div class='ocr_carea' id='block_1_16' title="bbox 1131 1285 1217 1329">
    <p class='ocr_par' dir='ltr' id='par_1_22' title="bbox 1131 1285 1217 1329">
     <span class='ocr_line' id='line_1_62' title="bbox 1131 1285 1217 1329; baseline 0 -1"><span class='ocrx_word' id='word_1_231' title='bbox 1131 1285 1217 1329; x_wconf 92' lang='lat'>215</span> 
     </span>
    </p>
   </div>
   <div class='ocr_carea' id='block_1_17' title="bbox 1059 1358 1216 1402">
    <p class='ocr_par' dir='ltr' id='par_1_23' title="bbox 1059 1358 1216 1402">
     <span class='ocr_line' id='line_1_63' title="bbox 1059 1358 1216 1402; baseline 0.019 -3"><span class='ocrx_word' id='word_1_232' title='bbox 1059 1391 1066 1399; x_wconf 92' lang='lat'><strong>.</strong></span> <span class='ocrx_word' id='word_1_233' title='bbox 1129 1358 1216 1402; x_wconf 95' lang='lat'>556</span> 
     </span>
    </p>
   </div>
   <div class='ocr_carea' id='block_1_18' title="bbox 1125 1432 1212 1550">
    <p class='ocr_par' dir='ltr' id='par_1_24' title="bbox 1125 1432 1212 1550">
     <span class='ocr_line' id='line_1_64' title="bbox 1158 1432 1212 1476; baseline 0 0"><span class='ocrx_word' id='word_1_234' title='bbox 1158 1432 1212 1476; x_wconf 93' lang='lat'>17</span> 
     </span>
     <span class='ocr_line' id='line_1_65' title="bbox 1125 1506 1212 1550; baseline 0 0"><span class='ocrx_word' id='word_1_235' title='bbox 1125 1506 1212 1550; x_wconf 91' lang='lat'>315</span> 
     </span>
    </p>
   </div>
   <div class='ocr_carea' id='block_1_19' title="bbox 1125 1653 1212 1697">
    <p class='ocr_par' dir='ltr' id='par_1_25' title="bbox 1125 1653 1212 1697">
     <span class='ocr_line' id='line_1_66' title="bbox 1125 1653 1212 1697; baseline 0 0"><span class='ocrx_word' id='word_1_236' title='bbox 1125 1653 1212 1697; x_wconf 88' lang='lat'>385</span> 
     </span>
    </p>
   </div>
   <div class='ocr_carea' id='block_1_20' title="bbox 1125 1799 1210 1843">
    <p class='ocr_par' dir='ltr' id='par_1_26' title="bbox 1125 1799 1210 1843">
     <span class='ocr_line' id='line_1_67' title="bbox 1125 1799 1210 1843; baseline 0 0"><span class='ocrx_word' id='word_1_237' title='bbox 1125 1799 1210 1843; x_wconf 91' lang='lat'>111</span> 
     </span>
    </p>
   </div>
   <div class='ocr_carea' id='block_1_21' title="bbox 1050 1874 1211 1916">
    <p class='ocr_par' dir='ltr' id='par_1_27' title="bbox 1050 1874 1211 1916">
     <span class='ocr_line' id='line_1_68' title="bbox 1050 1874 1211 1916; baseline 0.012 -2"><span class='ocrx_word' id='word_1_238' title='bbox 1050 1905 1057 1914; x_wconf 92' lang='lat'><strong><em>.</em></strong></span> <span class='ocrx_word' id='word_1_239' title='bbox 1126 1874 1211 1916; x_wconf 92' lang='lat'>126</span> 
     </span>
    </p>
   </div>
   <div class='ocr_carea' id='block_1_22' title="bbox 1121 1946 1210 2064">
    <p class='ocr_par' dir='ltr' id='par_1_28' title="bbox 1121 1946 1210 2064">
     <span class='ocr_line' id='line_1_69' title="bbox 1123 1946 1210 1990; baseline 0 0"><span class='ocrx_word' id='word_1_240' title='bbox 1123 1946 1210 1990; x_wconf 93' lang='lat'>528</span> 
     </span>
     <span class='ocr_line' id='line_1_70' title="bbox 1121 2021 1210 2064; baseline 0 0"><span class='ocrx_word' id='word_1_241' title='bbox 1121 2021 1210 2064; x_wconf 92' lang='lat'>478</span> 
     </span>
    </p>
   </div>
   <div class='ocr_carea' id='block_1_23' title="bbox 1121 2167 1209 2284">
    <p class='ocr_par' dir='ltr' id='par_1_29' title="bbox 1121 2167 1209 2284">
     <span class='ocr_line' id='line_1_71' title="bbox 1121 2167 1208 2211; baseline 0 0"><span class='ocrx_word' id='word_1_242' title='bbox 1121 2167 1208 2211; x_wconf 91' lang='lat'>487</span> 
     </span>
     <span class='ocr_line' id='line_1_72' title="bbox 1123 2240 1209 2284; baseline 0 0"><span class='ocrx_word' id='word_1_243' title='bbox 1123 2240 1209 2284; x_wconf 89' lang='grc'>255</span> 
     </span>
    </p>
   </div>
   <div class='ocr_carea' id='block_1_24' title="bbox 1152 2387 1208 2431">
    <p class='ocr_par' dir='ltr' id='par_1_30' title="bbox 1152 2387 1208 2431">
     <span class='ocr_line' id='line_1_73' title="bbox 1152 2387 1208 2431; baseline 0 0"><span class='ocrx_word' id='word_1_244' title='bbox 1152 2387 1208 2431; x_wconf 91' lang='grc'>78</span> 
     </span>
    </p>
   </div>
   <div class='ocr_carea' id='block_1_25' title="bbox 1121 2535 1208 2579">
    <p class='ocr_par' dir='ltr' id='par_1_31' title="bbox 1121 2535 1208 2579">
     <span class='ocr_line' id='line_1_74' title="bbox 1121 2535 1208 2579; baseline -0.011 0"><span class='ocrx_word' id='word_1_245' title='bbox 1121 2535 1208 2579; x_wconf 90' lang='grc'>234</span> 
     </span>
    </p>
   </div>
   <div class='ocr_carea' id='block_1_26' title="bbox 975 2682 1206 2726">
    <p class='ocr_par' dir='ltr' id='par_1_32' title="bbox 975 2682 1206 2726">
     <span class='ocr_line' id='line_1_75' title="bbox 975 2682 1206 2726; baseline 0.013 -3"><span class='ocrx_word' id='word_1_246' title='bbox 975 2682 1206 2726; x_wconf 81' lang='grc'>’.368</span> 
     </span>
    </p>
   </div>
   <div class='ocr_carea' id='block_1_27' title="bbox 1118 2829 1203 2872">
    <p class='ocr_par' dir='ltr' id='par_1_33' title="bbox 1118 2829 1203 2872">
     <span class='ocr_line' id='line_1_76' title="bbox 1118 2829 1203 2872; baseline 0 0"><span class='ocrx_word' id='word_1_247' title='bbox 1118 2829 1203 2872; x_wconf 87' lang='grc'>517</span> 
     </span>
    </p>
   </div>
   <div class='ocr_carea' id='block_1_28' title="bbox 1116 2974 1204 3164">
    <p class='ocr_par' dir='ltr' id='par_1_34' title="bbox 1116 2974 1204 3164">
     <span class='ocr_line' id='line_1_77' title="bbox 1116 2974 1204 3018; baseline 0 0"><span class='ocrx_word' id='word_1_248' title='bbox 1116 2974 1204 3018; x_wconf 90' lang='grc'>254</span> 
     </span>
     <span class='ocr_line' id='line_1_78' title="bbox 1143 3048 1204 3091; baseline 0 0"><span class='ocrx_word' id='word_1_249' title='bbox 1143 3048 1204 3091; x_wconf 91' lang='grc'>44</span> 
     </span>
     <span class='ocr_line' id='line_1_79' title="bbox 1145 3121 1203 3164; baseline 0 0"><span class='ocrx_word' id='word_1_250' title='bbox 1145 3121 1203 3164; x_wconf 86' lang='grc'>84</span> 
     </span>
    </p>
   </div>
   <div class='ocr_carea' id='block_1_29' title="bbox 1044 3195 1202 3312">
    <p class='ocr_par' dir='ltr' id='par_1_35' title="bbox 1044 3195 1202 3312">
     <span class='ocr_line' id='line_1_80' title="bbox 1044 3195 1202 3238; baseline 0.013 -2"><span class='ocrx_word' id='word_1_251' title='bbox 1044 3227 1052 3236; x_wconf 94' lang='grc'><em>.</em></span> <span class='ocrx_word' id='word_1_252' title='bbox 1115 3195 1202 3238; x_wconf 87' lang='grc'>319</span> 
     </span>
     <span class='ocr_line' id='line_1_81' title="bbox 1044 3268 1202 3312; baseline 0.025 -4"><span class='ocrx_word' id='word_1_253' title='bbox 1044 3300 1052 3308; x_wconf 92' lang='grc'><strong>.</strong></span> <span class='ocrx_word' id='word_1_254' title='bbox 1115 3268 1202 3312; x_wconf 87' lang='grc'>396</span> 
     </span>
    </p>
   </div>
   <div class='ocr_carea' id='block_1_30' title="bbox 1114 3342 1202 3752">
    <p class='ocr_par' dir='ltr' id='par_1_36' title="bbox 1114 3342 1202 3752">
     <span class='ocr_line' id='line_1_82' title="bbox 1117 3342 1201 3384; baseline 0 0"><span class='ocrx_word' id='word_1_255' title='bbox 1117 3342 1201 3384; x_wconf 88' lang='grc'>119</span> 
     </span>
     <span class='ocr_line' id='line_1_83' title="bbox 1114 3415 1202 3458; baseline 0 0"><span class='ocrx_word' id='word_1_256' title='bbox 1114 3415 1202 3458; x_wconf 87' lang='grc'>390</span> 
     </span>
     <span class='ocr_line' id='line_1_84' title="bbox 1114 3488 1200 3532; baseline 0 0"><span class='ocrx_word' id='word_1_257' title='bbox 1114 3488 1200 3532; x_wconf 89' lang='grc'>566</span> 
     </span>
     <span class='ocr_line' id='line_1_85' title="bbox 1114 3562 1201 3605; baseline 0 0"><span class='ocrx_word' id='word_1_258' title='bbox 1114 3562 1201 3605; x_wconf 90' lang='grc'>383</span> 
     </span>
     <span class='ocr_line' id='line_1_86' title="bbox 1115 3635 1202 3679; baseline -0.011 0"><span class='ocrx_word' id='word_1_259' title='bbox 1115 3635 1202 3679; x_wconf 88' lang='grc'>562</span> 
     </span>
     <span class='ocr_line' id='line_1_87' title="bbox 1115 3709 1202 3752; baseline 0 0"><span class='ocrx_word' id='word_1_260' title='bbox 1115 3709 1202 3752; x_wconf 89' lang='grc'>572</span> 
     </span>
    </p>
   </div>
   <div class='ocr_carea' id='block_1_31' title="bbox 2150 290 2258 344">
    <p class='ocr_par' dir='ltr' id='par_1_37' title="bbox 2150 290 2258 344">
     <span class='ocr_line' id='line_1_88' title="bbox 2150 290 2258 344; baseline 0 0"><span class='ocrx_word' id='word_1_261' title='bbox 2150 290 2258 344; x_wconf 91' lang='grc'>693</span> 
     </span>
    </p>
   </div>
   <div class='ocr_carea' id='block_1_32' title="bbox 2144 3488 2309 3533">
    <p class='ocr_par' dir='ltr' id='par_1_38' title="bbox 2144 3488 2309 3533">
     <span class='ocr_line' id='line_1_89' title="bbox 2144 3488 2309 3533; baseline 0.006 -1"><span class='ocrx_word' id='word_1_262' title='bbox 2144 3488 2231 3532; x_wconf 89' lang='lat'>467</span> <span class='ocrx_word' id='word_1_263' title='bbox 2307 3531 2309 3533; x_wconf 87' lang='lat'>.</span> 
     </span>
    </p>
   </div>
   <div class='ocr_carea' id='block_1_33' title="bbox 1261 431 2256 3762">
    <p class='ocr_par' dir='ltr' id='par_1_39' title="bbox 1261 431 2256 3762">
     <span class='ocr_line' id='line_1_90' title="bbox 2170 431 2256 467; baseline 0.023 -2"><span class='ocrx_word' id='word_1_264' title='bbox 2170 431 2256 467; x_wconf 71' lang='lat'>1³⁸8·</span> 
     </span>
     <span class='ocr_line' id='line_1_91' title="bbox 1285 478 2256 536; baseline 0.004 -13"><span class='ocrx_word' id='word_1_265' title='bbox 1285 478 1515 536; x_wconf 86' lang='lat' dir='ltr'>Philippus</span> <span class='ocrx_word' id='word_1_266' title='bbox 1545 491 1627 523; x_wconf 86' lang='lat' dir='ltr'>rex</span> <span class='ocrx_word' id='word_1_267' title='bbox 1655 479 1932 524; x_wconf 81' lang='lat' dir='ltr'>Francorum</span> <span class='ocrx_word' id='word_1_268' title='bbox 1953 513 1960 522; x_wconf 93' lang='lat'>.</span> <span class='ocrx_word' id='word_1_269' title='bbox 2025 513 2033 523; x_wconf 92' lang='lat'><strong><em>.</em></strong></span> <span class='ocrx_word' id='word_1_270' title='bbox 2098 515 2107 524; x_wconf 90' lang='lat'><em>.</em></span> <span class='ocrx_word' id='word_1_271' title='bbox 2199 485 2256 529; x_wconf 84' lang='lat'>75</span> 
     </span>
     <span class='ocr_line' id='line_1_92' title="bbox 1282 553 2256 600; baseline 0.003 -3"><span class='ocrx_word' id='word_1_272' title='bbox 1282 553 1390 597; x_wconf 93' lang='lat' dir='ltr'>Piae</span> <span class='ocrx_word' id='word_1_273' title='bbox 1422 553 1734 597; x_wconf 82' lang='lat' dir='ltr'>sollicitudinis</span> <span class='ocrx_word' id='word_1_274' title='bbox 1766 553 1916 597; x_wconf 88' lang='lat' dir='ltr'>studio</span> <span class='ocrx_word' id='word_1_275' title='bbox 1950 586 1956 594; x_wconf 97' lang='lat'><strong><em>.</em></strong></span> <span class='ocrx_word' id='word_1_276' title='bbox 2023 586 2032 595; x_wconf 92' lang='lat'>.</span> <span class='ocrx_word' id='word_1_277' title='bbox 2098 587 2106 596; x_wconf 93' lang='lat'><strong>.</strong></span> <span class='ocrx_word' id='word_1_278' title='bbox 2197 557 2256 600; x_wconf 87' lang='grc'>43</span> 
     </span>
     <span class='ocr_line' id='line_1_93' title="bbox 1280 626 2254 673; baseline 0.004 -4"><span class='ocrx_word' id='word_1_279' title='bbox 1280 626 1501 670; x_wconf 90' lang='lat' dir='ltr'>Plurimas</span> <span class='ocrx_word' id='word_1_280' title='bbox 1531 626 1579 670; x_wconf 91' lang='lat' dir='ltr'>in</span> <span class='ocrx_word' id='word_1_281' title='bbox 1609 626 1700 669; x_wconf 91' lang='lat' dir='ltr'>tuis</span> <span class='ocrx_word' id='word_1_282' title='bbox 1730 658 2107 668; x_wconf 92' lang='grc'><strong>......</strong></span> <span class='ocrx_word' id='word_1_283' title='bbox 2168 629 2254 673; x_wconf 87' lang='grc'>207</span> 
     </span>
     <span class='ocr_line' id='line_1_94' title="bbox 1279 697 2256 754; baseline 0.003 -12"><span class='ocrx_word' id='word_1_284' title='bbox 1279 699 1524 754; x_wconf 89' lang='lat' dir='ltr'>Postquam</span> <span class='ocrx_word' id='word_1_285' title='bbox 1555 697 1827 742; x_wconf 88' lang='lat' dir='ltr'>fraternitati</span> <span class='ocrx_word' id='word_1_286' title='bbox 1856 702 2038 744; x_wconf 88' lang='lat' dir='ltr'>vestrae</span> <span class='ocrx_word' id='word_1_287' title='bbox 2097 733 2105 742; x_wconf 89' lang='lat'>.</span> <span class='ocrx_word' id='word_1_288' title='bbox 2167 700 2256 745; x_wconf 88' lang='lat'>540</span> 
     </span>
     <span class='ocr_line' id='line_1_95' title="bbox 1278 771 2254 818; baseline 0.004 -4"><span class='ocrx_word' id='word_1_289' title='bbox 1278 772 1388 815; x_wconf 90' lang='lat' dir='ltr'>Post</span> <span class='ocrx_word' id='word_1_290' title='bbox 1418 771 1720 815; x_wconf 83' lang='lat' dir='ltr'>recessionem</span> <span class='ocrx_word' id='word_1_291' title='bbox 1749 775 1876 815; x_wconf 90' lang='lat' dir='ltr'>tuam</span> <span class='ocrx_word' id='word_1_292' title='bbox 1946 804 1956 814; x_wconf 89' lang='lat'><em>.</em></span> <span class='ocrx_word' id='word_1_293' title='bbox 2021 805 2030 814; x_wconf 93' lang='lat'><strong><em>.</em></strong></span> <span class='ocrx_word' id='word_1_294' title='bbox 2096 805 2105 814; x_wconf 92' lang='lat'><strong>.</strong></span> <span class='ocrx_word' id='word_1_295' title='bbox 2167 774 2254 818; x_wconf 88' lang='grc'>361</span> 
     </span>
     <span class='ocr_line' id='line_1_96' title="bbox 1277 844 2256 900; baseline 0.004 -13"><span class='ocrx_word' id='word_1_296' title='bbox 1277 844 1588 888; x_wconf 90' lang='lat' dir='ltr'>Praesentium</span> <span class='ocrx_word' id='word_1_297' title='bbox 1620 844 1812 900; x_wconf 90' lang='lat' dir='ltr'>portitor</span> <span class='ocrx_word' id='word_1_298' title='bbox 1841 845 2021 900; x_wconf 88' lang='lat' dir='ltr'>apicum</span> <span class='ocrx_word' id='word_1_299' title='bbox 2095 878 2103 887; x_wconf 94' lang='lat'><strong>.</strong></span> <span class='ocrx_word' id='word_1_300' title='bbox 2198 847 2256 891; x_wconf 89' lang='lat'>14</span> 
     </span>
     <span class='ocr_line' id='line_1_97' title="bbox 1277 917 2254 973; baseline 0.004 -13"><span class='ocrx_word' id='word_1_301' title='bbox 1277 917 1589 961; x_wconf 88' lang='lat' dir='ltr'>Praesentium</span> <span class='ocrx_word' id='word_1_302' title='bbox 1613 917 1806 973; x_wconf 90' lang='lat' dir='ltr'>portitor</span> <span class='ocrx_word' id='word_1_303' title='bbox 1825 917 2105 963; x_wconf 89' lang='lat' dir='ltr'>Isimbardus</span> <span class='ocrx_word' id='word_1_304' title='bbox 2196 919 2254 964; x_wconf 92' lang='grc'>50</span> 
     </span>
     <span class='ocr_line' id='line_1_98' title="bbox 1276 989 2251 1046; baseline 0.005 -14"><span class='ocrx_word' id='word_1_305' title='bbox 1276 989 1588 1033; x_wconf 89' lang='lat' dir='ltr'>Praesentium</span> <span class='ocrx_word' id='word_1_306' title='bbox 1626 991 1817 1046; x_wconf 90' lang='lat' dir='ltr'>portitor</span> <span class='ocrx_word' id='word_1_307' title='bbox 1853 991 2105 1036; x_wconf 89' lang='lat' dir='ltr'>litterarum</span> <span class='ocrx_word' id='word_1_308' title='bbox 2165 994 2251 1037; x_wconf 88' lang='lat'>271</span> 
     </span>
     <span class='ocr_line' id='line_1_99' title="bbox 1276 1063 2254 1111; baseline 0.005 -5"><span class='ocrx_word' id='word_1_309' title='bbox 1276 1063 1550 1106; x_wconf 89' lang='lat' dir='ltr'>Prudentiae</span> <span class='ocrx_word' id='word_1_310' title='bbox 1581 1067 1764 1108; x_wconf 88' lang='lat' dir='ltr'>vestrae</span> <span class='ocrx_word' id='word_1_311' title='bbox 1796 1077 1881 1108; x_wconf 85' lang='lat' dir='ltr'>ex.</span> <span class='ocrx_word' id='word_1_312' title='bbox 1947 1098 1956 1106; x_wconf 89' lang='lat'><strong>.</strong></span> <span class='ocrx_word' id='word_1_313' title='bbox 2022 1098 2030 1107; x_wconf 95' lang='lat'><em>.</em></span> <span class='ocrx_word' id='word_1_314' title='bbox 2094 1098 2103 1108; x_wconf 88' lang='lat'><strong>.</strong></span> <span class='ocrx_word' id='word_1_315' title='bbox 2164 1066 2254 1111; x_wconf 86' lang='lat'>474</span> 
     </span>
     <span class='ocr_line' id='line_1_100' title="bbox 1275 1135 2250 1184; baseline 0.006 -6"><span class='ocrx_word' id='word_1_316' title='bbox 1275 1135 1548 1180; x_wconf 87' lang='lat' dir='ltr'>Prudentiae</span> <span class='ocrx_word' id='word_1_317' title='bbox 1578 1140 1760 1181; x_wconf 89' lang='lat' dir='ltr'>vestrae</span> <span class='ocrx_word' id='word_1_318' title='bbox 1790 1141 1948 1182; x_wconf 91' lang='lat' dir='ltr'>notum</span> <span class='ocrx_word' id='word_1_319' title='bbox 2019 1171 2028 1181; x_wconf 92' lang='lat'><strong>.</strong></span> <span class='ocrx_word' id='word_1_320' title='bbox 2093 1172 2101 1180; x_wconf 91' lang='lat'>.</span> <span class='ocrx_word' id='word_1_321' title='bbox 2162 1139 2250 1184; x_wconf 91' lang='grc'>441</span> 
     </span>
     <span class='ocr_line' id='line_1_101' title="bbox 1278 1206 2250 1267; baseline 0.007 -16"><span class='ocrx_word' id='word_1_322' title='bbox 1278 1211 1419 1267; x_wconf 63' lang='lat' dir='ltr'>Quae</span> <span class='ocrx_word' id='word_1_323' title='bbox 1452 1212 1498 1252; x_wconf 90' lang='lat' dir='ltr'>et</span> <span class='ocrx_word' id='word_1_324' title='bbox 1528 1214 1699 1266; x_wconf 91' lang='lat' dir='ltr'>quanta</span> <span class='ocrx_word' id='word_1_325' title='bbox 1730 1224 1839 1255; x_wconf 86' lang='lat' dir='ltr'>cura</span> <span class='ocrx_word' id='word_1_326' title='bbox 1871 1243 1880 1253; x_wconf 93' lang='lat'><strong>.</strong></span> <span class='ocrx_word' id='word_1_327' title='bbox 1945 1244 1954 1254; x_wconf 91' lang='lat'><strong>.</strong></span> <span class='ocrx_word' id='word_1_328' title='bbox 2019 1206 2028 1254; x_wconf 73' lang='grc'>.’</span> <span class='ocrx_word' id='word_1_329' title='bbox 2093 1245 2102 1254; x_wconf 96' lang='grc'><strong>.</strong></span> <span class='ocrx_word' id='word_1_330' title='bbox 2164 1213 2250 1257; x_wconf 90' lang='grc'>321</span> 
     </span>
     <span class='ocr_line' id='line_1_102' title="bbox 1277 1282 2252 1341; baseline 0.007 -16"><span class='ocrx_word' id='word_1_331' title='bbox 1277 1282 1478 1335; x_wconf 80' lang='lat' dir='ltr'>Qualiter</span> <span class='ocrx_word' id='word_1_332' title='bbox 1506 1283 1902 1341; x_wconf 88' lang='lat' dir='ltr'>Babenbergensis</span> <span class='ocrx_word' id='word_1_333' title='bbox 1944 1317 1954 1328; x_wconf 85' lang='lat'><strong>.</strong></span> <span class='ocrx_word' id='word_1_334' title='bbox 2018 1317 2028 1327; x_wconf 91' lang='lat'>.</span> <span class='ocrx_word' id='word_1_335' title='bbox 2091 1319 2101 1329; x_wconf 92' lang='lat'>.</span> <span class='ocrx_word' id='word_1_336' title='bbox 2163 1287 2252 1331; x_wconf 90' lang='grc'>204</span> 
     </span>
     <span class='ocr_line' id='line_1_103' title="bbox 1277 1355 2251 1415; baseline 0.008 -17"><span class='ocrx_word' id='word_1_337' title='bbox 1277 1355 1476 1408; x_wconf 82' lang='lat' dir='ltr'>Qualiter</span> <span class='ocrx_word' id='word_1_338' title='bbox 1506 1356 1637 1402; x_wconf 90' lang='lat' dir='ltr'>nobis</span> <span class='ocrx_word' id='word_1_339' title='bbox 1670 1358 1905 1415; x_wconf 89' lang='lat' dir='ltr'>apostolici</span> <span class='ocrx_word' id='word_1_340' title='bbox 1945 1391 1952 1400; x_wconf 95' lang='lat'>.</span> <span class='ocrx_word' id='word_1_341' title='bbox 2018 1391 2027 1400; x_wconf 89' lang='lat'><strong>.</strong></span> <span class='ocrx_word' id='word_1_342' title='bbox 2091 1390 2101 1402; x_wconf 91' lang='lat'><strong>.</strong></span> <span class='ocrx_word' id='word_1_343' title='bbox 2162 1360 2251 1405; x_wconf 89' lang='grc'>520</span> 
     </span>
     <span class='ocr_line' id='line_1_104' title="bbox 1276 1429 2250 1482; baseline 0.006 -10"><span class='ocrx_word' id='word_1_344' title='bbox 1276 1429 1477 1482; x_wconf 84' lang='lat' dir='ltr'>Qualiter</span> <span class='ocrx_word' id='word_1_345' title='bbox 1505 1430 1700 1476; x_wconf 88' lang='lat' dir='ltr'>testibus</span> <span class='ocrx_word' id='word_1_346' title='bbox 1732 1436 1779 1476; x_wconf 89' lang='lat' dir='ltr'>et</span> <span class='ocrx_word' id='word_1_347' title='bbox 1796 1464 2100 1475; x_wconf 93' lang='grc'><strong>.....</strong></span> <span class='ocrx_word' id='word_1_348' title='bbox 2164 1435 2250 1478; x_wconf 84' lang='grc'>150</span> 
     </span>
     <span class='ocr_line' id='line_1_105' title="bbox 1275 1501 2249 1561; baseline 0.006 -15"><span class='ocrx_word' id='word_1_349' title='bbox 1275 1503 1418 1556; x_wconf 89' lang='lat' dir='ltr'>Quam</span> <span class='ocrx_word' id='word_1_350' title='bbox 1449 1501 1644 1549; x_wconf 91' lang='lat' dir='ltr'>fideliter</span> <span class='ocrx_word' id='word_1_351' title='bbox 1674 1517 1900 1561; x_wconf 90' lang='lat' dir='ltr'>quamque</span> <span class='ocrx_word' id='word_1_352' title='bbox 1941 1538 1950 1548; x_wconf 88' lang='lat'><strong>.</strong></span> <span class='ocrx_word' id='word_1_353' title='bbox 2016 1537 2026 1548; x_wconf 91' lang='lat'><strong>.</strong></span> <span class='ocrx_word' id='word_1_354' title='bbox 2090 1539 2098 1547; x_wconf 92' lang='lat'><strong>.</strong></span> <span class='ocrx_word' id='word_1_355' title='bbox 2161 1507 2249 1552; x_wconf 87' lang='lat'>340</span> 
     </span>
     <span class='ocr_line' id='line_1_106' title="bbox 1274 1577 2248 1635; baseline 0.006 -15"><span class='ocrx_word' id='word_1_356' title='bbox 1274 1577 1555 1634; x_wconf 85' lang='lat' dir='ltr'>Quamquam</span> <span class='ocrx_word' id='word_1_357' title='bbox 1588 1578 1647 1623; x_wconf 90' lang='lat' dir='ltr'>ad</span> <span class='ocrx_word' id='word_1_358' title='bbox 1676 1578 2006 1635; x_wconf 88' lang='lat' dir='ltr'>propulsandas</span> <span class='ocrx_word' id='word_1_359' title='bbox 2090 1613 2099 1622; x_wconf 93' lang='lat'><strong>.</strong></span> <span class='ocrx_word' id='word_1_360' title='bbox 2162 1581 2248 1625; x_wconf 92' lang='grc'>102</span> 
     </span>
     <span class='ocr_line' id='line_1_107' title="bbox 1273 1651 2248 1707; baseline 0.005 -13"><span class='ocrx_word' id='word_1_361' title='bbox 1273 1651 1554 1707; x_wconf 89' lang='lat' dir='ltr'>Quamquam</span> <span class='ocrx_word' id='word_1_362' title='bbox 1585 1651 1649 1696; x_wconf 92' lang='lat' dir='ltr'>fili</span> <span class='ocrx_word' id='word_1_363' title='bbox 1678 1652 1918 1697; x_wconf 88' lang='lat' dir='ltr'>karissime</span> <span class='ocrx_word' id='word_1_364' title='bbox 1941 1685 1950 1695; x_wconf 93' lang='lat'><strong>.</strong></span> <span class='ocrx_word' id='word_1_365' title='bbox 2018 1687 2026 1695; x_wconf 94' lang='lat'><strong>.</strong></span> <span class='ocrx_word' id='word_1_366' title='bbox 2090 1687 2098 1696; x_wconf 92' lang='lat'><strong>.</strong></span> <span class='ocrx_word' id='word_1_367' title='bbox 2162 1655 2248 1699; x_wconf 89' lang='grc'>142</span> 
     </span>
     <span class='ocr_line' id='line_1_108' title="bbox 1273 1725 2246 1782; baseline 0.005 -14"><span class='ocrx_word' id='word_1_368' title='bbox 1273 1725 1554 1780; x_wconf 89' lang='lat' dir='ltr'>Quamquam</span> <span class='ocrx_word' id='word_1_369' title='bbox 1586 1726 1634 1769; x_wconf 92' lang='lat' dir='ltr'>id</span> <span class='ocrx_word' id='word_1_370' title='bbox 1663 1726 1813 1782; x_wconf 91' lang='lat' dir='ltr'>ipsum</span> <span class='ocrx_word' id='word_1_371' title='bbox 1867 1758 1875 1768; x_wconf 94' lang='lat'><strong>.</strong></span> <span class='ocrx_word' id='word_1_372' title='bbox 1940 1759 1949 1769; x_wconf 93' lang='lat'><strong>.</strong></span> <span class='ocrx_word' id='word_1_373' title='bbox 2013 1759 2022 1769; x_wconf 90' lang='lat'><strong>.</strong></span> <span class='ocrx_word' id='word_1_374' title='bbox 2087 1760 2096 1769; x_wconf 91' lang='lat'>.</span> <span class='ocrx_word' id='word_1_375' title='bbox 2160 1729 2246 1773; x_wconf 92' lang='grc'>261</span> 
     </span>
     <span class='ocr_line' id='line_1_109' title="bbox 1272 1798 2246 1854; baseline 0.005 -13"><span class='ocrx_word' id='word_1_376' title='bbox 1272 1798 1554 1854; x_wconf 88' lang='lat' dir='ltr'>Quamquam</span> <span class='ocrx_word' id='word_1_377' title='bbox 1586 1798 1952 1844; x_wconf 89' lang='lat' dir='ltr'>inoboedientia.</span> <span class='ocrx_word' id='word_1_378' title='bbox 2015 1832 2025 1843; x_wconf 89' lang='lat'><strong><em>.</em></strong></span> <span class='ocrx_word' id='word_1_379' title='bbox 2088 1832 2098 1844; x_wconf 93' lang='lat'>.</span> <span class='ocrx_word' id='word_1_380' title='bbox 2189 1802 2246 1846; x_wconf 90' lang='grc'>62</span> 
     </span>
     <span class='ocr_line' id='line_1_110' title="bbox 1272 1872 2246 1930; baseline 0.004 -15"><span class='ocrx_word' id='word_1_381' title='bbox 1272 1872 1554 1928; x_wconf 88' lang='lat' dir='ltr'>Quamquam</span> <span class='ocrx_word' id='word_1_382' title='bbox 1585 1873 1802 1930; x_wconf 90' lang='lat' dir='ltr'>noverim,</span> <span class='ocrx_word' id='word_1_383' title='bbox 1834 1876 1881 1917; x_wconf 94' lang='lat' dir='ltr'>te</span> <span class='ocrx_word' id='word_1_384' title='bbox 1938 1906 1947 1916; x_wconf 90' lang='lat'><strong>.</strong></span> <span class='ocrx_word' id='word_1_385' title='bbox 2010 1907 2019 1915; x_wconf 91' lang='lat'><strong>.</strong></span> <span class='ocrx_word' id='word_1_386' title='bbox 2089 1906 2102 1920; x_wconf 86' lang='lat'><strong>.</strong></span> <span class='ocrx_word' id='word_1_387' title='bbox 2188 1875 2246 1919; x_wconf 89' lang='grc'>55</span> 
     </span>
     <span class='ocr_line' id='line_1_111' title="bbox 1271 1946 2244 2003; baseline 0.004 -15"><span class='ocrx_word' id='word_1_388' title='bbox 1271 1946 1552 2002; x_wconf 91' lang='lat' dir='ltr'>Quamquam</span> <span class='ocrx_word' id='word_1_389' title='bbox 1582 1947 1796 2003; x_wconf 92' lang='lat' dir='ltr'>pleraque</span> <span class='ocrx_word' id='word_1_390' title='bbox 1867 1980 1875 1988; x_wconf 95' lang='lat'>.</span> <span class='ocrx_word' id='word_1_391' title='bbox 1941 1979 1949 1988; x_wconf 93' lang='lat'><em>.</em></span> <span class='ocrx_word' id='word_1_392' title='bbox 2013 1979 2022 1989; x_wconf 92' lang='lat'>.</span> <span class='ocrx_word' id='word_1_393' title='bbox 2085 1980 2096 1990; x_wconf 85' lang='lat'><strong>.</strong></span> <span class='ocrx_word' id='word_1_394' title='bbox 2159 1947 2244 1992; x_wconf 90' lang='grc'><strong>151</strong></span> 
     </span>
     <span class='ocr_line' id='line_1_112' title="bbox 1271 2019 2245 2072; baseline 0.003 -9"><span class='ocrx_word' id='word_1_395' title='bbox 1271 2019 1459 2072; x_wconf 91' lang='lat' dir='ltr'>Quando</span> <span class='ocrx_word' id='word_1_396' title='bbox 1489 2020 1664 2063; x_wconf 89' lang='lat' dir='ltr'>litteras</span> <span class='ocrx_word' id='word_1_397' title='bbox 1694 2022 1802 2063; x_wconf 89' lang='lat' dir='ltr'>tuae</span> <span class='ocrx_word' id='word_1_398' title='bbox 1864 2052 1873 2061; x_wconf 92' lang='lat'><strong>.</strong></span> <span class='ocrx_word' id='word_1_399' title='bbox 1938 2053 1946 2061; x_wconf 93' lang='lat'><em>.</em></span> <span class='ocrx_word' id='word_1_400' title='bbox 2012 2052 2020 2061; x_wconf 93' lang='lat'>.</span> <span class='ocrx_word' id='word_1_401' title='bbox 2085 2053 2094 2062; x_wconf 95' lang='lat'><em>.</em></span> <span class='ocrx_word' id='word_1_402' title='bbox 2157 2021 2245 2065; x_wconf 88' lang='grc'><strong>212</strong></span> 
     </span>
     <span class='ocr_line' id='line_1_113' title="bbox 1271 2093 2244 2145; baseline 0.003 -9"><span class='ocrx_word' id='word_1_403' title='bbox 1271 2093 1449 2145; x_wconf 88' lang='lat' dir='ltr'>Quanta</span> <span class='ocrx_word' id='word_1_404' title='bbox 1481 2093 1669 2136; x_wconf 88' lang='lat' dir='ltr'>caritate</span> <span class='ocrx_word' id='word_1_405' title='bbox 1699 2093 1932 2138; x_wconf 86' lang='lat' dir='ltr'>Romanae</span> <span class='ocrx_word' id='word_1_406' title='bbox 2011 2126 2018 2135; x_wconf 94' lang='lat'><strong>.</strong></span> <span class='ocrx_word' id='word_1_407' title='bbox 2083 2126 2093 2136; x_wconf 89' lang='lat'><strong>.</strong></span> <span class='ocrx_word' id='word_1_408' title='bbox 2187 2095 2244 2139; x_wconf 89' lang='grc'>99</span> 
     </span>
     <span class='ocr_line' id='line_1_114' title="bbox 1271 2166 2243 2223; baseline 0.003 -13"><span class='ocrx_word' id='word_1_409' title='bbox 1271 2166 1449 2220; x_wconf 86' lang='lat' dir='ltr'>Quanta</span> <span class='ocrx_word' id='word_1_410' title='bbox 1478 2167 1686 2223; x_wconf 88' lang='lat' dir='ltr'>impietas</span> <span class='ocrx_word' id='word_1_411' title='bbox 1719 2179 1746 2210; x_wconf 91' lang='lat' dir='ltr'>a</span> <span class='ocrx_word' id='word_1_412' title='bbox 1788 2199 2092 2210; x_wconf 92' lang='grc'><strong>.....</strong></span> <span class='ocrx_word' id='word_1_413' title='bbox 2154 2168 2243 2213; x_wconf 92' lang='grc'>429</span> 
     </span>
     <span class='ocr_line' id='line_1_115' title="bbox 1271 2240 2243 2293; baseline 0.002 -9"><span class='ocrx_word' id='word_1_414' title='bbox 1271 2240 1450 2293; x_wconf 91' lang='lat' dir='ltr'>Quanta</span> <span class='ocrx_word' id='word_1_415' title='bbox 1479 2240 1526 2284; x_wconf 92' lang='lat' dir='ltr'>in</span> <span class='ocrx_word' id='word_1_416' title='bbox 1556 2240 1704 2283; x_wconf 93' lang='lat' dir='ltr'>Deum</span> <span class='ocrx_word' id='word_1_417' title='bbox 1736 2243 1783 2284; x_wconf 92' lang='lat' dir='ltr'>et</span> <span class='ocrx_word' id='word_1_418' title='bbox 1863 2272 1873 2283; x_wconf 87' lang='lat'><strong>.</strong></span> <span class='ocrx_word' id='word_1_419' title='bbox 1939 2273 1947 2283; x_wconf 90' lang='lat'><strong>.</strong></span> <span class='ocrx_word' id='word_1_420' title='bbox 2084 2274 2092 2284; x_wconf 90' lang='lat'><strong>.</strong></span> <span class='ocrx_word' id='word_1_421' title='bbox 2155 2242 2243 2286; x_wconf 90' lang='lat'>316</span> 
     </span>
     <span class='ocr_line' id='line_1_116' title="bbox 1271 2313 2242 2366; baseline 0.003 -9"><span class='ocrx_word' id='word_1_422' title='bbox 1271 2314 1449 2366; x_wconf 88' lang='lat' dir='ltr'>Quanta</span> <span class='ocrx_word' id='word_1_423' title='bbox 1479 2313 1609 2357; x_wconf 89' lang='lat' dir='ltr'>nobis</span> <span class='ocrx_word' id='word_1_424' title='bbox 1641 2313 1895 2359; x_wconf 90' lang='lat' dir='ltr'>sollicitudo</span> <span class='ocrx_word' id='word_1_425' title='bbox 1937 2347 1945 2356; x_wconf 92' lang='lat'><strong>.</strong></span> <span class='ocrx_word' id='word_1_426' title='bbox 2011 2347 2019 2357; x_wconf 94' lang='lat'>.</span> <span class='ocrx_word' id='word_1_427' title='bbox 2083 2347 2092 2358; x_wconf 93' lang='lat'><strong><em>.</em></strong></span> <span class='ocrx_word' id='word_1_428' title='bbox 2154 2316 2242 2360; x_wconf 89' lang='lat'>311</span> 
     </span>
     <span class='ocr_line' id='line_1_117' title="bbox 1269 2387 2240 2442; baseline 0.003 -12"><span class='ocrx_word' id='word_1_429' title='bbox 1269 2387 1447 2440; x_wconf 90' lang='lat' dir='ltr'>Quanta</span> <span class='ocrx_word' id='word_1_430' title='bbox 1478 2387 1537 2430; x_wconf 91' lang='lat' dir='ltr'>sit</span> <span class='ocrx_word' id='word_1_431' title='bbox 1567 2399 1678 2442; x_wconf 87' lang='lat' dir='ltr'>erga</span> <span class='ocrx_word' id='word_1_432' title='bbox 1708 2399 1791 2431; x_wconf 91' lang='lat' dir='ltr'>vos</span> <span class='ocrx_word' id='word_1_433' title='bbox 1862 2421 1870 2429; x_wconf 91' lang='lat'><strong>.</strong></span> <span class='ocrx_word' id='word_1_434' title='bbox 1938 2421 1946 2432; x_wconf 94' lang='lat'><strong><em>.</em></strong></span> <span class='ocrx_word' id='word_1_435' title='bbox 2011 2421 2019 2430; x_wconf 90' lang='lat'>.</span> <span class='ocrx_word' id='word_1_436' title='bbox 2084 2421 2093 2430; x_wconf 90' lang='lat'><strong>.</strong></span> <span class='ocrx_word' id='word_1_437' title='bbox 2154 2388 2240 2433; x_wconf 90' lang='lat'>527</span> 
     </span>
     <span class='ocr_line' id='line_1_118' title="bbox 1268 2459 2242 2513; baseline 0.002 -9"><span class='ocrx_word' id='word_1_438' title='bbox 1268 2460 1447 2513; x_wconf 90' lang='lat' dir='ltr'>Quanta</span> <span class='ocrx_word' id='word_1_439' title='bbox 1477 2461 1536 2504; x_wconf 86' lang='lat' dir='ltr'>sit</span> <span class='ocrx_word' id='word_1_440' title='bbox 1565 2459 1675 2504; x_wconf 92' lang='lat' dir='ltr'>mihi</span> <span class='ocrx_word' id='word_1_441' title='bbox 1706 2473 1815 2504; x_wconf 90' lang='lat' dir='ltr'>cura</span> <span class='ocrx_word' id='word_1_442' title='bbox 1863 2492 1874 2503; x_wconf 93' lang='lat'>.</span> <span class='ocrx_word' id='word_1_443' title='bbox 1937 2493 1946 2503; x_wconf 90' lang='lat'>.</span> <span class='ocrx_word' id='word_1_444' title='bbox 2010 2494 2018 2503; x_wconf 94' lang='lat'>.</span> <span class='ocrx_word' id='word_1_445' title='bbox 2083 2494 2092 2504; x_wconf 88' lang='lat'><strong>.</strong></span> <span class='ocrx_word' id='word_1_446' title='bbox 2185 2462 2242 2506; x_wconf 89' lang='lat'>65</span> 
     </span>
     <span class='ocr_line' id='line_1_119' title="bbox 1268 2532 2242 2586; baseline 0.003 -9"><span class='ocrx_word' id='word_1_447' title='bbox 1268 2533 1446 2586; x_wconf 88' lang='lat' dir='ltr'>Quanta</span> <span class='ocrx_word' id='word_1_448' title='bbox 1476 2534 1536 2577; x_wconf 90' lang='lat' dir='ltr'>sit</span> <span class='ocrx_word' id='word_1_449' title='bbox 1566 2532 1675 2577; x_wconf 91' lang='lat' dir='ltr'>mihi</span> <span class='ocrx_word' id='word_1_450' title='bbox 1707 2533 1941 2580; x_wconf 88' lang='lat' dir='ltr'>meditatio</span> <span class='ocrx_word' id='word_1_451' title='bbox 2009 2567 2018 2577; x_wconf 90' lang='lat'><em>.</em></span> <span class='ocrx_word' id='word_1_452' title='bbox 2082 2568 2091 2576; x_wconf 90' lang='lat'><strong><em>.</em></strong></span> <span class='ocrx_word' id='word_1_453' title='bbox 2154 2535 2242 2580; x_wconf 90' lang='lat'>532</span> 
     </span>
     <span class='ocr_line' id='line_1_120' title="bbox 1267 2606 2241 2660; baseline 0.003 -10"><span class='ocrx_word' id='word_1_454' title='bbox 1267 2608 1470 2660; x_wconf 87' lang='lat' dir='ltr'>Quantas</span> <span class='ocrx_word' id='word_1_455' title='bbox 1501 2606 1867 2651; x_wconf 89' lang='lat' dir='ltr'>tribulationum.</span> <span class='ocrx_word' id='word_1_456' title='bbox 1934 2641 1943 2650; x_wconf 90' lang='lat'><strong>.</strong></span> <span class='ocrx_word' id='word_1_457' title='bbox 2011 2641 2020 2650; x_wconf 89' lang='lat'>.</span> <span class='ocrx_word' id='word_1_458' title='bbox 2082 2641 2091 2651; x_wconf 90' lang='lat'>.</span> <span class='ocrx_word' id='word_1_459' title='bbox 2153 2609 2241 2653; x_wconf 89' lang='grc'>548</span> 
     </span>
     <span class='ocr_line' id='line_1_121' title="bbox 1266 2680 2239 2738; baseline 0.003 -14"><span class='ocrx_word' id='word_1_460' title='bbox 1266 2681 1445 2733; x_wconf 89' lang='lat' dir='ltr'>Quanta</span> <span class='ocrx_word' id='word_1_461' title='bbox 1474 2680 1691 2724; x_wconf 88' lang='lat' dir='ltr'>violentia</span> <span class='ocrx_word' id='word_1_462' title='bbox 1722 2684 1981 2738; x_wconf 85' lang='lat' dir='ltr'>quantaque</span> <span class='ocrx_word' id='word_1_463' title='bbox 2008 2716 2015 2724; x_wconf 95' lang='lat'><strong><em>.</em></strong></span> <span class='ocrx_word' id='word_1_464' title='bbox 2081 2715 2090 2725; x_wconf 91' lang='lat'><strong>.</strong></span> <span class='ocrx_word' id='word_1_465' title='bbox 2182 2683 2239 2727; x_wconf 89' lang='lat'>57</span> 
     </span>
     <span class='ocr_line' id='line_1_122' title="bbox 1266 2754 2238 2807; baseline 0.002 -9"><span class='ocrx_word' id='word_1_466' title='bbox 1266 2755 1492 2807; x_wconf 87' lang='lat' dir='ltr'>Quantum</span> <span class='ocrx_word' id='word_1_467' title='bbox 1524 2754 1686 2797; x_wconf 89' lang='lat' dir='ltr'>domus</span> <span class='ocrx_word' id='word_1_468' title='bbox 1717 2758 1871 2798; x_wconf 87' lang='lat' dir='ltr'>vestra</span> <span class='ocrx_word' id='word_1_469' title='bbox 1933 2788 1942 2796; x_wconf 91' lang='lat'><strong>.</strong></span> <span class='ocrx_word' id='word_1_470' title='bbox 2007 2788 2015 2798; x_wconf 85' lang='lat'><strong>.</strong></span> <span class='ocrx_word' id='word_1_471' title='bbox 2080 2787 2089 2798; x_wconf 94' lang='lat'><strong>.</strong></span> <span class='ocrx_word' id='word_1_472' title='bbox 2150 2755 2238 2800; x_wconf 86' lang='lat'>447</span> 
     </span>
     <span class='ocr_line' id='line_1_123' title="bbox 1265 2827 2239 2883; baseline 0.002 -12"><span class='ocrx_word' id='word_1_473' title='bbox 1265 2828 1492 2880; x_wconf 88' lang='lat' dir='ltr'>Quantum</span> <span class='ocrx_word' id='word_1_474' title='bbox 1523 2839 1606 2871; x_wconf 90' lang='lat' dir='ltr'>nos</span> <span class='ocrx_word' id='word_1_475' title='bbox 1638 2839 1695 2870; x_wconf 86' lang='lat' dir='ltr'>ex</span> <span class='ocrx_word' id='word_1_476' title='bbox 1724 2827 1862 2883; x_wconf 86' lang='lat' dir='ltr'>longo</span> <span class='ocrx_word' id='word_1_477' title='bbox 1934 2859 1943 2870; x_wconf 91' lang='lat'><em>.</em></span> <span class='ocrx_word' id='word_1_478' title='bbox 2006 2862 2014 2870; x_wconf 95' lang='lat'>.</span> <span class='ocrx_word' id='word_1_479' title='bbox 2079 2862 2087 2870; x_wconf 97' lang='lat'>.</span> <span class='ocrx_word' id='word_1_480' title='bbox 2149 2829 2239 2873; x_wconf 91' lang='lat'>482</span> 
     </span>
     <span class='ocr_line' id='line_1_124' title="bbox 1265 2900 2238 2953; baseline 0.004 -10"><span class='ocrx_word' id='word_1_481' title='bbox 1265 2900 1379 2953; x_wconf 90' lang='lat' dir='ltr'>Quia</span> <span class='ocrx_word' id='word_1_482' title='bbox 1410 2900 1690 2944; x_wconf 91' lang='lat' dir='ltr'>consuetudo</span> <span class='ocrx_word' id='word_1_483' title='bbox 1722 2904 1939 2946; x_wconf 88' lang='lat' dir='ltr'>sanctae.</span> <span class='ocrx_word' id='word_1_484' title='bbox 2005 2934 2013 2943; x_wconf 88' lang='lat'><strong>.</strong></span> <span class='ocrx_word' id='word_1_485' title='bbox 2078 2934 2086 2943; x_wconf 95' lang='lat'>.</span> <span class='ocrx_word' id='word_1_486' title='bbox 2150 2902 2238 2946; x_wconf 89' lang='lat'>313</span> 
     </span>
     <span class='ocr_line' id='line_1_125' title="bbox 1264 2974 2237 3029; baseline 0.002 -12"><span class='ocrx_word' id='word_1_487' title='bbox 1264 2974 1378 3027; x_wconf 87' lang='lat' dir='ltr'>Quia</span> <span class='ocrx_word' id='word_1_488' title='bbox 1408 2986 1465 3017; x_wconf 81' lang='lat' dir='ltr'>ex</span> <span class='ocrx_word' id='word_1_489' title='bbox 1494 2975 1734 3029; x_wconf 88' lang='lat' dir='ltr'>pastoralis</span> <span class='ocrx_word' id='word_1_490' title='bbox 1784 3007 2088 3018; x_wconf 90' lang='lat'><strong>.....</strong></span> <span class='ocrx_word' id='word_1_491' title='bbox 2150 2975 2237 3019; x_wconf 87' lang='lat'>336</span> 
     </span>
     <span class='ocr_line' id='line_1_126' title="bbox 1264 3048 2237 3101; baseline 0.001 -10"><span class='ocrx_word' id='word_1_492' title='bbox 1264 3048 1378 3101; x_wconf 91' lang='lat' dir='ltr'>Quia</span> <span class='ocrx_word' id='word_1_493' title='bbox 1408 3048 1455 3091; x_wconf 93' lang='lat' dir='ltr'>in</span> <span class='ocrx_word' id='word_1_494' title='bbox 1487 3052 1672 3092; x_wconf 89' lang='lat' dir='ltr'>sanctae</span> <span class='ocrx_word' id='word_1_495' title='bbox 1704 3049 1793 3092; x_wconf 85' lang='lat' dir='ltr'>Dei</span> <span class='ocrx_word' id='word_1_496' title='bbox 1855 3081 1864 3090; x_wconf 92' lang='lat'><em>.</em></span> <span class='ocrx_word' id='word_1_497' title='bbox 1929 3081 1936 3090; x_wconf 95' lang='lat'>.</span> <span class='ocrx_word' id='word_1_498' title='bbox 2004 3081 2012 3090; x_wconf 95' lang='lat'><strong>.</strong></span> <span class='ocrx_word' id='word_1_499' title='bbox 2078 3080 2086 3090; x_wconf 93' lang='lat'><strong>.</strong></span> <span class='ocrx_word' id='word_1_500' title='bbox 2149 3048 2237 3092; x_wconf 90' lang='lat'>325</span> 
     </span>
     <span class='ocr_line' id='line_1_127' title="bbox 1263 3121 2238 3177; baseline 0.002 -13"><span class='ocrx_word' id='word_1_501' title='bbox 1263 3121 1378 3174; x_wconf 90' lang='lat' dir='ltr'>Quia</span> <span class='ocrx_word' id='word_1_502' title='bbox 1406 3121 1453 3164; x_wconf 93' lang='lat' dir='ltr'>in</span> <span class='ocrx_word' id='word_1_503' title='bbox 1485 3122 1772 3177; x_wconf 89' lang='lat' dir='ltr'>susceptione</span> <span class='ocrx_word' id='word_1_504' title='bbox 1856 3155 1864 3164; x_wconf 93' lang='lat'><strong><em>.</em></strong></span> <span class='ocrx_word' id='word_1_505' title='bbox 1930 3155 1938 3165; x_wconf 92' lang='lat'>.</span> <span class='ocrx_word' id='word_1_506' title='bbox 2004 3155 2012 3164; x_wconf 90' lang='lat'><strong>.</strong></span> <span class='ocrx_word' id='word_1_507' title='bbox 2077 3154 2086 3164; x_wconf 93' lang='lat'><strong>.</strong></span> <span class='ocrx_word' id='word_1_508' title='bbox 2148 3122 2238 3166; x_wconf 90' lang='lat'>314</span> 
     </span>
     <span class='ocr_line' id='line_1_128' title="bbox 1263 3194 2236 3250; baseline 0.004 -13"><span class='ocrx_word' id='word_1_509' title='bbox 1263 3194 1377 3247; x_wconf 92' lang='lat' dir='ltr'>Quia</span> <span class='ocrx_word' id='word_1_510' title='bbox 1406 3194 1568 3250; x_wconf 86' lang='lat' dir='ltr'>legatis</span> <span class='ocrx_word' id='word_1_511' title='bbox 1598 3196 1765 3239; x_wconf 88' lang='lat' dir='ltr'>nostris</span> <span class='ocrx_word' id='word_1_512' title='bbox 1797 3199 1844 3240; x_wconf 91' lang='lat' dir='ltr'>et</span> <span class='ocrx_word' id='word_1_513' title='bbox 1929 3228 1939 3239; x_wconf 90' lang='lat'><strong>.</strong></span> <span class='ocrx_word' id='word_1_514' title='bbox 2003 3229 2010 3237; x_wconf 92' lang='lat'><strong>.</strong></span> <span class='ocrx_word' id='word_1_515' title='bbox 2076 3228 2085 3238; x_wconf 95' lang='lat'><strong>.</strong></span> <span class='ocrx_word' id='word_1_516' title='bbox 2147 3195 2236 3240; x_wconf 90' lang='lat'>565</span> 
     </span>
     <span class='ocr_line' id='line_1_129' title="bbox 1263 3268 2236 3321; baseline 0.002 -10"><span class='ocrx_word' id='word_1_517' title='bbox 1263 3268 1377 3321; x_wconf 90' lang='lat' dir='ltr'>Quia</span> <span class='ocrx_word' id='word_1_518' title='bbox 1407 3272 1597 3312; x_wconf 83' lang='lat' dir='ltr'>matrem</span> <span class='ocrx_word' id='word_1_519' title='bbox 1628 3273 1755 3313; x_wconf 90' lang='lat' dir='ltr'>tuam</span> <span class='ocrx_word' id='word_1_520' title='bbox 1787 3273 1991 3314; x_wconf 91' lang='lat' dir='ltr'>sanctam</span> <span class='ocrx_word' id='word_1_521' title='bbox 2075 3302 2084 3311; x_wconf 92' lang='lat'><strong>.</strong></span> <span class='ocrx_word' id='word_1_522' title='bbox 2147 3269 2236 3313; x_wconf 89' lang='lat'>228</span> 
     </span>
     <span class='ocr_line' id='line_1_130' title="bbox 1262 3341 2235 3394; baseline 0.002 -10"><span class='ocrx_word' id='word_1_523' title='bbox 1262 3341 1377 3394; x_wconf 90' lang='lat' dir='ltr'>Quia</span> <span class='ocrx_word' id='word_1_524' title='bbox 1406 3341 1556 3385; x_wconf 91' lang='lat' dir='ltr'>missis</span> <span class='ocrx_word' id='word_1_525' title='bbox 1585 3343 1746 3387; x_wconf 89' lang='lat' dir='ltr'>litteris</span> <span class='ocrx_word' id='word_1_526' title='bbox 1781 3375 2085 3386; x_wconf 90' lang='grc'><strong>.....</strong></span> <span class='ocrx_word' id='word_1_527' title='bbox 2145 3342 2235 3386; x_wconf 91' lang='grc'>432</span> 
     </span>
     <span class='ocr_line' id='line_1_131' title="bbox 1261 3414 2233 3467; baseline 0.001 -9"><span class='ocrx_word' id='word_1_528' title='bbox 1261 3414 1375 3467; x_wconf 89' lang='lat' dir='ltr'>Quia</span> <span class='ocrx_word' id='word_1_529' title='bbox 1405 3414 1463 3459; x_wconf 87' lang='lat' dir='ltr'>ob</span> <span class='ocrx_word' id='word_1_530' title='bbox 1495 3415 1783 3460; x_wconf 90' lang='lat' dir='ltr'>devotionem</span> <span class='ocrx_word' id='word_1_531' title='bbox 1855 3449 1862 3458; x_wconf 95' lang='lat'><strong>.</strong></span> <span class='ocrx_word' id='word_1_532' title='bbox 1928 3449 1936 3458; x_wconf 92' lang='lat'>.</span> <span class='ocrx_word' id='word_1_533' title='bbox 2001 3449 2010 3458; x_wconf 90' lang='lat'><strong>.</strong></span> <span class='ocrx_word' id='word_1_534' title='bbox 2074 3447 2083 3456; x_wconf 91' lang='lat'><strong><em>.</em></strong></span> <span class='ocrx_word' id='word_1_535' title='bbox 2176 3416 2233 3459; x_wconf 90' lang='lat'>29</span> 
     </span>
     <span class='ocr_line' id='line_1_132' title="bbox 1261 3487 2083 3541; baseline 0 -10"><span class='ocrx_word' id='word_1_536' title='bbox 1261 3487 1376 3541; x_wconf 91' lang='lat' dir='ltr'>Quia</span> <span class='ocrx_word' id='word_1_537' title='bbox 1406 3487 1464 3532; x_wconf 93' lang='lat' dir='ltr'>ob</span> <span class='ocrx_word' id='word_1_538' title='bbox 1494 3489 1796 3533; x_wconf 86' lang='lat' dir='ltr'>reverentiam</span> <span class='ocrx_word' id='word_1_539' title='bbox 1854 3522 1863 3532; x_wconf 92' lang='lat'>.</span> <span class='ocrx_word' id='word_1_540' title='bbox 1927 3522 1936 3531; x_wconf 96' lang='lat'><strong>.</strong></span> <span class='ocrx_word' id='word_1_541' title='bbox 2002 3522 2009 3531; x_wconf 95' lang='lat'><strong><em>.</em></strong></span> <span class='ocrx_word' id='word_1_542' title='bbox 2075 3521 2083 3531; x_wconf 93' lang='lat'>.</span> 
     </span>
     <span class='ocr_line' id='line_1_133' title="bbox 1261 3560 2231 3614; baseline 0.002 -10"><span class='ocrx_word' id='word_1_543' title='bbox 1261 3561 1375 3614; x_wconf 92' lang='lat' dir='ltr'>Quia</span> <span class='ocrx_word' id='word_1_544' title='bbox 1406 3560 1543 3606; x_wconf 90' lang='lat' dir='ltr'>officii</span> <span class='ocrx_word' id='word_1_545' title='bbox 1572 3562 1716 3606; x_wconf 89' lang='lat' dir='ltr'>nostri</span> <span class='ocrx_word' id='word_1_546' title='bbox 1746 3565 1817 3606; x_wconf 88' lang='lat' dir='ltr'>est</span> <span class='ocrx_word' id='word_1_547' title='bbox 1853 3594 1862 3604; x_wconf 91' lang='lat'><strong>.</strong></span> <span class='ocrx_word' id='word_1_548' title='bbox 1925 3595 1935 3606; x_wconf 90' lang='lat'><strong>.</strong></span> <span class='ocrx_word' id='word_1_549' title='bbox 2000 3595 2009 3604; x_wconf 91' lang='lat'><strong>.</strong></span> <span class='ocrx_word' id='word_1_550' title='bbox 2074 3594 2083 3604; x_wconf 90' lang='lat'><strong>.</strong></span> <span class='ocrx_word' id='word_1_551' title='bbox 2146 3562 2231 3606; x_wconf 92' lang='lat'>227</span> 
     </span>
     <span class='ocr_line' id='line_1_134' title="bbox 1262 3634 2232 3688; baseline 0.001 -10"><span class='ocrx_word' id='word_1_552' title='bbox 1262 3635 1377 3688; x_wconf 90' lang='lat' dir='ltr'>Quia</span> <span class='ocrx_word' id='word_1_553' title='bbox 1406 3636 1662 3680; x_wconf 91' lang='lat' dir='ltr'>serenitatis</span> <span class='ocrx_word' id='word_1_554' title='bbox 1691 3639 1872 3680; x_wconf 88' lang='lat' dir='ltr'>vestrae</span> <span class='ocrx_word' id='word_1_555' title='bbox 1925 3668 1934 3678; x_wconf 91' lang='lat'><strong>.</strong></span> <span class='ocrx_word' id='word_1_556' title='bbox 1999 3667 2008 3677; x_wconf 88' lang='lat'><strong>.</strong></span> <span class='ocrx_word' id='word_1_557' title='bbox 2074 3667 2082 3677; x_wconf 91' lang='lat'>.</span> <span class='ocrx_word' id='word_1_558' title='bbox 2175 3634 2232 3679; x_wconf 90' lang='lat'>58</span> 
     </span>
     <span class='ocr_line' id='line_1_135' title="bbox 1263 3707 2232 3762; baseline 0 -10"><span class='ocrx_word' id='word_1_559' title='bbox 1263 3708 1377 3762; x_wconf 91' lang='lat' dir='ltr'>Quia</span> <span class='ocrx_word' id='word_1_560' title='bbox 1408 3709 1647 3753; x_wconf 92' lang='lat' dir='ltr'>sollicitum</span> <span class='ocrx_word' id='word_1_561' title='bbox 1676 3712 1723 3753; x_wconf 88' lang='lat' dir='ltr'>te</span> <span class='ocrx_word' id='word_1_562' title='bbox 1754 3709 1811 3753; x_wconf 92' lang='lat' dir='ltr'>de</span> <span class='ocrx_word' id='word_1_563' title='bbox 1851 3741 1860 3751; x_wconf 90' lang='lat'><strong><em>.</em></strong></span> <span class='ocrx_word' id='word_1_564' title='bbox 1926 3741 1936 3751; x_wconf 92' lang='lat'><strong>.</strong></span> <span class='ocrx_word' id='word_1_565' title='bbox 2000 3740 2008 3750; x_wconf 91' lang='lat'>.</span> <span class='ocrx_word' id='word_1_566' title='bbox 2074 3740 2084 3750; x_wconf 91' lang='lat'><em>.</em></span> <span class='ocrx_word' id='word_1_567' title='bbox 2145 3707 2232 3752; x_wconf 87' lang='lat'>229</span> 
     </span>
    </p>
   </div>
  </div>
 </body>
</html>
