2730 4198
534 280 643 335 592
1181 294 1437 333 BONITHO
1477 295 1553 331 AD
1592 293 1818 332 AMICUM

535 415 759 466 mittente
783 412 899 465 Deo
930 412 1153 465 Romam
1177 429 1359 463 venero
1377 407 1403 434 ‘⁶
1428 421 1518 464 cet.
1577 410 1652 463 Et
1675 411 1799 462 haec
1827 411 2034 479 quidem
2058 413 2274 463 mutatio
2302 428 2469 480 quan-

535 511 722 562 tumvis
768 511 835 560 sit
880 510 937 559 in
984 518 1090 560 tam
1133 508 1290 575 yravi
1332 516 1658 558 monumento
1699 507 2075 575 vituperanda,
2127 508 2471 559 excusationis

534 614 703 657 tamen
743 605 912 655 causis
940 620 1044 654 non
1072 603 1312 653 caruerit.
1371 600 1447 653 At
1472 611 1653 654 contra
1678 603 1780 653 ista
1805 603 2088 653 iuramenti
2110 601 2294 653 verba:
2337 602 2471 669 „lio-

532 718 735 763 norem,
787 716 936 767 quem
972 716 1110 748 nunc
1147 697 1300 749 habes
1341 707 1388 749 et
1420 715 1518 766 per
1554 715 1634 748 me
1671 697 1942 748 habiturus
1983 693 2123 748 eris“
2159 699 2474 766 pravissime

535 794 826 863 deformata
864 794 927 845 ab
968 811 1024 845 eo
1063 803 1198 845 sunt.
1258 792 1403 844 Nam
1441 811 1557 844 cum
1595 810 1656 844 ex
1683 810 1757 856 e0,
1800 810 1950 861 quem
1974 803 2172 844 secutus
2201 803 2272 844 est
2296 793 2472 844 Deus-

535 892 699 954 dedit,
741 890 950 941 dicendi
984 907 1125 940 more
1162 890 1238 940 sic
1277 890 1325 940 ei
1360 889 1686 939 scribendum
1708 888 1934 956 fuisset:
1979 888 2281 954 „honorem
2324 906 2473 956 quem

534 1003 672 1037 nunc
720 980 895 1036 habet¹
934 995 980 1036 et
1009 1003 1108 1053 per
1147 979 1288 1035 eum2
1328 984 1597 1036 habiturus
1639 986 1735 1035 erit
1749 980 1795 1048 “,
1845 983 2076 1052 neylecta
2111 1001 2328 1052 prorsus
2368 983 2474 1052 leqe

531 1082 877 1150 yrammatica
905 1081 1114 1148 posuit:
1166 1079 1480 1146 „honorem,
1525 1096 1674 1148 quem
1711 1073 1887 1131 habet3
1929 1089 1975 1131 et
2012 1081 2107 1148 qui
2143 1072 2285 1130 eum4
2323 1078 2472 1131 habi-

510 1174 683 1228 'turus
724 1170 884 1227 est“⁵.
957 1174 1158 1243 Itaque,
1201 1193 1302 1244 quo
1341 1177 1710 1245 imperatoriae
1749 1176 2072 1227 auctoritatis
2111 1193 2312 1226 summa
2351 1192 2472 1226 con-

293 2546 469 2583 Formula

256 2597 505 2634 Deusdedsta-

357 2660 406 2684 na

257 2816 519 2853 Hocsacra-

283 2869 487 2904 mentum

292 2919 483 2955 invenit

283 2970 496 3017 scriptor

317 3021 456 3057 huius

292 3072 484 3108 libriin

285 3122 495 3159 Saxonia

271 3174 320 3210 in
347 3186 527 3210 mona-.

311 3226 464 3262 sterio

278 3276 499 3323 quod.db

258 3328 386 3364 citur
413 3328 519 3364 Lui-

297 3378 479 3425 neburg

534 1273 691 1323 tineri
726 1270 1024 1334 videbatur,
1066 1271 1125 1321 id
1163 1271 1350 1322 callide
1390 1273 1624 1340 quamvis
1665 1271 1886 1322 barbare
1924 1271 2052 1322 adeo
2091 1280 2345 1322 mutatum
2382 1281 2471 1335 est,

533 1376 591 1418 ut
626 1384 732 1417 non
770 1366 922 1416 modo
962 1364 1193 1416 Iohanni
1220 1384 1401 1434 papae
1439 1368 1529 1418 sed
1551 1368 1658 1418 eius
1686 1366 2062 1418 successoribus
2092 1367 2245 1417 etiam
2273 1366 2474 1435 obliya-

532 1472 675 1514 retur
714 1459 848 1512 Otto.
925 1459 1038 1511 Nec
1075 1460 1180 1511 sibi
1216 1448 1499 1530 temperare
1533 1464 1705 1531 potuit
1741 1462 2056 1526 Deusdedit,
2100 1463 2374 1530 quominus
2413 1462 2477 1513 de

535 1558 722 1608 eisdem
759 1555 1012 1607 Iohannis
1045 1574 1223 1625 papae
1261 1557 1636 1608 successoribus
1677 1559 1829 1608 etiam
1868 1559 2159 1626 expressius
2197 1558 2476 1610 identidem

531 1654 590 1704 in
628 1669 720 1703 suo
759 1653 1048 1702 iuramento
1089 1651 1396 1719 loqueretur.
1471 1650 1686 1721 Quoque
1723 1654 1890 1720 ma9is
1920 1670 2026 1721 pro
2065 1671 2184 1704 vero
2224 1653 2474 1705 adulteri-

532 1766 657 1799 num
706 1765 834 1816 opus
873 1746 1171 1810 haberetur,
1222 1748 1278 1798 in
1316 1749 1553 1816 maryine
1591 1766 1784 1798 summe
1821 1749 2167 1799 necessarium
2203 1748 2298 1800 ltoc
2336 1751 2476 1801 testi-

531 1845 764 1895 monium
802 1843 1040 1894 additum
1079 1851 1175 1893 est:
1218 1842 1377 1909 „Hoc
1415 1853 1794 1895 sacramentum
1830 1844 2028 1894 invenit
2064 1845 2289 1912 scriptor
2324 1844 2477 1896 liuius

535 1939 660 1991 libri
693 1940 751 1990 in
780 1936 1021 1991 Saxonia
1057 1939 1114 1988 in
1140 1941 1451 1990 monasterio
1480 1940 1622 2008 quod
1646 1940 1838 1990 dicitur
1864 1937 2167 2008 Luinebur9
2184 1935 2229 1990 “.
2295 1938 2477 1992 Omnis

534 2044 704 2087 autem
733 2034 1040 2102 formula
1089 2033 1611 2099 Deusdeditana,
1664 2052 1821 2103 quam
1869 2035 2109 2086 Pertzius
2172 2053 2233 2086 ex
2290 2035 2476 2088 biblio-

533 2131 705 2183 thecae
740 2129 1022 2182 Vaticanae
1062 2130 1233 2181 codice
1270 2127 1657 2182 membranaceo
1698 2132 1923 2182 ineuntis
1962 2130 2159 2181 saeculi
2193 2130 2338 2195 XII,
2389 2149 2477 2182 ca·
2542 2120 2545 2123 .

535 2245 732 2278 nonum
782 2225 1124 2277 collectionem
1173 2245 1206 2276 a
1253 2225 1546 2278 Deusdedit
1601 2226 1866 2277 cardinali
1894 2226 2104 2294 factam
2149 2226 2477 2295 comprehen-

535 2324 697 2385 dente,
723 2320 831 2389 fol.
863 2320 969 2373 139
1009 2322 1282 2390 exscripsit
1320 2332 1366 2373 et
1402 2324 1457 2373 in
1494 2323 1729 2373 Monum.
1765 2319 2076 2374 Germaniae
2101 2321 2300 2390 Le9um
2332 2320 2392 2373 T.
2416 2320 2487 2372 II

535 2417 607 2469 29
648 2418 825 2480 edidit,
867 2415 990 2466 haec
1030 2425 1127 2467 est:

912 2531 1355 2584 Iuramentum
1401 2531 1614 2584 futuri
1660 2533 2097 2602 imperatoris.

536 2626 740 2679 Domno
779 2626 996 2679 Iohanni
1033 2644 1170 2696 pape
1214 2627 1591 2680 duodecimo
1630 2645 1725 2680 rex
1765 2627 1884 2681 Otto
1936 2645 2029 2697 per
2074 2645 2170 2680 nos
2218 2628 2381 2681 mittit
2428 2632 2480 2682 et

536 2722 675 2775 iurat
722 2739 816 2792 per
861 2721 1072 2775 Patrem
1122 2726 1173 2775 et
1209 2721 1402 2774 Filium
1452 2727 1503 2775 et
1552 2723 1807 2792 Spiritum
1855 2728 2092 2776 sanctum
2144 2727 2195 2776 et
2242 2740 2335 2793 per
2381 2723 2479 2776 hoc

535 2817 737 2885 lignum
774 2816 977 2871 vivifice
1017 2817 1183 2871 crucis
1225 2821 1276 2870 et
1313 2818 1407 2870 has
1446 2818 1693 2887 reliquias
1734 2823 2055 2872 sanctorum:
2098 2819 2250 2888 quod,
2292 2819 2335 2871 si
2360 2836 2479 2888 per-

536 2914 777 2967 mittente
815 2913 926 2966 Deo
964 2913 1185 2966 Romam
1224 2914 1442 2981 venerit,
1483 2919 1717 2967 sanctam
1755 2914 2046 2985 Romanam
2086 2914 2389 2967 aecclesiam
2428 2917 2480 2966 et

539 3009 759 3062 eundem
789 3010 1036 3062 domnum
1060 3009 1344 3063 Iohannem
1370 3027 1580 3080 papam,
1621 3015 1876 3064 rectorem
1901 3011 2082 3080 ipsius,
2125 3009 2375 3062 exaltabit
2401 3026 2480 3062 se-

538 3106 765 3158 cundum
792 3123 943 3159 suum
969 3122 1139 3175 posse,
1182 3106 1237 3158 si
1276 3106 1488 3158 vivum
1525 3107 1880 3173 invenerit3
1922 3107 2022 3159 sin
2062 3111 2300 3173 autem,
2342 3121 2478 3157 eum

538 3202 648 3270 qui
695 3201 1087 3269 legabiliter
1132 3200 1242 3253 illi
1290 3202 1615 3255 succedet.
1768 3202 1839 3255 Et
1884 3218 2150 3271 nunquam
2189 3200 2351 3253 vitam
2393 3205 2482 3253 aut

536 3297 772 3350 membra
819 3313 987 3365 neque
1036 3297 1212 3367 ipsum
1257 3296 1506 3351 honorem
1557 3315 1737 3367 quem
1793 3298 2014 3364 habet,
2073 3300 2133 3349 et
2189 3296 2298 3363 qui
2345 3312 2481 3349 eum

537 3393 879 3447 habiturus
929 3397 1048 3459 est,
1099 3409 1194 3445 sua
1241 3393 1508 3446 voluntate
1547 3398 1637 3446 aut
1675 3410 1767 3446 suo
1808 3409 2061 3446 consensu
2100 3395 2190 3443 aut
2229 3407 2320 3443 suo
2360 3407 2481 3444 con-

539 3488 654 3541 silio
696 3492 786 3541 aut
824 3505 918 3541 sua
944 3488 1303 3541 exhortatione
1330 3488 1528 3558 perdet,
1568 3505 1774 3558 neque
1811 3489 1955 3557 ipse
1992 3503 2198 3554 neque
2239 3485 2483 3555 aliquis

657 3597 697 3639 1.
728 3595 953 3640 Iohannes
982 3609 1114 3652 papa.
1266 3598 1307 3640 2.
1341 3596 1565 3641 Ottonem.
1716 3598 1757 3639 3.
1789 3595 2024 3639 Iohannes.
2174 3595 2216 3638 4.
2250 3594 2480 3639 honorem.

539 3667 580 3711 5.
613 3680 675 3711 sc.
707 3672 812 3723 post
840 3668 1085 3713 Iohannem
1114 3682 1294 3725 papam.
