2722 4172
507 264 612 316 180
1001 278 1276 317 GREGORII
1314 278 1392 314 vn
1429 277 1693 316 REGISTRI
1730 279 1773 315 11
1799 278 1860 316 59.
1889 279 1950 316 so,

341 398 456 444 1075
501 393 669 448 fessus
707 395 880 463 fuerit,
918 398 1099 448 nostra
1138 394 1444 447 auctoritate
1484 394 1777 447 statuimus,
1837 394 2201 466 Praepositum
2236 396 2320 450 vel
2359 397 2448 451 ab·

321 459 430 498 Mm‘
450 461 473 498 ⁹
503 489 677 544 batem
716 507 807 544 seu
846 490 1121 544 cuiuslibet
1155 489 1558 559 dispensationis
1586 489 1966 545 ecclesiasticae
1991 493 2306 560 ministrum,
2345 493 2450 546 nisi

502 602 656 654 quem
696 586 984 640 communis
1025 586 1206 639 electio
1246 586 1467 638 fratrum
1509 584 1818 652 regulariter
1842 587 2128 641 viventium
2164 605 2287 642 suae
2326 605 2448 658 pro-

499 681 739 735 fessionis
799 682 1082 735 secundum
1129 682 1300 735 Deum
1358 681 1594 748 elegerit,
1656 681 1800 735 vobis
1859 684 2111 751 praeferri
2165 684 2449 754 apostolica

448 771 451 775 ’
501 777 810 831 auctoritate
847 777 1198 848 prohibemus,
1265 778 1342 831 Ne
1382 777 1496 846 quis
1537 781 1710 829 autem
1750 777 1876 830 haec
1916 795 1946 830 a
1982 779 2130 833 nobis
2172 779 2448 833 salubriter

501 875 698 926 statuta
744 873 940 927 violare
985 878 1312 943 praesumat,
1362 873 1554 926 virtute
1602 873 1767 925 sancti
1817 872 2043 943 Spiritus
2091 879 2143 929 et
2190 879 2447 945 potestate

499 967 649 1021 nobis
691 984 722 1021 a
746 968 857 1023 Deo
898 969 1087 1023 collata
1124 970 1498 1023 interdicimus,
1558 968 1847 1022 Ecclesiam
1885 973 2131 1038 vestram,
2173 988 2328 1039 quam
2354 987 2448 1041 per

498 1062 727 1132 legatum
778 1065 1092 1135 apostolicae
1149 1066 1285 1120 sedis
1333 1065 1657 1119 reconciliari
1705 1065 2008 1134 quaesistiS‚
2060 1066 2293 1135 praefato
2342 1066 2447 1119 filio

499 1164 677 1213 nostro
716 1160 901 1214 Diensi
941 1161 1200 1232 episcopo,
1243 1162 1330 1231 qui
1371 1165 1421 1215 et
1459 1161 1720 1214 Romanus
1761 1166 1814 1214 et
1851 1161 2161 1215 Viennensis
2202 1162 2448 1216 eeclesiae

498 1253 636 1308 filius
665 1260 759 1324 est,
798 1258 1202 1310 consecrandam
1229 1258 1599 1311 commisimus.
1659 1258 1799 1311 Data
1823 1258 2018 1311 Romae
2049 1260 2075 1310 7
2106 1258 2227 1312 Idus
2252 1257 2447 1326 Martii,

498 1350 780 1405 indictione
824 1353 906 1405 13.

498 1520 549 1581 II
584 1525 684 1582 60.
725 1527 906 1581 Ottoni
944 1531 1184 1599 episcopo
1225 1528 1608 1584 Constantiensi
1635 1535 1927 1602 praecipit,
1979 1543 2037 1585 ut
2082 1550 2196 1584 eum
2234 1532 2445 1584 Ecardo

720 1624 902 1676 abbate
937 1624 1198 1694 Auqiensi
1234 1636 1326 1678 aut
1368 1629 1425 1678 in
1469 1630 1701 1697 qratiam
1748 1630 1926 1681 redeat
1971 1640 2063 1681 aut
2112 1629 2315 1680 circiter
2363 1628 2447 1679 die

721 1720 751 1772 1
793 1718 1106 1771 Novembris
1149 1721 1372 1772 Romam
1411 1724 1635 1776 accedat.

320 1837 436 1882 1075
646 1826 927 1896 Gregorius
977 1829 1250 1900 episcopus
1299 1848 1480 1884 servus
1529 1849 1799 1886 servorum
1837 1832 1936 1886 Dei
1976 1832 2154 1887 Ottoni
2193 1831 2450 1886 Constan-

291 1898 399 1935 ΜΨ·
419 1899 467 1934 ¹3
495 1924 651 1978 tiensi
691 1925 935 1996 episcopo
976 1925 1198 1979 salutem
1237 1931 1289 1980 et
1329 1928 1670 1997 apostolicam
1710 1928 2140 1982 benedictionem.

647 2019 792 2075 Sicut
829 2025 921 2075 tua
959 2039 1117 2091 super
1153 2022 1357 2076 Ecardo
1397 2023 1583 2077 abbate
1622 2023 1882 2092 Augensis
1921 2025 2242 2093 monasterii,
2282 2025 2357 2078 ita
2395 2029 2447 2078 et

493 2116 633 2170 illius
675 2134 831 2188 super
869 2121 921 2170 te
959 2118 1109 2172 nobis
1150 2122 1229 2172 est
1262 2119 1410 2172 illata
1437 2120 1776 2188 querimonia.
1839 2121 2032 2174 Verum
2061 2121 2180 2189 quia
2205 2137 2300 2174 nos
2325 2120 2446 2174 fati-

495 2213 790 2281 gationibus
832 2214 1018 2267 vestris
1057 2231 1271 2284 parcere
1299 2216 1554 2285 cupimus,
1596 2216 1909 2270 consulendo
1936 2217 2245 2270 mandamus
2270 2216 2441 2270 vobis:

494 2313 554 2362 ut
591 2310 855 2378 utrimque
894 2326 1194 2364 communes
1234 2311 1428 2364 amicos
1469 2316 1520 2364 et
1559 2313 1820 2381 sapientes
1859 2313 1998 2366 viros
2026 2312 2262 2366 veritatis
2302 2327 2444 2364 ama-

496 2408 652 2473 tores,
691 2405 923 2459 iustitiae
961 2406 1128 2474 magis
1169 2423 1325 2475 quam
1364 2407 1623 2460 amicitiae
1660 2408 1910 2476 faventeS‚
1952 2407 2268 2474 convocetis3
2317 2423 2443 2476 quo—

495 2517 613 2554 rum
664 2501 908 2569 consiliO,
967 2506 1259 2571 opportuno
1309 2506 1543 2572 tempore
1592 2508 1642 2557 et
1688 2503 1799 2557 loco
1849 2504 2238 2571 convenienteS,
2295 2503 2442 2556 litem

498 2600 725 2650 vestram
765 2597 944 2666 aequis
981 2597 1270 2651 rationibus
1320 2602 1371 2651 et
1418 2598 1593 2668 aliqua
1631 2615 1860 2667 congrua
1896 2601 2136 2670 pactione
2175 2599 2352 2652 dirimi
2388 2599 2443 2652 in

497 2708 769 2746 commune
810 2709 1082 2746 assensum
1121 2694 1269 2747 detis.
1331 2693 1479 2757 Quod
1517 2695 1562 2747 si
1599 2696 1825 2765 peccatis
1865 2695 2174 2750 facientibus
2200 2694 2315 2749 fieri
2352 2711 2443 2748 ne-

498 2792 678 2856 queat,
728 2789 1070 2843 commonitos
1109 2806 1201 2842 vos
1253 2807 1317 2842 ex
1364 2791 1629 2860 praesenti
1679 2792 1986 2844 auctoritate
2034 2808 2146 2845 esse
2183 2791 2439 2858 volumuS‚

495 2887 555 2936 ut
592 2884 730 2937 circa
765 2884 1107 2939 festivitatem
1146 2886 1378 2938 omnium
1426 2883 1752 2940 sanctorum¹
1792 2887 1942 2940 ambo
1984 2888 2050 2940 ad
2088 2887 2441 2957 apostolorum

493 2978 678 3032 limina
714 2980 952 3049 veniatiS,
996 2985 1250 3050 quatenus
1290 2986 1549 3036 annuente
1575 2982 1687 3036 Deo
1715 3000 1925 3037 causam
1952 2987 2180 3037 vestram
2206 2981 2442 3049 diligenti

496 3075 882 3130 examinatione
921 3076 1259 3130 discutiamus
1301 3083 1353 3131 et
1390 3078 1690 3132 diuturnam
1723 3080 2035 3133 discordiam
2061 3079 2198 3131 iusto
2223 3076 2325 3131 fine
2352 3077 2440 3131 de-

495 3171 744 3225 cidamus
803 3171 1020 3226 Interim
1057 3189 1179 3226 vero
1218 3174 1588 3244 praecipimus,
1628 3179 1702 3243 ut,
1743 3176 1886 3228 omni
1923 3175 2014 3228 lite
2052 3175 2188 3227 inter
2225 3190 2317 3227 vos
2357 3190 2439 3226 so-

494 3267 622 3336 pita,
663 3268 812 3336 quasi
850 3285 945 3339 per
983 3285 1198 3322 manum
1234 3269 1374 3323 beati
1399 3269 1543 3324 Petri
1580 3276 1633 3324 et
1668 3275 1901 3324 nostram
1938 3270 2090 3323 firma
2125 3286 2231 3339 pax
2267 3269 2440 3339 posita

496 3366 651 3430 atque
690 3364 928 3418 condicta
970 3369 1234 3433 teneatur,
1284 3370 1343 3418 ut
1388 3370 1576 3419 neutra
1621 3383 1743 3436 pars
1793 3366 2011 3419 alteram
2055 3365 2310 3418 molestiis
2355 3364 2440 3418 vel

496 3459 863 3514 contrarietate
910 3477 1194 3531 provocare
1242 3465 1332 3514 aut
1378 3461 1668 3530 inquietare
1716 3461 1918 3515 audeat.
1986 3460 2094 3514 Nec
2138 3460 2253 3515 leve
2289 3460 2436 3515 vobis

494 3552 749 3623 videatur,
787 3559 934 3610 tanto
973 3557 1259 3611 mediatore
1284 3557 1610 3627 interpositO,
1649 3556 1793 3627 pacis
1821 3557 1938 3610 iura
1962 3556 2270 3624 dissolvere3
2310 3573 2437 3627 quo-

613 3662 653 3706 1.
685 3674 724 3707 c.
747 3662 861 3708 Nov.
885 3665 925 3708 1.
