2730 4198
273 778 388 822 1078

252 837 343 876 Dec.
364 838 413 876 30

448 247 554 299 346
965 259 1237 298 GREGORII
1275 259 1354 295 vn
1392 258 1655 296 REGISTRI
1691 259 1750 295 VI
1778 259 1838 295 14.

445 371 524 434 VI
554 376 649 434 14.
689 378 968 446 Welfonem
1005 377 1184 428 ducem
1209 376 1476 428 Bavariae
1506 373 1580 440 (et
1605 377 1871 447 episcopm
1908 376 2185 446 quosdam)
2211 378 2390 431 scribit

685 483 864 525 contra
910 490 962 524 86
1007 490 1114 524 non
1163 490 1268 524 6886
1313 481 1753 536 murmuraturos,
1803 474 1852 525 si
1893 483 2177 543 respectum
2221 475 2293 525 ad
2329 491 2390 526 ea

685 568 921 633 habeant,
964 585 1098 637 quae
1135 568 1198 620 de
1222 569 1374 637 requi
1400 566 1793 637 perturbatione
1816 570 1872 620 in
1899 569 2050 621 huius
2077 571 2208 622 anni
2230 587 2386 639 syno-

683 665 764 716 dis
803 674 920 716 acta
956 665 1075 716 sint.

591 771 870 842 Gregorius
918 773 1191 844 episcopus
1249 788 1428 826 servus
1476 787 1745 825 servorum
1794 770 1895 826 Dei
1941 770 2195 827 Welfoni¹
2240 771 2386 829 duci'

442 868 664 923 salutem
703 873 754 923 et
792 868 1132 939 apostolicam
1168 868 1595 922 benedictionem.

592 963 647 1018 Si
696 964 972 1032 diligenter
1019 964 1302 1018 secundum
1360 964 1675 1033 aequitatem
1720 961 2032 1034 pontificalis
2081 962 2237 1018 officii
2283 981 2388 1019 non

443 1060 727 1114 secundum
765 1060 1034 1130 propriam
1071 1059 1393 1114 voluntatem
1430 1059 1777 1130 perpenditiS,
1819 1076 1951 1128 quae
1991 1059 2210 1128 agimuS,
2257 1077 2388 1129 quae

442 1155 662 1209 dicimus
702 1155 765 1209 de
804 1155 1066 1209 communi
1103 1155 1317 1224 negocio
1355 1155 1517 1208 immo
1555 1155 1788 1209 maxima
1816 1155 2208 1225 perturbatione
2239 1156 2389 1224 regni

440 1251 619 1320 vestri,
657 1254 838 1305 contra
862 1268 956 1305 nos
982 1259 1115 1305 non⁶
1143 1250 1561 1318 murmurabitis3
1602 1251 1710 1319 sed,
1749 1268 1843 1321 per
1883 1251 2021 1304 viam
2058 1256 2269 1322 patrum
2294 1269 2388 1306 no-

442 1350 671 1400 strorum
717 1363 812 1399 nos
863 1346 1103 1400 incedere
1150 1346 1262 1400 Deo
1316 1346 1445 1400 duce
1500 1347 1702 1401 meritis
1759 1347 1900 1401 beati
1946 1346 2089 1401 Petri
2147 1347 2385 1417 apostoli,

440 1442 777 1510 cognoscetis,
836 1441 1166 1512 Perpendite,
1207 1441 1344 1510 quod
1382 1446 1591 1495 sanctus
1619 1441 1847 1513 Spiritus
1884 1460 1979 1513 per
2015 1460 2110 1496 nos
2147 1442 2270 1497 licet
2306 1443 2387 1496 in-

441 1538 625 1605 dignos
665 1538 908 1606 dignatus
949 1541 1027 1591 est
1062 1538 1119 1590 in
1158 1541 1340 1591 sancta
1378 1538 1574 1608 synodo
1611 1538 1711 1591 hoc
1747 1538 1804 1591 in
1831 1555 1964 1592 anno
1990 1538 2153 1593 Rome
2177 1539 2232 1593 in
2259 1556 2386 1609 qua-

441 1633 736 1700 dragesima
781 1632 1043 1687 celebrata
1090 1637 1342 1702 statuere,
1403 1638 1455 1687 et
1501 1634 1838 1702 cognoscitiS‚
1899 1639 2150 1704 quantum
2196 1635 2384 1704 valeat,

440 1733 691 1798 quantum
728 1729 897 1799 possit
935 1729 1217 1783 auctoritas
1257 1732 1310 1783 et
1345 1731 1577 1799 potestas
1615 1729 1756 1783 beati
1790 1729 1951 1784 Petri.
2015 1730 2174 1798 Agite
2209 1731 2409 1800 itaque-

440 1825 786 1896 omnipotenti
823 1824 935 1879 Deo
976 1829 1030 1879 et
1066 1824 1217 1879 beato
1256 1824 1413 1879 Petro
1463 1841 1670 1895 semper
1715 1829 1888 1893 grates
1928 1829 2003 1895 et,
2053 1842 2159 1879 non
2207 1830 2387 1880 contra

436 1938 532 1975 nos
573 1921 948 1975 murmurando
987 1921 1079 1975 sed
1116 1921 1269 1975 beato
1295 1920 1451 1975 Petro
1478 1920 1674 1989 gratias
1699 1921 1988 1991 referendO,
2026 1921 2244 1975 meliora
2269 1938 2386 1992 spe-

436 2021 565 2072 rate.
643 2016 803 2071 Michi
843 2017 1053 2085 credite,
1092 2017 1283 2071 fratres
1322 2017 1608 2086 carissimi,
1651 2018 1796 2086 quia,
1838 2018 1928 2088 qui
1966 2017 2030 2072 de
2067 2017 2296 2072 falsitate
2335 2021 2388 2072 et

437 2114 722 2168 calliditate
759 2130 863 2167 non
902 2113 966 2167 de
1003 2113 1208 2167 iustitia
1246 2117 1298 2167 et
1336 2113 1671 2184 simplicitate
1709 2111 1999 2181 confidunt,
2048 2113 2258 2166 omnino
2297 2113 2385 2168 de-

436 2210 611 2264 cident
659 2214 711 2264 et
755 2210 850 2263 hos
898 2209 1039 2264 beati
1086 2209 1231 2264 Petri
1279 2209 1482 2278 gladius
1532 2209 1827 2263 devorando
1878 2208 2173 2262 confundet.
2252 2208 2385 2272 Quid

438 2310 611 2360 autem
652 2306 722 2359 sit
761 2309 935 2359 actum
972 2306 1030 2358 in
1069 2305 1507 2374 quadragesimali
1545 2305 1760 2375 synod0,
1801 2305 1911 2358 sive
1934 2305 1991 2357 in
2021 2321 2097 2372 ea,
2136 2321 2287 2373 quam
2327 2304 2384 2357 in

436 2419 614 2456 mense
639 2401 924 2456 Novembri
947 2401 1183 2470 fecimuS,
1213 2401 1375 2455 vestri
1402 2400 1581 2455 fideles
1610 2402 1697 2470 qui
1723 2401 2073 2455 interfuerunt
2099 2404 2151 2454 et
2174 2404 2384 2454 nostrae

436 2498 642 2552 litterae
679 2497 826 2551 vobis
865 2497 1056 2551 missae
1103 2497 1335 2551 indicare
1380 2500 1615 2567 possunt.
1675 2497 1780 2550 Vos
1831 2500 2030 2565 autem,
2081 2496 2145 2549 de
2183 2496 2386 2550 iustitia

437 2593 752 2648 confidentes
780 2597 832 2647 et
858 2593 921 2647 de
948 2593 1088 2647 beati
1113 2592 1257 2646 Petri
1283 2592 1540 2647 adiutorio
1566 2597 1977 2663 praesumenteS,
2018 2592 2385 2646 confortamini

435 2691 509 2743 in⁷
529 2689 754 2743 Domino
794 2693 847 2744 et
881 2690 938 2742 in
976 2689 1212 2759 potentia
1247 2689 1456 2743 virtutis
1497 2689 1633 2756 eius;
1685 2690 1831 2758 quia,
1879 2689 1923 2742 si
1960 2687 2102 2741 fideli
2138 2688 2293 2742 corde
2333 2691 2385 2742 61

437 2786 614 2840 stabili
650 2785 763 2839 Deo
805 2785 1161 2854 adhaeseritiS,
1202 2785 1305 2838 cito
1343 2785 1489 2839 vobis
1527 2786 1747 2839 victoria
1784 2788 1836 2839 et
1872 2802 1979 2856 pax
2018 2783 2281 2838 arridebit.

585 2881 925 2952 Omnipotens
945 2881 1088 2934 Deus
1115 2881 1315 2934 meritis
1341 2881 1523 2935 beatae
1544 2880 1742 2936 Mariae
1768 2882 2028 2935 coelorum
2054 2881 2264 2948 reginae
2287 2895 2382 2950 per

437 2978 796 3032 auctoritatem
826 2978 966 3031 beati
990 2976 1134 3031 Petri
1161 2977 1516 3047 apostolorum
1540 2977 1811 3048 principiS,
1838 2977 1968 3030 mihi
1991 2976 2149 3030 valde·
2166 2975 2380 3043 indigno

435 3074 783 3142 commissam,
810 3077 864 3127 te
889 3078 1109 3142 tuosque
1137 3090 1315 3127 omnes
1343 3074 1526 3142 806108,
1556 3074 1645 3142 qui
1669 3074 1925 3127 iustitiam
1952 3072 2138 3126 amatis
2167 3075 2218 3125 et
2242 3071 2382 3125 beati

433 3169 576 3224 Petri
625 3170 803 3224 sedem
851 3169 1094 3238 diligitis,
1145 3186 1176 3222 a
1213 3170 1412 3223 cunctis
1450 3170 1677 3240 peccatis
1726 3169 1963 3223 absolvat
2007 3171 2059 3222 et
2104 3167 2169 3220 ad
2217 3167 2380 3220 vitam

435 3270 702 3320 aeternam
727 3266 994 3337 perducat.
1045 3265 1185 3320 Data
1209 3265 1372 3320 Rome
1399 3267 1432 3319 3
1458 3265 1719 3320 Kalendas
1744 3264 1990 3332 Ianuarii,
2016 3263 2299 3316 indictione
2327 3264 2376 3316 2.

552 3380 584 3406 a.
619 3380 697 3407 non
723 3384 794 3406 om.
816 3370 901 3406 cod.

553 3441 591 3483 1.
626 3441 724 3495 (IV)
756 3440 861 3484 duci
890 3439 1127 3484 Bavariae.
1259 3441 1301 3484 2.
1334 3440 1647 3497 episcoporum
1677 3437 1958 3495 quorundam
1989 3436 2172 3481 nomina
2202 3435 2274 3480 hic
2304 3449 2380 3481 ex-

433 3512 598 3556 cidisse
628 3513 770 3569 liquet
798 3526 856 3558 ex
885 3514 953 3570 iis,
986 3526 1102 3569 quae
1133 3517 1397 3569 sequuntur,
1428 3511 1601 3557 verbis:
1637 3510 1719 3568 „si
1746 3535 1800 3542 —
1825 3510 2074 3554 secundum
2106 3510 2380 3566 aequitatem

432 3584 701 3642 pontificalis
717 3585 853 3631 officii
870 3612 925 3618 —
941 3585 1246 3643 perpenditis“
1261 3601 1273 3643 3
1296 3589 1343 3630 et
1356 3598 1413 3630 ex
1428 3585 1522 3630 his:
1546 3584 1708 3642 „Michi
1733 3583 1918 3641 credite,
1935 3581 2097 3628 fratres
2115 3582 2378 3629 carissimi“.
