2722 4172
509 268 614 321 170
984 283 1257 322 GREGORII
1294 284 1374 321 vn
1409 282 1673 322 REGISTRI
1710 285 1753 322 11
1779 284 1840 322 52.
1868 286 1958 323 5251..

329 403 444 448 1075
505 399 817 453 sententiam
863 399 1106 470 protulit,
1164 403 1347 453 nostra
1393 399 1679 470 apostolica
1726 402 2032 457 auctoritate
2087 402 2445 458 confirmatam

297 462 406 501 Febr'
426 465 474 502 28
505 512 617 549 esse
655 512 958 564 cognoscas3
1000 498 1053 548 61
1087 511 1192 548 non
1232 495 1398 549 solum
1437 500 1506 564 te,
1547 496 1637 566 qui
1661 499 1837 551 tantae
1862 500 2300 570 praesumptionis
2338 500 2444 554 dux

503 595 555 645 61
593 595 771 644 auctor
809 608 880 659 68,
921 590 1012 644 sed
1039 608 1234 660 01111168,
1276 592 1364 660 qui
1389 592 1445 644 in
1470 593 1659 662 rapina
1685 597 1737 646 et
1762 593 2164 664 depraedatione
2188 595 2445 650 bonorum

502 686 747 740 ecclesiae
784 686 868 740 vel
904 687 1234 742 infestatione
1282 687 1585 742 clericorum
1636 688 1808 758 aliquo
1858 690 2012 743 modo
2050 691 2324 745 consilium
2359 690 2444 746 vel

501 782 816 836 adiutorium
854 782 963 836 sive
989 799 1297 836 consensum
1322 784 1419 838 tibi
1445 784 1697 853 dederint,
1736 784 1853 854 pari
1881 786 2224 841 anathematis
2250 787 2442 841 iudicio

499 878 867 932 condemnatos
915 895 1027 932 esse
1075 879 1225 933 scias.
1302 880 1443 934 Data
1487 880 1683 934 Romae
1730 881 1787 933 in
1835 880 2058 951 synod0,
2109 883 2142 936 2
2180 882 2441 937 Kalendas

498 972 691 1043 Martii,
729 974 1012 1028 indictione
1058 976 1138 1028 13.

497 1145 548 1206 Π
583 1149 660 1207 52
681 1165 731 1207 a.
777 1152 863 1205 De
900 1154 1098 1223 synodo
1141 1153 1399 1205 Romana.

293 1265 408 1309 1075
644 1261 799 1315 Anno
829 1262 892 1316 ab
918 1263 1277 1316 incarnatione
1296 1262 1511 1315 Domini
1529 1262 1807 1316 millesimo
1829 1264 2211 1334 septuagesimo
2239 1268 2440 1335 quarto,

218 1324 325 1363 Febr'
350 1327 467 1364 24'28
497 1356 828 1427 pontificatus
867 1375 990 1411 vero
1030 1358 1208 1411 domni
1234 1357 1473 1427 Gregorii
1512 1376 1681 1429 papae
1720 1360 1943 1413 secundo
1957 1369 1991 1428 ⁸,
2031 1361 2315 1415 indictione
2357 1363 2440 1430 13,

498 1453 781 1507 celebravit
817 1454 931 1523 ipse
971 1454 1190 1507 domnus
1218 1453 1499 1522 Gregorius
1538 1472 1678 1525 papa
1712 1455 1875 1509 Rome
1915 1457 2171 1526 synodum
2211 1474 2242 1510 a
2277 1459 2309 1510 6
2337 1456 2442 1510 Κ6-

495 1549 676 1602 lendas
715 1548 893 1602 Martii
931 1565 1095 1617 usque
1132 1550 1189 1602 in
1229 1553 1261 1614 2
1288 1550 1549 1603 Kalendas
1576 1551 1832 1620 praedicti
1869 1552 2080 1605 mensis
2141 1552 2243 1606 Ubi
2279 1553 2441 1606 inter-

493 1644 594 1696 fuit
633 1644 1142 1714 archiepiscoporum
1182 1646 1546 1716 episcoporum
1593 1650 1645 1699 et
1683 1646 1930 1700 abbatum
1967 1647 2246 1702 multitudo
2285 1652 2440 1718 atque

495 1740 688 1793 diversi
727 1740 922 1793 ordinis
961 1740 1268 1795 clericorum
1307 1745 1358 1794 et
1393 1741 1647 1795 laicorum
1685 1742 1849 1812 copia.

640 1835 701 1888 In
741 1853 867 1904 qua,
907 1836 1046 1890 inter
1084 1842 1257 1890 cetera
1295 1837 1505 1891 decreta
1552 1855 1684 1906 quae
1720 1838 1795 1892 ibi
1832 1842 1980 1906 gesta
2018 1842 2163 1908 sunt,
2213 1839 2440 1909 quinque

493 1933 557 1985 de
595 1932 797 1985 familia
843 1933 980 2000 regis
1021 1932 1450 2002 Teutonicorum,
1500 1950 1720 2003 quorum
1767 1934 1981 1988 consilio
2031 1933 2278 1990 ecclesiae
2314 1952 2440 1990 ven-

493 2029 704 2097 duntur,
747 2045 778 2082 a
814 2029 1082 2083 liminibus
1123 2033 1331 2083 sanctae
1372 2030 1617 2084 ecclesiae
1648 2031 1927 2101 separavit,
1965 2031 2042 2084 ita
2067 2036 2139 2100 ut,
2180 2032 2224 2085 si
2251 2032 2440 2086 abinde

490 2141 655 2193 usque
695 2125 762 2178 ad
786 2124 1046 2178 Kalendas
1085 2124 1261 2179 Iunias
1296 2125 1518 2180 Romam
1554 2143 1661 2180 non
1698 2128 1937 2181 venirent
1974 2131 2027 2181 et
2048 2127 2439 2197 satisfacerent,

493 2221 931 2274 excommunicati
969 2221 1300 2275 haberentur.

638 2316 913 2387 Philippus
931 2313 944 2337 ¹
966 2333 1061 2370 rex
1086 2317 1423 2386 Francorum,
1463 2318 1509 2371 si
1542 2318 1746 2371 nunciis
1772 2335 1942 2388 papae
1970 2318 2036 2371 ad
2063 2317 2259 2372 Gallias
2285 2319 2437 2373 ituris

492 2413 556 2466 de
602 2413 956 2467 satisfactione
1013 2431 1109 2467 sua
1164 2418 1216 2467 61
1272 2414 1632 2468 emendatione
1688 2415 2022 2468 securitatem
2076 2431 2184 2468 non
2237 2415 2436 2484 fecerit,

490 2509 745 2563 habeatur
783 2510 1275 2563 excommunicatus,

637 2605 920 2660 Lemarum
938 2605 1272 2659 Bremenscm
1294 2605 1740 2676 archiepiscopum
1765 2622 1861 2676 pro
1880 2605 2233 2660 inobedientia
2257 2622 2438 2677 super-

492 2704 608 2757 biae
648 2719 770 2755 suae
798 2702 861 2755 ab
899 2701 1183 2772 episcopali
1219 2699 1387 2755 officio
1415 2702 1687 2771 suspendit
1724 2706 1776 2755 61
1801 2719 1832 2755 6
1858 2719 2074 2772 corpore
2110 2707 2162 2757 61
2186 2703 2437 2771 sanguine

491 2799 706 2852 Domini
739 2798 1027 2852 interdixit.
1088 2795 1436 2851 Guarnerium
1464 2796 1929 2879 Strazburgensem
1960 2799 2023 2852 ab
2065 2799 2347 2869 episcopali
2385 2803 2438 2852 et

492 2893 800 2948 sacerdotali
850 2892 1017 2946 officio
1066 2893 1353 2963 suspendit.
1439 2893 1741 2947 Heinricum
1792 2893 2092 2964 Spirensem
2147 2894 2432 2965 suspendit.

490 2990 871 3045 Herimannum
894 2989 1397 3058 Babenbergensem,
1438 2990 1483 3043 si
1521 2993 1641 3044 ante
1677 2987 1902 3061 pascha²
1927 3007 2032 3043 non
2056 2990 2258 3044 venerit
2282 2990 2434 3043 satis-

487 3087 737 3154 facturus,
778 3086 1020 3139 similiter
1058 3085 1346 3155 suspendit.

637 3182 768 3236 Item
804 3183 861 3234 in
897 3180 1264 3249 Longobardia
1303 3180 1639 3235 Guilielmum
1667 3181 1980 3251 Papiensem
2018 3184 2070 3234 et
2095 3180 2434 3234 Cunibertum
2503 3164 2506 3167 .

491 3278 866 3331 Taurinensem
905 3278 1192 3347 suspendit.
1251 3277 1548 3330 Dionisium
1584 3277 1946 3331 Placentinum
1984 3276 2237 3346 deposuit.

637 3373 922 3427 Robertum
960 3374 1143 3427 ducem
1169 3373 1395 3443 Apuliae
1420 3374 1526 3426 iam
1554 3373 2050 3426 anathematizatum
2076 3375 2128 3425 et
2150 3371 2431 3425 Robertum

492 3468 556 3521 de
592 3465 886 3537 Loritello³,
933 3470 1201 3523 invasores
1239 3469 1495 3523 bonorum
1536 3469 1703 3522 sancti
1738 3467 1898 3534 Petri,
1946 3467 2430 3522 excommunicavit.

606 3581 639 3607 a.
677 3571 832 3608 secundi
864 3586 894 3608 c.

610 3636 650 3678 1.
681 3635 717 3677 Ι.
818 3635 859 3678 2.
891 3634 1001 3690 Apr.
1024 3635 1065 3678 5.
1162 3636 1205 3679 3.
1237 3638 1448 3691 nepotem
1470 3633 1656 3678 Roberti
1675 3633 1913 3679 Wiscardi.
1945 3634 2001 3679 V.
2023 3634 2075 3678 L.
2095 3633 2203 3679 VIH
2223 3633 2279 3678 27
2301 3631 2430 3678 infra.
