<?xml version="1.0" encoding="UTF-8"?>
<!DOCTYPE html PUBLIC "-//W3C//DTD XHTML 1.0 Transitional//EN"
    "http://www.w3.org/TR/xhtml1/DTD/xhtml1-transitional.dtd">
<html xmlns="http://www.w3.org/1999/xhtml" xml:lang="en" lang="en">
 <head>
  <title>
</title>
<meta http-equiv="Content-Type" content="text/html;charset=utf-8" />
  <meta name='ocr-system' content='tesseract 3.04.00' />
  <meta name='ocr-capabilities' content='ocr_page ocr_carea ocr_par ocr_line ocrx_word'/>
</head>
<body>
  <div class='ocr_page' id='page_1' title='image "bibliothecarerum02wattuoft_0530.png"; bbox 0 0 2730 4198; ppageno 0'>
   <div class='ocr_carea' id='block_1_1' title="bbox 539 271 2050 332">
    <p class='ocr_par' dir='ltr' id='par_1_1' title="bbox 539 271 2050 332">
     <span class='ocr_line' id='line_1_1' title="bbox 539 271 2050 332; baseline -0.003 -6"><span class='ocrx_word' id='word_1_1' title='bbox 539 271 649 327; x_wconf 88' lang='lat'><strong>514</strong></span> <span class='ocrx_word' id='word_1_2' title='bbox 960 286 1234 326; x_wconf 72' lang='lat' dir='ltr'><strong>GREGomI</strong></span> <span class='ocrx_word' id='word_1_3' title='bbox 1271 288 1350 325; x_wconf 85' lang='lat' dir='ltr'><strong>vn</strong></span> <span class='ocrx_word' id='word_1_4' title='bbox 1386 286 1651 325; x_wconf 71' lang='lat' dir='ltr'><strong>REGIs&#39;rm</strong></span> <span class='ocrx_word' id='word_1_5' title='bbox 1688 286 1787 323; x_wconf 88' lang='lat' dir='ltr'><strong>vm</strong></span> <span class='ocrx_word' id='word_1_6' title='bbox 1814 285 1862 322; x_wconf 85' lang='lat'><strong>57</strong></span> <span class='ocrx_word' id='word_1_7' title='bbox 1891 283 1956 332; x_wconf 78' lang='lat' dir='ltr'><strong>(tx</strong></span> <span class='ocrx_word' id='word_1_8' title='bbox 1974 284 2050 332; x_wconf 84' lang='lat'>34).</span> 
     </span>
    </p>
   </div>
   <div class='ocr_carea' id='block_1_2' title="bbox 361 403 2478 474">
    <p class='ocr_par' dir='ltr' id='par_1_2' title="bbox 361 403 2478 474">
     <span class='ocr_line' id='line_1_2' title="bbox 361 403 2478 474; baseline -0 -16"><span class='ocrx_word' id='word_1_9' title='bbox 361 407 510 452; x_wconf 78' lang='lat'>1083?</span> <span class='ocrx_word' id='word_1_10' title='bbox 538 423 644 459; x_wconf 89' lang='lat' dir='ltr'><strong>non</strong></span> <span class='ocrx_word' id='word_1_11' title='bbox 683 406 885 471; x_wconf 87' lang='lat' dir='ltr'><strong>arserit,</strong></span> <span class='ocrx_word' id='word_1_12' title='bbox 927 423 1043 458; x_wconf 90' lang='lat' dir='ltr'><strong>cum</strong></span> <span class='ocrx_word' id='word_1_13' title='bbox 1080 422 1136 457; x_wconf 92' lang='lat' dir='ltr'><strong>eo</strong></span> <span class='ocrx_word' id='word_1_14' title='bbox 1173 423 1280 457; x_wconf 89' lang='lat' dir='ltr'><strong>non</strong></span> <span class='ocrx_word' id='word_1_15' title='bbox 1318 404 1512 457; x_wconf 87' lang='lat' dir='ltr'><strong>dubitet</strong></span> <span class='ocrx_word' id='word_1_16' title='bbox 1548 422 1601 456; x_wconf 88' lang='lat' dir='ltr'><strong>se</strong></span> <span class='ocrx_word' id='word_1_17' title='bbox 1638 403 1824 456; x_wconf 78' lang='lat' dir='ltr'><strong>habere</strong></span> <span class='ocrx_word' id='word_1_18' title='bbox 1841 406 2154 474; x_wconf 77' lang='lat' dir='ltr'><strong>portionem,</strong></span> <span class='ocrx_word' id='word_1_19' title='bbox 2195 424 2229 457; x_wconf 91' lang='lat' dir='ltr'><strong>a</strong></span> <span class='ocrx_word' id='word_1_20' title='bbox 2255 422 2355 474; x_wconf 81' lang='lat' dir='ltr'><strong>quo</strong></span> <span class='ocrx_word' id='word_1_21' title='bbox 2383 405 2478 458; x_wconf 71' lang='lat' dir='ltr'><strong>hoc</strong></span> 
     </span>
    </p>
   </div>
   <div class='ocr_carea' id='block_1_3' title="bbox 530 494 2551 3348">
    <p class='ocr_par' dir='ltr' id='par_1_3' title="bbox 531 494 1711 572">
     <span class='ocr_line' id='line_1_3' title="bbox 531 494 1711 572; baseline -0.003 -18"><span class='ocrx_word' id='word_1_22' title='bbox 531 501 811 572; x_wconf 76' lang='lat' dir='ltr'><strong>piaculare</strong></span> <span class='ocrx_word' id='word_1_23' title='bbox 834 502 1104 571; x_wconf 71' lang='lat' dir='ltr'><strong>flayitium</strong></span> <span class='ocrx_word' id='word_1_24' title='bbox 1139 501 1361 570; x_wconf 83' lang='lat' dir='ltr'><strong>sumpsit</strong></span> <span class='ocrx_word' id='word_1_25' title='bbox 1397 501 1668 552; x_wconf 72' lang='lat' dir='ltr'><strong>exordium</strong></span> <span class='ocrx_word' id='word_1_26' title='bbox 1682 494 1711 551; x_wconf 81' lang='lat'><strong>¹.</strong></span> 
     </span>
    </p>

    <p class='ocr_par' dir='ltr' id='par_1_4' title="bbox 530 592 2551 3348">
     <span class='ocr_line' id='line_1_4' title="bbox 687 592 2479 663; baseline 0 -15"><span class='ocrx_word' id='word_1_27' title='bbox 687 595 860 663; x_wconf 87' lang='lat' dir='ltr'><strong>Unde,</strong></span> <span class='ocrx_word' id='word_1_28' title='bbox 912 594 1238 648; x_wconf 79' lang='lat' dir='ltr'><strong>dilectissimi</strong></span> <span class='ocrx_word' id='word_1_29' title='bbox 1285 595 1475 648; x_wconf 85' lang='lat' dir='ltr'><strong>fratres</strong></span> <span class='ocrx_word' id='word_1_30' title='bbox 1525 597 1577 648; x_wconf 91' lang='lat' dir='ltr'><strong>et</strong></span> <span class='ocrx_word' id='word_1_31' title='bbox 1622 592 1746 662; x_wconf 81' lang='lat' dir='ltr'><strong>filii,</strong></span> <span class='ocrx_word' id='word_1_32' title='bbox 1795 609 1886 647; x_wconf 84' lang='lat' dir='ltr'><strong>vos</strong></span> <span class='ocrx_word' id='word_1_33' title='bbox 1927 611 2105 648; x_wconf 88' lang='lat' dir='ltr'><strong>omnes</strong></span> <span class='ocrx_word' id='word_1_34' title='bbox 2144 611 2388 663; x_wconf 85' lang='lat' dir='ltr'><strong>rogamus</strong></span> <span class='ocrx_word' id='word_1_35' title='bbox 2427 598 2479 648; x_wconf 91' lang='lat' dir='ltr'><strong>et</strong></span> 
     </span>
     <span class='ocr_line' id='line_1_5' title="bbox 539 688 2479 761; baseline -0.001 -17"><span class='ocrx_word' id='word_1_36' title='bbox 539 707 634 761; x_wconf 89' lang='lat' dir='ltr'><strong>per</strong></span> <span class='ocrx_word' id='word_1_37' title='bbox 672 707 851 744; x_wconf 85' lang='lat' dir='ltr'><strong>veram</strong></span> <span class='ocrx_word' id='word_1_38' title='bbox 889 690 1268 744; x_wconf 78' lang='lat' dir='ltr'><strong>oboedientiam</strong></span> <span class='ocrx_word' id='word_1_39' title='bbox 1307 707 1373 744; x_wconf 84' lang='lat' dir='ltr'><strong>ex</strong></span> <span class='ocrx_word' id='word_1_40' title='bbox 1410 693 1559 760; x_wconf 88' lang='lat' dir='ltr'><strong>parte</strong></span> <span class='ocrx_word' id='word_1_41' title='bbox 1595 688 1736 742; x_wconf 89' lang='lat' dir='ltr'><strong>beati</strong></span> <span class='ocrx_word' id='word_1_42' title='bbox 1760 688 1905 743; x_wconf 91' lang='lat' dir='ltr'><strong>Petri</strong></span> <span class='ocrx_word' id='word_1_43' title='bbox 1943 690 2296 760; x_wconf 90' lang='lat' dir='ltr'><strong>apostolorum</strong></span> <span class='ocrx_word' id='word_1_44' title='bbox 2333 689 2479 760; x_wconf 91' lang='lat' dir='ltr'><strong>prin-</strong></span> 
     </span>
     <span class='ocr_line' id='line_1_6' title="bbox 540 785 2480 857; baseline 0 -18"><span class='ocrx_word' id='word_1_45' title='bbox 540 786 671 856; x_wconf 91' lang='lat' dir='ltr'><strong>cipis</strong></span> <span class='ocrx_word' id='word_1_46' title='bbox 717 786 1092 857; x_wconf 90' lang='lat' dir='ltr'><strong>praecipimus:</strong></span> <span class='ocrx_word' id='word_1_47' title='bbox 1151 791 1211 840; x_wconf 91' lang='lat' dir='ltr'><strong>ut</strong></span> <span class='ocrx_word' id='word_1_48' title='bbox 1259 803 1377 840; x_wconf 90' lang='lat' dir='ltr'><strong>eum</strong></span> <span class='ocrx_word' id='word_1_49' title='bbox 1422 785 1835 856; x_wconf 80' lang='lat' dir='ltr'><strong>persuasibiliter</strong></span> <span class='ocrx_word' id='word_1_50' title='bbox 1882 790 1934 839; x_wconf 88' lang='lat' dir='ltr'><strong>et</strong></span> <span class='ocrx_word' id='word_1_51' title='bbox 1979 785 2286 855; x_wconf 85' lang='lat' dir='ltr'><strong>honorifice,</strong></span> <span class='ocrx_word' id='word_1_52' title='bbox 2345 786 2480 839; x_wconf 87' lang='lat' dir='ltr'><strong>sicut</strong></span> 
     </span>
     <span class='ocr_line' id='line_1_7' title="bbox 540 881 2480 951; baseline -0.001 -16"><span class='ocrx_word' id='word_1_53' title='bbox 540 881 689 935; x_wconf 91' lang='lat' dir='ltr'><strong>decet</strong></span> <span class='ocrx_word' id='word_1_54' title='bbox 733 881 893 935; x_wconf 88' lang='lat' dir='ltr'><strong>talem</strong></span> <span class='ocrx_word' id='word_1_55' title='bbox 939 886 991 936; x_wconf 90' lang='lat' dir='ltr'><strong>et</strong></span> <span class='ocrx_word' id='word_1_56' title='bbox 1036 887 1145 936; x_wconf 90' lang='lat' dir='ltr'><strong>tam</strong></span> <span class='ocrx_word' id='word_1_57' title='bbox 1191 882 1417 936; x_wconf 89' lang='lat' dir='ltr'><strong>nobilem</strong></span> <span class='ocrx_word' id='word_1_58' title='bbox 1464 882 1664 950; x_wconf 81' lang='lat' dir='ltr'><strong>virum,</strong></span> <span class='ocrx_word' id='word_1_59' title='bbox 1712 881 1885 935; x_wconf 92' lang='lat' dir='ltr'><strong>Deum</strong></span> <span class='ocrx_word' id='word_1_60' title='bbox 1921 885 2098 935; x_wconf 90' lang='lat' dir='ltr'><strong>tamen</strong></span> <span class='ocrx_word' id='word_1_61' title='bbox 2136 882 2236 935; x_wconf 90' lang='lat' dir='ltr'><strong>sibi</strong></span> <span class='ocrx_word' id='word_1_62' title='bbox 2274 897 2480 951; x_wconf 91' lang='lat' dir='ltr'><strong>semper</strong></span> 
     </span>
     <span class='ocr_line' id='line_1_8' title="bbox 538 977 2478 1048; baseline 0.001 -19"><span class='ocrx_word' id='word_1_63' title='bbox 538 980 945 1047; x_wconf 77' lang='lat' dir='ltr'><strong>praeponentes,</strong></span> <span class='ocrx_word' id='word_1_64' title='bbox 1003 978 1358 1048; x_wconf 88' lang='lat' dir='ltr'><strong>unusquisque</strong></span> <span class='ocrx_word' id='word_1_65' title='bbox 1412 981 1646 1031; x_wconf 87' lang='lat' dir='ltr'><strong>vestrum</strong></span> <span class='ocrx_word' id='word_1_66' title='bbox 1695 981 1950 1047; x_wconf 91' lang='lat' dir='ltr'><strong>oportuno</strong></span> <span class='ocrx_word' id='word_1_67' title='bbox 1995 981 2232 1048; x_wconf 92' lang='lat' dir='ltr'><strong>tempore</strong></span> <span class='ocrx_word' id='word_1_68' title='bbox 2282 977 2478 1031; x_wconf 88' lang='lat' dir='ltr'><strong>adeatis</strong></span> 
     </span>
     <span class='ocr_line' id='line_1_9' title="bbox 539 1071 2479 1144; baseline 0.001 -20"><span class='ocrx_word' id='word_1_69' title='bbox 539 1071 732 1139; x_wconf 87' lang='lat' dir='ltr'><strong>rogetis</strong></span> <span class='ocrx_word' id='word_1_70' title='bbox 775 1076 827 1126; x_wconf 93' lang='lat' dir='ltr'><strong>et</strong></span> <span class='ocrx_word' id='word_1_71' title='bbox 863 1072 1160 1144; x_wconf 81' lang='lat' dir='ltr'><strong>increpetiS‚</strong></span> <span class='ocrx_word' id='word_1_72' title='bbox 1198 1090 1266 1127; x_wconf 93' lang='lat' dir='ltr'><strong>ne</strong></span> <span class='ocrx_word' id='word_1_73' title='bbox 1305 1090 1359 1127; x_wconf 90' lang='lat' dir='ltr'><strong>se</strong></span> <span class='ocrx_word' id='word_1_74' title='bbox 1397 1074 1572 1144; x_wconf 88' lang='lat' dir='ltr'><strong>ipsum</strong></span> <span class='ocrx_word' id='word_1_75' title='bbox 1611 1077 1664 1127; x_wconf 92' lang='lat' dir='ltr'><strong>et</strong></span> <span class='ocrx_word' id='word_1_76' title='bbox 1699 1076 1870 1126; x_wconf 92' lang='lat' dir='ltr'><strong>totum</strong></span> <span class='ocrx_word' id='word_1_77' title='bbox 1897 1072 2151 1143; x_wconf 92' lang='lat' dir='ltr'><strong>populum</strong></span> <span class='ocrx_word' id='word_1_78' title='bbox 2184 1072 2336 1126; x_wconf 90' lang='lat' dir='ltr'><strong>illum</strong></span> <span class='ocrx_word' id='word_1_79' title='bbox 2359 1089 2479 1142; x_wconf 91' lang='lat' dir='ltr'><strong>per-</strong></span> 
     </span>
     <span class='ocr_line' id='line_1_10' title="bbox 540 1167 2480 1239; baseline 0.001 -19"><span class='ocrx_word' id='word_1_80' title='bbox 540 1167 656 1236; x_wconf 83' lang='lat' dir='ltr'><strong>dat,</strong></span> <span class='ocrx_word' id='word_1_81' title='bbox 707 1172 1003 1238; x_wconf 88' lang='lat' dir='ltr'><strong>apostatam</strong></span> <span class='ocrx_word' id='word_1_82' title='bbox 1047 1168 1198 1221; x_wconf 91' lang='lat' dir='ltr'><strong>illum</strong></span> <span class='ocrx_word' id='word_1_83' title='bbox 1245 1169 1591 1235; x_wconf 84' lang='lat' dir='ltr'><strong>defendend03</strong></span> <span class='ocrx_word' id='word_1_84' title='bbox 1645 1169 1736 1222; x_wconf 91' lang='lat' dir='ltr'><strong>sed</strong></span> <span class='ocrx_word' id='word_1_85' title='bbox 1775 1169 2079 1237; x_wconf 88' lang='lat' dir='ltr'><strong>quantocius</strong></span> <span class='ocrx_word' id='word_1_86' title='bbox 2120 1186 2151 1222; x_wconf 94' lang='lat' dir='ltr'><strong>a</strong></span> <span class='ocrx_word' id='word_1_87' title='bbox 2186 1169 2480 1239; x_wconf 86' lang='lat' dir='ltr'><strong>perditione</strong></span> 
     </span>
     <span class='ocr_line' id='line_1_11' title="bbox 540 1263 2478 1334; baseline 0.001 -19"><span class='ocrx_word' id='word_1_88' title='bbox 540 1263 746 1332; x_wconf 82' lang='lat' dir='ltr'><strong>eripiat,</strong></span> <span class='ocrx_word' id='word_1_89' title='bbox 785 1263 989 1332; x_wconf 88' lang='lat' dir='ltr'><strong>longius</strong></span> <span class='ocrx_word' id='word_1_90' title='bbox 1031 1281 1061 1317; x_wconf 93' lang='lat' dir='ltr'><strong>a</strong></span> <span class='ocrx_word' id='word_1_91' title='bbox 1099 1281 1154 1318; x_wconf 89' lang='lat' dir='ltr'><strong>se</strong></span> <span class='ocrx_word' id='word_1_92' title='bbox 1194 1265 1515 1334; x_wconf 80' lang='lat' dir='ltr'><strong>expellendo,</strong></span> <span class='ocrx_word' id='word_1_93' title='bbox 1574 1264 1680 1318; x_wconf 89' lang='lat' dir='ltr'><strong>Vos</strong></span> <span class='ocrx_word' id='word_1_94' title='bbox 1719 1281 1939 1334; x_wconf 78' lang='lat' dir='ltr'><strong>quoque,</strong></span> <span class='ocrx_word' id='word_1_95' title='bbox 1977 1265 2167 1319; x_wconf 83' lang='lat' dir='ltr'><strong>fratres</strong></span> <span class='ocrx_word' id='word_1_96' title='bbox 2208 1263 2478 1331; x_wconf 88' lang='lat' dir='ltr'><strong>G(erarde)</strong></span> 
     </span>
     <span class='ocr_line' id='line_1_12' title="bbox 540 1357 2480 1431; baseline 0.002 -20"><span class='ocrx_word' id='word_1_97' title='bbox 540 1362 594 1411; x_wconf 93' lang='lat' dir='ltr'><strong>et</strong></span> <span class='ocrx_word' id='word_1_98' title='bbox 615 1357 891 1425; x_wconf 88' lang='lat' dir='ltr'><strong>Ra(tbode)</strong></span> <span class='ocrx_word' id='word_1_99' title='bbox 933 1362 985 1412; x_wconf 92' lang='lat' dir='ltr'><strong>et</strong></span> <span class='ocrx_word' id='word_1_100' title='bbox 1009 1359 1255 1428; x_wconf 81' lang='lat' dir='ltr'><strong>Ro(rico)‚</strong></span> <span class='ocrx_word' id='word_1_101' title='bbox 1296 1360 1582 1430; x_wconf 89' lang='lat' dir='ltr'><strong>separatim</strong></span> <span class='ocrx_word' id='word_1_102' title='bbox 1621 1365 1673 1414; x_wconf 93' lang='lat' dir='ltr'><strong>et</strong></span> <span class='ocrx_word' id='word_1_103' title='bbox 1709 1377 1836 1431; x_wconf 90' lang='lat' dir='ltr'><strong>prae</strong></span> <span class='ocrx_word' id='word_1_104' title='bbox 1875 1361 2060 1414; x_wconf 87' lang='lat' dir='ltr'><strong>ceteris</strong></span> <span class='ocrx_word' id='word_1_105' title='bbox 2098 1377 2223 1428; x_wconf 88' lang='lat' dir='ltr'><strong>rogo</strong></span> <span class='ocrx_word' id='word_1_106' title='bbox 2251 1364 2303 1414; x_wconf 90' lang='lat' dir='ltr'><strong>et</strong></span> <span class='ocrx_word' id='word_1_107' title='bbox 2328 1376 2480 1430; x_wconf 88' lang='lat' dir='ltr'><strong>prae-</strong></span> 
     </span>
     <span class='ocr_line' id='line_1_13' title="bbox 540 1452 2480 1524; baseline 0.002 -19"><span class='ocrx_word' id='word_1_108' title='bbox 540 1452 702 1522; x_wconf 80' lang='lat' dir='ltr'><strong>cipio:</strong></span> <span class='ocrx_word' id='word_1_109' title='bbox 741 1457 800 1506; x_wconf 92' lang='lat' dir='ltr'><strong>ut</strong></span> <span class='ocrx_word' id='word_1_110' title='bbox 839 1470 930 1507; x_wconf 87' lang='lat' dir='ltr'><strong>vos</strong></span> <span class='ocrx_word' id='word_1_111' title='bbox 968 1458 1092 1522; x_wconf 83' lang='lat' dir='ltr'><strong>treS‚</strong></span> <span class='ocrx_word' id='word_1_112' title='bbox 1133 1454 1290 1507; x_wconf 88' lang='lat' dir='ltr'><strong>simul</strong></span> <span class='ocrx_word' id='word_1_113' title='bbox 1317 1455 1401 1508; x_wconf 89' lang='lat' dir='ltr'><strong>vel</strong></span> <span class='ocrx_word' id='word_1_114' title='bbox 1439 1456 1694 1524; x_wconf 83' lang='lat' dir='ltr'><strong>semotim,</strong></span> <span class='ocrx_word' id='word_1_115' title='bbox 1734 1473 1853 1510; x_wconf 91' lang='lat' dir='ltr'><strong>cum</strong></span> <span class='ocrx_word' id='word_1_116' title='bbox 1877 1457 2068 1510; x_wconf 91' lang='lat' dir='ltr'><strong>litteris</strong></span> <span class='ocrx_word' id='word_1_117' title='bbox 2094 1457 2289 1510; x_wconf 90' lang='lat' dir='ltr'><strong>nostris</strong></span> <span class='ocrx_word' id='word_1_118' title='bbox 2317 1460 2369 1509; x_wconf 89' lang='lat' dir='ltr'><strong>et</strong></span> <span class='ocrx_word' id='word_1_119' title='bbox 2392 1456 2480 1509; x_wconf 90' lang='lat' dir='ltr'><strong>lit-</strong></span> 
     </span>
     <span class='ocr_line' id='line_1_14' title="bbox 538 1549 2481 1622; baseline 0.002 -22"><span class='ocrx_word' id='word_1_120' title='bbox 538 1551 770 1601; x_wconf 90' lang='lat' dir='ltr'><strong>terarum</strong></span> <span class='ocrx_word' id='word_1_121' title='bbox 810 1549 1151 1618; x_wconf 90' lang='lat' dir='ltr'><strong>portitoribus</strong></span> <span class='ocrx_word' id='word_1_122' title='bbox 1191 1551 1486 1619; x_wconf 87' lang='lat' dir='ltr'><strong>praefatum</strong></span> <span class='ocrx_word' id='word_1_123' title='bbox 1524 1552 1815 1622; x_wconf 89' lang='lat' dir='ltr'><strong>principem</strong></span> <span class='ocrx_word' id='word_1_124' title='bbox 1855 1553 2070 1622; x_wconf 78' lang='lat' dir='ltr'><strong>adeatis,</strong></span> <span class='ocrx_word' id='word_1_125' title='bbox 2112 1557 2164 1606; x_wconf 87' lang='lat' dir='ltr'><strong>et</strong></span> <span class='ocrx_word' id='word_1_126' title='bbox 2200 1552 2403 1606; x_wconf 88' lang='lat' dir='ltr'><strong>litteras</strong></span> <span class='ocrx_word' id='word_1_127' title='bbox 2433 1551 2481 1605; x_wconf 91' lang='lat' dir='ltr'><strong>ei</strong></span> 
     </span>
     <span class='ocr_line' id='line_1_15' title="bbox 537 1642 2478 1718; baseline 0.003 -22"><span class='ocrx_word' id='word_1_128' title='bbox 537 1642 740 1712; x_wconf 77' lang='lat' dir='ltr'><strong>legatiS‚</strong></span> <span class='ocrx_word' id='word_1_129' title='bbox 782 1648 834 1697; x_wconf 91' lang='lat' dir='ltr'><strong>et</strong></span> <span class='ocrx_word' id='word_1_130' title='bbox 871 1648 1171 1699; x_wconf 81' lang='lat' dir='ltr'><strong>constanter</strong></span> <span class='ocrx_word' id='word_1_131' title='bbox 1210 1647 1466 1715; x_wconf 81' lang='lat' dir='ltr'><strong>arguatis,</strong></span> <span class='ocrx_word' id='word_1_132' title='bbox 1507 1655 1693 1715; x_wconf 76' lang='lat' dir='ltr'><strong>quarea</strong></span> <span class='ocrx_word' id='word_1_133' title='bbox 1732 1652 2004 1718; x_wconf 91' lang='lat' dir='ltr'><strong>tantopere</strong></span> <span class='ocrx_word' id='word_1_134' title='bbox 2044 1649 2275 1702; x_wconf 85' lang='lat' dir='ltr'><strong>defendit</strong></span> <span class='ocrx_word' id='word_1_135' title='bbox 2311 1648 2478 1715; x_wconf 84' lang='lat' dir='ltr'><strong>illum,</strong></span> 
     </span>
     <span class='ocr_line' id='line_1_16' title="bbox 539 1738 2482 1812; baseline 0.002 -21"><span class='ocrx_word' id='word_1_136' title='bbox 539 1738 644 1808; x_wconf 87' lang='lat' dir='ltr'><strong>qui,</strong></span> <span class='ocrx_word' id='word_1_137' title='bbox 684 1740 889 1808; x_wconf 91' lang='lat' dir='ltr'><strong>quando</strong></span> <span class='ocrx_word' id='word_1_138' title='bbox 917 1739 1087 1794; x_wconf 91' lang='lat' dir='ltr'><strong>Deum</strong></span> <span class='ocrx_word' id='word_1_139' title='bbox 1124 1758 1220 1811; x_wconf 94' lang='lat' dir='ltr'><strong>pro</strong></span> <span class='ocrx_word' id='word_1_140' title='bbox 1261 1758 1317 1794; x_wconf 90' lang='lat' dir='ltr'><strong>se</strong></span> <span class='ocrx_word' id='word_1_141' title='bbox 1356 1747 1408 1795; x_wconf 93' lang='lat' dir='ltr'><strong>et</strong></span> <span class='ocrx_word' id='word_1_142' title='bbox 1441 1742 1633 1812; x_wconf 93' lang='lat' dir='ltr'><strong>populo</strong></span> <span class='ocrx_word' id='word_1_143' title='bbox 1662 1747 1858 1812; x_wconf 79' lang='lat' dir='ltr'><strong>exorat,</strong></span> <span class='ocrx_word' id='word_1_144' title='bbox 1898 1744 2065 1811; x_wconf 85' lang='lat' dir='ltr'><strong>magis</strong></span> <span class='ocrx_word' id='word_1_145' title='bbox 2090 1744 2239 1797; x_wconf 92' lang='lat' dir='ltr'><strong>illum</strong></span> <span class='ocrx_word' id='word_1_146' title='bbox 2267 1743 2482 1796; x_wconf 84' lang='lat' dir='ltr'><strong>offendit</strong></span> 
     </span>
     <span class='ocr_line' id='line_1_17' title="bbox 539 1835 2478 1909; baseline 0.002 -21"><span class='ocrx_word' id='word_1_147' title='bbox 539 1839 592 1888; x_wconf 94' lang='lat' dir='ltr'><strong>et</strong></span> <span class='ocrx_word' id='word_1_148' title='bbox 639 1835 705 1888; x_wconf 90' lang='lat' dir='ltr'><strong>ad</strong></span> <span class='ocrx_word' id='word_1_149' title='bbox 750 1836 1077 1890; x_wconf 87' lang='lat' dir='ltr'><strong>iracundiam</strong></span> <span class='ocrx_word' id='word_1_150' title='bbox 1126 1842 1390 1907; x_wconf 86' lang='lat' dir='ltr'><strong>provocat.</strong></span> <span class='ocrx_word' id='word_1_151' title='bbox 1468 1837 1554 1890; x_wconf 92' lang='lat' dir='ltr'><strong>An</strong></span> <span class='ocrx_word' id='word_1_152' title='bbox 1600 1855 1705 1891; x_wconf 93' lang='lat' dir='ltr'><strong>non</strong></span> <span class='ocrx_word' id='word_1_153' title='bbox 1754 1838 1817 1892; x_wconf 92' lang='lat' dir='ltr'><strong>de</strong></span> <span class='ocrx_word' id='word_1_154' title='bbox 1854 1839 2046 1892; x_wconf 90' lang='lat' dir='ltr'><strong>talibus</strong></span> <span class='ocrx_word' id='word_1_155' title='bbox 2087 1840 2214 1893; x_wconf 90' lang='lat' dir='ltr'><strong>dicit</strong></span> <span class='ocrx_word' id='word_1_156' title='bbox 2251 1839 2478 1909; x_wconf 87' lang='lat' dir='ltr'><strong>Esayas:</strong></span> 
     </span>
     <span class='ocr_line' id='line_1_18' title="bbox 537 1931 2484 2003; baseline 0.003 -19"><span class='ocrx_word' id='word_1_157' title='bbox 537 1931 623 1984; x_wconf 94' lang='lat' dir='ltr'><strong>Ne</strong></span> <span class='ocrx_word' id='word_1_158' title='bbox 662 1932 890 2002; x_wconf 83' lang='lat' dir='ltr'><strong>offeratis</strong></span> <span class='ocrx_word' id='word_1_159' title='bbox 928 1934 1070 1986; x_wconf 86' lang='lat' dir='ltr'><strong>ultra</strong></span> <span class='ocrx_word' id='word_1_160' title='bbox 1107 1935 1421 2003; x_wconf 80' lang='lat' dir='ltr'><strong>sacrificium</strong></span> <span class='ocrx_word' id='word_1_161' title='bbox 1443 1935 1688 2003; x_wconf 77' lang='lat' dir='ltr'><strong>frustra5</strong></span> <span class='ocrx_word' id='word_1_162' title='bbox 1727 1937 1992 1988; x_wconf 88' lang='lat' dir='ltr'><strong>incensum</strong></span> <span class='ocrx_word' id='word_1_163' title='bbox 2031 1937 2383 1990; x_wconf 72' lang='lat' dir='ltr'><strong>abhominatio</strong></span> <span class='ocrx_word' id='word_1_164' title='bbox 2410 1946 2484 1989; x_wconf 86' lang='lat' dir='ltr'><strong>est</strong></span> 
     </span>
     <span class='ocr_line' id='line_1_19' title="bbox 536 2023 2481 2098; baseline 0.003 -19"><span class='ocrx_word' id='word_1_165' title='bbox 536 2023 722 2091; x_wconf 73' lang='lat' dir='ltr'><strong>mihi²5</strong></span> <span class='ocrx_word' id='word_1_166' title='bbox 763 2039 809 2081; x_wconf 91' lang='lat' dir='ltr'><strong>et</strong></span> <span class='ocrx_word' id='word_1_167' title='bbox 845 2047 962 2083; x_wconf 89' lang='lat' dir='ltr'><strong>cum</strong></span> <span class='ocrx_word' id='word_1_168' title='bbox 1000 2032 1326 2084; x_wconf 68' lang='lat' dir='ltr'><strong>extenderitis</strong></span> <span class='ocrx_word' id='word_1_169' title='bbox 1363 2049 1549 2083; x_wconf 89' lang='lat' dir='ltr'><strong>manus</strong></span> <span class='ocrx_word' id='word_1_170' title='bbox 1586 2041 1781 2084; x_wconf 79' lang='lat' dir='ltr'><strong>vestras</strong></span> <span class='ocrx_word' id='word_1_171' title='bbox 1818 2033 1891 2084; x_wconf 93' lang='lat' dir='ltr'><strong>ad</strong></span> <span class='ocrx_word' id='word_1_172' title='bbox 1913 2051 2009 2098; x_wconf 85' lang='lat' dir='ltr'><strong>me,</strong></span> <span class='ocrx_word' id='word_1_173' title='bbox 2053 2043 2282 2086; x_wconf 78' lang='lat' dir='ltr'><strong>avertam</strong></span> <span class='ocrx_word' id='word_1_174' title='bbox 2308 2032 2481 2085; x_wconf 87' lang='lat' dir='ltr'><strong>oculos</strong></span> 
     </span>
     <span class='ocr_line' id='line_1_20' title="bbox 537 2122 2551 2197; baseline 0.003 -22"><span class='ocrx_word' id='word_1_175' title='bbox 537 2141 674 2176; x_wconf 92' lang='lat' dir='ltr'><strong>meos</strong></span> <span class='ocrx_word' id='word_1_176' title='bbox 714 2144 748 2177; x_wconf 88' lang='lat' dir='ltr'><strong>a</strong></span> <span class='ocrx_word' id='word_1_177' title='bbox 784 2125 946 2191; x_wconf 80' lang='lat' dir='ltr'><strong>vobis,</strong></span> <span class='ocrx_word' id='word_1_178' title='bbox 989 2137 1036 2179; x_wconf 91' lang='lat' dir='ltr'><strong>et</strong></span> <span class='ocrx_word' id='word_1_179' title='bbox 1062 2145 1177 2180; x_wconf 93' lang='lat' dir='ltr'><strong>cum</strong></span> <span class='ocrx_word' id='word_1_180' title='bbox 1200 2127 1670 2197; x_wconf 70' lang='lat' dir='ltr'><strong>multiplicaveritis</strong></span> <span class='ocrx_word' id='word_1_181' title='bbox 1698 2130 1973 2194; x_wconf 86' lang='lat' dir='ltr'><strong>orationes,</strong></span> <span class='ocrx_word' id='word_1_182' title='bbox 2015 2148 2121 2182; x_wconf 90' lang='lat' dir='ltr'><strong>non</strong></span> <span class='ocrx_word' id='word_1_183' title='bbox 2149 2122 2482 2191; x_wconf 73' lang='lat' dir='ltr'><strong>exaudiam³,·</strong></span> <span class='ocrx_word' id='word_1_184' title='bbox 2549 2127 2551 2129; x_wconf 67' lang='grc'><strong>’</strong></span> 
     </span>
     <span class='ocr_line' id='line_1_21' title="bbox 539 2218 2483 2290; baseline 0.003 -19"><span class='ocrx_word' id='word_1_185' title='bbox 539 2222 590 2272; x_wconf 87' lang='lat' dir='ltr'><strong>et</strong></span> <span class='ocrx_word' id='word_1_186' title='bbox 626 2218 935 2274; x_wconf 87' lang='lat' dir='ltr'><strong>Malachias:</strong></span> <span class='ocrx_word' id='word_1_187' title='bbox 975 2223 1049 2276; x_wconf 89' lang='lat' dir='ltr'><strong>Et</strong></span> <span class='ocrx_word' id='word_1_188' title='bbox 1084 2242 1222 2275; x_wconf 90' lang='lat' dir='ltr'><strong>nunc</strong></span> <span class='ocrx_word' id='word_1_189' title='bbox 1260 2225 1331 2276; x_wconf 92' lang='lat' dir='ltr'><strong>ad</strong></span> <span class='ocrx_word' id='word_1_190' title='bbox 1366 2242 1456 2275; x_wconf 84' lang='lat' dir='ltr'><strong>vos</strong></span> <span class='ocrx_word' id='word_1_191' title='bbox 1494 2225 1801 2276; x_wconf 89' lang='lat' dir='ltr'><strong>mandatum</strong></span> <span class='ocrx_word' id='word_1_192' title='bbox 1837 2225 1948 2290; x_wconf 73' lang='lat' dir='ltr'><strong>boc,</strong></span> <span class='ocrx_word' id='word_1_193' title='bbox 1993 2244 2020 2277; x_wconf 96' lang='lat' dir='ltr'><strong>o</strong></span> <span class='ocrx_word' id='word_1_194' title='bbox 2060 2227 2365 2290; x_wconf 86' lang='lat' dir='ltr'><strong>sacerdotes,</strong></span> <span class='ocrx_word' id='word_1_195' title='bbox 2407 2226 2483 2276; x_wconf 90' lang='lat' dir='ltr'><strong>ait</strong></span> 
     </span>
     <span class='ocr_line' id='line_1_22' title="bbox 537 2316 2480 2390; baseline 0.002 -23"><span class='ocrx_word' id='word_1_196' title='bbox 537 2316 779 2368; x_wconf 88' lang='lat' dir='ltr'><strong>dominus</strong></span> <span class='ocrx_word' id='word_1_197' title='bbox 804 2317 980 2369; x_wconf 87' lang='lat' dir='ltr'><strong>Deus:</strong></span> <span class='ocrx_word' id='word_1_198' title='bbox 1023 2318 1091 2372; x_wconf 85' lang='lat' dir='ltr'><strong>Si</strong></span> <span class='ocrx_word' id='word_1_199' title='bbox 1112 2319 1383 2372; x_wconf 88' lang='lat' dir='ltr'><strong>nolueritis</strong></span> <span class='ocrx_word' id='word_1_200' title='bbox 1410 2321 1611 2384; x_wconf 83' lang='lat' dir='ltr'><strong>audire,</strong></span> <span class='ocrx_word' id='word_1_201' title='bbox 1655 2330 1702 2372; x_wconf 89' lang='lat' dir='ltr'><strong>et</strong></span> <span class='ocrx_word' id='word_1_202' title='bbox 1716 2338 1917 2389; x_wconf 77' lang='lat' dir='ltr'><strong>ponere</strong></span> <span class='ocrx_word' id='word_1_203' title='bbox 1941 2339 2097 2390; x_wconf 79' lang='lat' dir='ltr'><strong>super</strong></span> <span class='ocrx_word' id='word_1_204' title='bbox 2123 2339 2228 2385; x_wconf 83' lang='lat' dir='ltr'><strong>cor,</strong></span> <span class='ocrx_word' id='word_1_205' title='bbox 2269 2330 2327 2373; x_wconf 86' lang='lat' dir='ltr'><strong>ut</strong></span> <span class='ocrx_word' id='word_1_206' title='bbox 2351 2321 2480 2372; x_wconf 88' lang='lat' dir='ltr'><strong>detis</strong></span> 
     </span>
     <span class='ocr_line' id='line_1_23' title="bbox 536 2411 2482 2481; baseline 0.003 -19"><span class='ocrx_word' id='word_1_207' title='bbox 536 2411 764 2481; x_wconf 72' lang='lat' dir='ltr'><strong>yloriam</strong></span> <span class='ocrx_word' id='word_1_208' title='bbox 788 2415 993 2465; x_wconf 88' lang='lat' dir='ltr'><strong>nomini</strong></span> <span class='ocrx_word' id='word_1_209' title='bbox 1014 2432 1141 2479; x_wconf 85' lang='lat' dir='ltr'><strong>meo,</strong></span> <span class='ocrx_word' id='word_1_210' title='bbox 1169 2415 1478 2467; x_wconf 81' lang='lat' dir='ltr'><strong>maledicam</strong></span> <span class='ocrx_word' id='word_1_211' title='bbox 1504 2415 1936 2467; x_wconf 73' lang='lat' dir='ltr'><strong>benedictionibus</strong></span> <span class='ocrx_word' id='word_1_212' title='bbox 1961 2418 2142 2468; x_wconf 81' lang='lat' dir='ltr'><strong>vestris</strong></span> <span class='ocrx_word' id='word_1_213' title='bbox 2153 2411 2186 2468; x_wconf 76' lang='lat'><strong>⁴.</strong></span> <span class='ocrx_word' id='word_1_214' title='bbox 2225 2416 2324 2469; x_wconf 89' lang='lat' dir='ltr'><strong>Vos</strong></span> <span class='ocrx_word' id='word_1_215' title='bbox 2345 2418 2482 2468; x_wconf 89' lang='lat' dir='ltr'><strong>enim</strong></span> 
     </span>
     <span class='ocr_line' id='line_1_24' title="bbox 538 2507 2479 2581; baseline 0.003 -23"><span class='ocrx_word' id='word_1_216' title='bbox 538 2509 816 2560; x_wconf 66' lang='lat' dir='ltr'><strong>recessistis</strong></span> <span class='ocrx_word' id='word_1_217' title='bbox 856 2528 890 2560; x_wconf 90' lang='lat' dir='ltr'><strong>a</strong></span> <span class='ocrx_word' id='word_1_218' title='bbox 913 2527 1009 2573; x_wconf 82' lang='lat' dir='ltr'><strong>me,</strong></span> <span class='ocrx_word' id='word_1_219' title='bbox 1053 2520 1101 2563; x_wconf 90' lang='lat' dir='ltr'><strong>et</strong></span> <span class='ocrx_word' id='word_1_220' title='bbox 1124 2510 1520 2562; x_wconf 77' lang='lat' dir='ltr'><strong>scandalizastis</strong></span> <span class='ocrx_word' id='word_1_221' title='bbox 1538 2510 1800 2580; x_wconf 77' lang='lat' dir='ltr'><strong>plurimos</strong></span> <span class='ocrx_word' id='word_1_222' title='bbox 1825 2513 1882 2563; x_wconf 91' lang='lat' dir='ltr'><strong>in</strong></span> <span class='ocrx_word' id='word_1_223' title='bbox 1911 2507 2061 2581; x_wconf 74' lang='lat' dir='ltr'><strong>le9e⁵‚</strong></span> <span class='ocrx_word' id='word_1_224' title='bbox 2105 2512 2365 2581; x_wconf 86' lang='lat' dir='ltr'><strong>offerentes</strong></span> <span class='ocrx_word' id='word_1_225' title='bbox 2391 2529 2479 2563; x_wconf 89' lang='lat' dir='ltr'><strong>su-</strong></span> 
     </span>
     <span class='ocr_line' id='line_1_25' title="bbox 530 2601 2482 2675; baseline 0.003 -21"><span class='ocrx_word' id='word_1_226' title='bbox 530 2621 634 2673; x_wconf 76' lang='lat' dir='ltr'><strong>per</strong></span> <span class='ocrx_word' id='word_1_227' title='bbox 659 2603 824 2656; x_wconf 80' lang='lat' dir='ltr'><strong>altare</strong></span> <span class='ocrx_word' id='word_1_228' title='bbox 848 2623 1016 2657; x_wconf 89' lang='lat' dir='ltr'><strong>meum</strong></span> <span class='ocrx_word' id='word_1_229' title='bbox 1034 2624 1230 2675; x_wconf 79' lang='lat' dir='ltr'><strong>panem</strong></span> <span class='ocrx_word' id='word_1_230' title='bbox 1248 2601 1567 2675; x_wconf 75' lang='lat' dir='ltr'><strong>pollutum⁶,·</strong></span> <span class='ocrx_word' id='word_1_231' title='bbox 1607 2609 1659 2659; x_wconf 90' lang='lat' dir='ltr'><strong>et</strong></span> <span class='ocrx_word' id='word_1_232' title='bbox 1683 2604 1865 2659; x_wconf 88' lang='lat' dir='ltr'><strong>beatus</strong></span> <span class='ocrx_word' id='word_1_233' title='bbox 1893 2604 2198 2673; x_wconf 87' lang='lat' dir='ltr'><strong>Gregorius:</strong></span> <span class='ocrx_word' id='word_1_234' title='bbox 2238 2607 2482 2660; x_wconf 72' lang='lat' dir='ltr'><strong>Maxima</strong></span> 
     </span>
     <span class='ocr_line' id='line_1_26' title="bbox 539 2701 2480 2770; baseline 0.002 -19"><span class='ocrx_word' id='word_1_235' title='bbox 539 2701 811 2752; x_wconf 87' lang='lat' dir='ltr'><strong>metuenda</strong></span> <span class='ocrx_word' id='word_1_236' title='bbox 850 2711 923 2753; x_wconf 89' lang='lat' dir='ltr'><strong>est</strong></span> <span class='ocrx_word' id='word_1_237' title='bbox 958 2703 1016 2753; x_wconf 91' lang='lat' dir='ltr'><strong>in</strong></span> <span class='ocrx_word' id='word_1_238' title='bbox 1054 2702 1162 2754; x_wconf 89' lang='lat' dir='ltr'><strong>illis</strong></span> <span class='ocrx_word' id='word_1_239' title='bbox 1202 2702 1327 2753; x_wconf 91' lang='lat' dir='ltr'><strong>locis</strong></span> <span class='ocrx_word' id='word_1_240' title='bbox 1350 2701 1480 2770; x_wconf 81' lang='lat' dir='ltr'><strong>fore</strong></span> <span class='ocrx_word' id='word_1_241' title='bbox 1517 2702 1805 2767; x_wconf 85' lang='lat' dir='ltr'><strong>calamitas,</strong></span> <span class='ocrx_word' id='word_1_242' title='bbox 1846 2703 1940 2755; x_wconf 91' lang='lat' dir='ltr'><strong>ubi</strong></span> <span class='ocrx_word' id='word_1_243' title='bbox 1975 2703 2101 2755; x_wconf 90' lang='lat' dir='ltr'><strong>tales</strong></span> <span class='ocrx_word' id='word_1_244' title='bbox 2127 2705 2480 2756; x_wconf 74' lang='lat' dir='ltr'><strong>intercessores</strong></span> 
     </span>
     <span class='ocr_line' id='line_1_27' title="bbox 541 2795 2480 2868; baseline 0.002 -22"><span class='ocrx_word' id='word_1_245' title='bbox 541 2796 614 2847; x_wconf 88' lang='lat' dir='ltr'><strong>ad</strong></span> <span class='ocrx_word' id='word_1_246' title='bbox 651 2795 819 2848; x_wconf 88' lang='lat' dir='ltr'><strong>locum</strong></span> <span class='ocrx_word' id='word_1_247' title='bbox 855 2799 1125 2866; x_wconf 70' lang='lat' dir='ltr'><strong>reyiminis</strong></span> <span class='ocrx_word' id='word_1_248' title='bbox 1163 2799 1521 2863; x_wconf 85' lang='lat' dir='ltr'><strong>adducuntur,</strong></span> <span class='ocrx_word' id='word_1_249' title='bbox 1575 2800 1669 2867; x_wconf 77' lang='lat' dir='ltr'><strong>qui</strong></span> <span class='ocrx_word' id='word_1_250' title='bbox 1703 2798 1814 2850; x_wconf 90' lang='lat' dir='ltr'><strong>Dei</strong></span> <span class='ocrx_word' id='word_1_251' title='bbox 1848 2800 2182 2851; x_wconf 83' lang='lat' dir='ltr'><strong>iracundiam</strong></span> <span class='ocrx_word' id='word_1_252' title='bbox 2218 2801 2406 2868; x_wconf 66' lang='lat' dir='ltr'><strong>maqis,</strong></span> <span class='ocrx_word' id='word_1_253' title='bbox 2422 2800 2480 2850; x_wconf 91' lang='lat' dir='ltr'><strong>in</strong></span> 
     </span>
     <span class='ocr_line' id='line_1_28' title="bbox 539 2890 2483 2964; baseline 0.002 -22"><span class='ocrx_word' id='word_1_254' title='bbox 539 2909 594 2943; x_wconf 92' lang='lat' dir='ltr'><strong>se</strong></span> <span class='ocrx_word' id='word_1_255' title='bbox 632 2894 908 2957; x_wconf 82' lang='lat' dir='ltr'><strong>concitant,</strong></span> <span class='ocrx_word' id='word_1_256' title='bbox 951 2910 1109 2963; x_wconf 79' lang='lat' dir='ltr'><strong>quam</strong></span> <span class='ocrx_word' id='word_1_257' title='bbox 1139 2911 1241 2964; x_wconf 77' lang='lat' dir='ltr'><strong>per</strong></span> <span class='ocrx_word' id='word_1_258' title='bbox 1277 2904 1432 2946; x_wconf 88' lang='lat' dir='ltr'><strong>semet</strong></span> <span class='ocrx_word' id='word_1_259' title='bbox 1466 2895 1610 2963; x_wconf 76' lang='lat' dir='ltr'><strong>ipsos</strong></span> <span class='ocrx_word' id='word_1_260' title='bbox 1646 2894 1862 2964; x_wconf 80' lang='lat' dir='ltr'><strong>placare</strong></span> <span class='ocrx_word' id='word_1_261' title='bbox 1900 2890 2221 2948; x_wconf 81' lang='lat' dir='ltr'><strong>debuerant⁷.</strong></span> <span class='ocrx_word' id='word_1_262' title='bbox 2301 2892 2483 2946; x_wconf 88' lang='lat' dir='ltr'><strong>Cuncti</strong></span> 
     </span>
     <span class='ocr_line' id='line_1_29' title="bbox 541 2986 2478 3061; baseline 0.001 -23"><span class='ocrx_word' id='word_1_263' title='bbox 541 2986 742 3056; x_wconf 82' lang='lat' dir='ltr'><strong>liquido</strong></span> <span class='ocrx_word' id='word_1_264' title='bbox 781 2990 1045 3054; x_wconf 84' lang='lat' dir='ltr'><strong>novimus,</strong></span> <span class='ocrx_word' id='word_1_265' title='bbox 1101 2990 1253 3059; x_wconf 80' lang='lat' dir='ltr'><strong>quia,</strong></span> <span class='ocrx_word' id='word_1_266' title='bbox 1297 3008 1412 3041; x_wconf 91' lang='lat' dir='ltr'><strong>cum</strong></span> <span class='ocrx_word' id='word_1_267' title='bbox 1448 2992 1522 3055; x_wconf 88' lang='lat' dir='ltr'><strong>is,</strong></span> <span class='ocrx_word' id='word_1_268' title='bbox 1566 2992 1660 3059; x_wconf 81' lang='lat' dir='ltr'><strong>qui</strong></span> <span class='ocrx_word' id='word_1_269' title='bbox 1694 2990 1810 3042; x_wconf 90' lang='lat' dir='ltr'><strong>Deo</strong></span> <span class='ocrx_word' id='word_1_270' title='bbox 1851 2991 2114 3061; x_wconf 83' lang='lat' dir='ltr'><strong>displicet,</strong></span> <span class='ocrx_word' id='word_1_271' title='bbox 2156 2992 2228 3043; x_wconf 88' lang='lat' dir='ltr'><strong>ad</strong></span> <span class='ocrx_word' id='word_1_272' title='bbox 2263 2991 2478 3042; x_wconf 85' lang='lat' dir='ltr'><strong>interce—</strong></span> 
     </span>
     <span class='ocr_line' id='line_1_30' title="bbox 540 3083 2480 3155; baseline 0.002 -21"><span class='ocrx_word' id='word_1_273' title='bbox 540 3083 765 3135; x_wconf 91' lang='lat' dir='ltr'><strong>dendum</strong></span> <span class='ocrx_word' id='word_1_274' title='bbox 804 3102 910 3153; x_wconf 74' lang='lat' dir='ltr'><strong>pro</strong></span> <span class='ocrx_word' id='word_1_275' title='bbox 958 3085 1156 3155; x_wconf 80' lang='lat' dir='ltr'><strong>populo</strong></span> <span class='ocrx_word' id='word_1_276' title='bbox 1203 3087 1450 3151; x_wconf 81' lang='lat' dir='ltr'><strong>mittitur,</strong></span> <span class='ocrx_word' id='word_1_277' title='bbox 1503 3088 1661 3138; x_wconf 88' lang='lat' dir='ltr'><strong>cicius</strong></span> <span class='ocrx_word' id='word_1_278' title='bbox 1705 3088 1837 3139; x_wconf 89' lang='lat' dir='ltr'><strong>irati</strong></span> <span class='ocrx_word' id='word_1_279' title='bbox 1871 3088 2076 3139; x_wconf 89' lang='lat' dir='ltr'><strong>animus</strong></span> <span class='ocrx_word' id='word_1_280' title='bbox 2115 3087 2187 3138; x_wconf 89' lang='lat' dir='ltr'><strong>ad</strong></span> <span class='ocrx_word' id='word_1_281' title='bbox 2223 3086 2480 3138; x_wconf 85' lang='lat' dir='ltr'><strong>deteriora</strong></span> 
     </span>
     <span class='ocr_line' id='line_1_31' title="bbox 531 3178 2476 3252; baseline 0.002 -23"><span class='ocrx_word' id='word_1_282' title='bbox 531 3189 868 3248; x_wconf 77' lang='lat' dir='ltr'><strong>provocatur.</strong></span> <span class='ocrx_word' id='word_1_283' title='bbox 913 3178 985 3232; x_wconf 91' lang='lat' dir='ltr'><strong>Et</strong></span> <span class='ocrx_word' id='word_1_284' title='bbox 1010 3179 1111 3233; x_wconf 89' lang='lat' dir='ltr'><strong>alio</strong></span> <span class='ocrx_word' id='word_1_285' title='bbox 1136 3179 1276 3234; x_wconf 91' lang='lat' dir='ltr'><strong>loco:</strong></span> <span class='ocrx_word' id='word_1_286' title='bbox 1303 3182 1468 3234; x_wconf 88' lang='lat' dir='ltr'><strong>Malis</strong></span> <span class='ocrx_word' id='word_1_287' title='bbox 1492 3182 1693 3234; x_wconf 90' lang='lat' dir='ltr'><strong>subesse</strong></span> <span class='ocrx_word' id='word_1_288' title='bbox 1708 3183 2030 3252; x_wconf 79' lang='lat' dir='ltr'><strong>pastoribus,</strong></span> <span class='ocrx_word' id='word_1_289' title='bbox 2061 3183 2191 3251; x_wconf 79' lang='lat' dir='ltr'><strong>quid</strong></span> <span class='ocrx_word' id='word_1_290' title='bbox 2215 3191 2288 3233; x_wconf 91' lang='lat' dir='ltr'><strong>est</strong></span> <span class='ocrx_word' id='word_1_291' title='bbox 2310 3181 2476 3246; x_wconf 88' lang='lat' dir='ltr'><strong>aliud,</strong></span> 
     </span>
     <span class='ocr_line' id='line_1_32' title="bbox 538 3275 2480 3348; baseline 0.002 -22"><span class='ocrx_word' id='word_1_292' title='bbox 538 3276 648 3327; x_wconf 90' lang='lat' dir='ltr'><strong>nisi</strong></span> <span class='ocrx_word' id='word_1_293' title='bbox 682 3285 740 3328; x_wconf 89' lang='lat' dir='ltr'><strong>ut</strong></span> <span class='ocrx_word' id='word_1_294' title='bbox 767 3275 916 3345; x_wconf 77' lang='lat' dir='ltr'><strong>plebs</strong></span> <span class='ocrx_word' id='word_1_295' title='bbox 946 3277 1263 3348; x_wconf 76' lang='lat' dir='ltr'><strong>populanda</strong></span> <span class='ocrx_word' id='word_1_296' title='bbox 1295 3278 1652 3348; x_wconf 78' lang='lat' dir='ltr'><strong>praedonibus</strong></span> <span class='ocrx_word' id='word_1_297' title='bbox 1686 3288 2012 3348; x_wconf 80' lang='lat' dir='ltr'><strong>permaneat,</strong></span> <span class='ocrx_word' id='word_1_298' title='bbox 2065 3288 2112 3330; x_wconf 93' lang='lat' dir='ltr'><strong>et</strong></span> <span class='ocrx_word' id='word_1_299' title='bbox 2146 3278 2268 3330; x_wconf 88' lang='lat' dir='ltr'><strong>inde</strong></span> <span class='ocrx_word' id='word_1_300' title='bbox 2304 3286 2480 3329; x_wconf 91' lang='lat' dir='ltr'><strong>sumat</strong></span> 
     </span>
    </p>
   </div>
   <div class='ocr_carea' id='block_1_4' title="bbox 659 3384 831 3433">
    <p class='ocr_par' dir='ltr' id='par_1_5' title="bbox 659 3384 831 3433">
     <span class='ocr_line' id='line_1_33' title="bbox 659 3384 831 3433; baseline 0.006 -12"><span class='ocrx_word' id='word_1_301' title='bbox 659 3395 694 3421; x_wconf 76' lang='lat' dir='ltr'><strong>a.</strong></span> <span class='ocrx_word' id='word_1_302' title='bbox 728 3384 773 3433; x_wconf 64' lang='grc' dir='ltr'><strong>ᾧ·</strong></span> <span class='ocrx_word' id='word_1_303' title='bbox 800 3400 831 3422; x_wconf 88' lang='lat' dir='ltr'><strong>c.</strong></span> 
     </span>
    </p>
   </div>
   <div class='ocr_carea' id='block_1_5' title="bbox 539 3447 2480 3725">
    <p class='ocr_par' dir='ltr' id='par_1_6' title="bbox 539 3447 2480 3725">
     <span class='ocr_line' id='line_1_34' title="bbox 659 3447 2477 3509; baseline 0.001 -17"><span class='ocrx_word' id='word_1_304' title='bbox 659 3448 700 3492; x_wconf 91' lang='lat'><strong>1.</strong></span> <span class='ocrx_word' id='word_1_305' title='bbox 735 3447 802 3493; x_wconf 83' lang='lat' dir='ltr'><strong>Of.</strong></span> <span class='ocrx_word' id='word_1_306' title='bbox 824 3448 957 3492; x_wconf 88' lang='lat' dir='ltr'><strong>Decr.</strong></span> <span class='ocrx_word' id='word_1_307' title='bbox 980 3447 1184 3493; x_wconf 85' lang='lat' dir='ltr'><strong>Gratiani</strong></span> <span class='ocrx_word' id='word_1_308' title='bbox 1203 3450 1248 3494; x_wconf 90' lang='lat' dir='ltr'><strong>H</strong></span> <span class='ocrx_word' id='word_1_309' title='bbox 1276 3451 1351 3494; x_wconf 89' lang='lat' dir='ltr'><strong>c.I</strong></span> <span class='ocrx_word' id='word_1_310' title='bbox 1381 3464 1423 3507; x_wconf 90' lang='lat' dir='ltr'><strong>q.</strong></span> <span class='ocrx_word' id='word_1_311' title='bbox 1448 3452 1487 3508; x_wconf 91' lang='lat'><strong>1,</strong></span> <span class='ocrx_word' id='word_1_312' title='bbox 1510 3451 1561 3509; x_wconf 72' lang='grc' dir='ltr'><strong>ὃς</strong></span> <span class='ocrx_word' id='word_1_313' title='bbox 1593 3454 1639 3495; x_wconf 92' lang='lat' dir='ltr'><strong>et</strong></span> <span class='ocrx_word' id='word_1_314' title='bbox 1669 3449 1714 3495; x_wconf 87' lang='lat' dir='ltr'><strong>S.</strong></span> <span class='ocrx_word' id='word_1_315' title='bbox 1737 3449 1872 3505; x_wconf 85' lang='lat' dir='ltr'><strong>Greg.</strong></span> <span class='ocrx_word' id='word_1_316' title='bbox 1894 3448 2092 3504; x_wconf 86' lang='lat' dir='ltr'><strong>Registri</strong></span> <span class='ocrx_word' id='word_1_317' title='bbox 2121 3449 2172 3493; x_wconf 92' lang='lat' dir='ltr'><strong>L.</strong></span> <span class='ocrx_word' id='word_1_318' title='bbox 2194 3448 2284 3493; x_wconf 91' lang='lat' dir='ltr'><strong>XII</strong></span> <span class='ocrx_word' id='word_1_319' title='bbox 2313 3461 2384 3506; x_wconf 92' lang='lat' dir='ltr'><strong>ep.</strong></span> <span class='ocrx_word' id='word_1_320' title='bbox 2406 3449 2477 3506; x_wconf 89' lang='grc'><strong>29,</strong></span> 
     </span>
     <span class='ocr_line' id='line_1_35' title="bbox 541 3518 2478 3579; baseline 0.002 -16"><span class='ocrx_word' id='word_1_321' title='bbox 541 3518 654 3576; x_wconf 90' lang='lat' dir='ltr'><strong>Opp.</strong></span> <span class='ocrx_word' id='word_1_322' title='bbox 695 3520 766 3564; x_wconf 90' lang='lat' dir='ltr'><strong>ed.</strong></span> <span class='ocrx_word' id='word_1_323' title='bbox 805 3521 1090 3567; x_wconf 88' lang='lat' dir='ltr'><strong>Benedictini</strong></span> <span class='ocrx_word' id='word_1_324' title='bbox 1128 3522 1181 3567; x_wconf 90' lang='lat' dir='ltr'><strong>T.</strong></span> <span class='ocrx_word' id='word_1_325' title='bbox 1202 3522 1247 3567; x_wconf 94' lang='lat' dir='ltr'><strong>II</strong></span> <span class='ocrx_word' id='word_1_326' title='bbox 1290 3524 1419 3568; x_wconf 91' lang='grc'><strong>1200.</strong></span> <span class='ocrx_word' id='word_1_327' title='bbox 1578 3525 1619 3568; x_wconf 90' lang='grc'><strong>2.</strong></span> <span class='ocrx_word' id='word_1_328' title='bbox 1661 3523 1764 3567; x_wconf 89' lang='lat' dir='ltr'><strong>Isai.</strong></span> <span class='ocrx_word' id='word_1_329' title='bbox 1798 3523 1845 3578; x_wconf 90' lang='lat'><strong>1,</strong></span> <span class='ocrx_word' id='word_1_330' title='bbox 1881 3522 1949 3565; x_wconf 89' lang='lat'><strong>13.</strong></span> <span class='ocrx_word' id='word_1_331' title='bbox 2105 3522 2147 3566; x_wconf 87' lang='lat'><strong>3.</strong></span> <span class='ocrx_word' id='word_1_332' title='bbox 2187 3522 2291 3566; x_wconf 86' lang='lat' dir='ltr'><strong>Isai.</strong></span> <span class='ocrx_word' id='word_1_333' title='bbox 2325 3523 2373 3579; x_wconf 90' lang='lat'><strong>1,</strong></span> <span class='ocrx_word' id='word_1_334' title='bbox 2407 3522 2478 3567; x_wconf 85' lang='lat'><strong>15.</strong></span> 
     </span>
     <span class='ocr_line' id='line_1_36' title="bbox 539 3592 2480 3653; baseline 0.002 -18"><span class='ocrx_word' id='word_1_335' title='bbox 539 3592 583 3636; x_wconf 83' lang='lat'><strong>4.</strong></span> <span class='ocrx_word' id='word_1_336' title='bbox 613 3593 802 3637; x_wconf 87' lang='lat' dir='ltr'><strong>Malach.</strong></span> <span class='ocrx_word' id='word_1_337' title='bbox 824 3595 866 3650; x_wconf 82' lang='lat'><strong>2,</strong></span> <span class='ocrx_word' id='word_1_338' title='bbox 889 3595 929 3638; x_wconf 92' lang='lat'><strong>1.</strong></span> <span class='ocrx_word' id='word_1_339' title='bbox 952 3595 994 3638; x_wconf 91' lang='grc'><strong>2.</strong></span> <span class='ocrx_word' id='word_1_340' title='bbox 1113 3596 1155 3642; x_wconf 88' lang='lat'><strong>5.</strong></span> <span class='ocrx_word' id='word_1_341' title='bbox 1187 3595 1376 3640; x_wconf 88' lang='lat' dir='ltr'><strong>Malach.</strong></span> <span class='ocrx_word' id='word_1_342' title='bbox 1399 3598 1440 3653; x_wconf 95' lang='grc'><strong>2,</strong></span> <span class='ocrx_word' id='word_1_343' title='bbox 1462 3597 1505 3641; x_wconf 92' lang='grc'><strong>8.</strong></span> <span class='ocrx_word' id='word_1_344' title='bbox 1626 3597 1667 3640; x_wconf 90' lang='grc'><strong>6.</strong></span> <span class='ocrx_word' id='word_1_345' title='bbox 1698 3593 1887 3639; x_wconf 88' lang='lat' dir='ltr'><strong>Malach.</strong></span> <span class='ocrx_word' id='word_1_346' title='bbox 1911 3595 1951 3651; x_wconf 90' lang='lat'><strong>1,</strong></span> <span class='ocrx_word' id='word_1_347' title='bbox 1975 3595 2015 3639; x_wconf 83' lang='lat'><strong>7.</strong></span> <span class='ocrx_word' id='word_1_348' title='bbox 2137 3595 2177 3639; x_wconf 84' lang='lat'><strong>7.</strong></span> <span class='ocrx_word' id='word_1_349' title='bbox 2209 3593 2255 3639; x_wconf 84' lang='lat' dir='ltr'><strong>S.</strong></span> <span class='ocrx_word' id='word_1_350' title='bbox 2273 3593 2480 3651; x_wconf 81' lang='lat' dir='ltr'><strong>Gregorii</strong></span> 
     </span>
     <span class='ocr_line' id='line_1_37' title="bbox 539 3664 1980 3725; baseline 0.003 -17"><span class='ocrx_word' id='word_1_351' title='bbox 539 3664 738 3721; x_wconf 86' lang='lat' dir='ltr'><strong>Registri</strong></span> <span class='ocrx_word' id='word_1_352' title='bbox 765 3667 817 3710; x_wconf 90' lang='lat' dir='ltr'><strong>L.</strong></span> <span class='ocrx_word' id='word_1_353' title='bbox 838 3667 905 3710; x_wconf 92' lang='lat' dir='ltr'><strong>IX</strong></span> <span class='ocrx_word' id='word_1_354' title='bbox 935 3679 1007 3724; x_wconf 90' lang='lat' dir='ltr'><strong>ep.</strong></span> <span class='ocrx_word' id='word_1_355' title='bbox 1031 3669 1130 3725; x_wconf 87' lang='grc'><strong>110,</strong></span> <span class='ocrx_word' id='word_1_356' title='bbox 1163 3668 1274 3725; x_wconf 86' lang='lat' dir='ltr'><strong>Opp.</strong></span> <span class='ocrx_word' id='word_1_357' title='bbox 1297 3669 1368 3713; x_wconf 85' lang='lat' dir='ltr'><strong>ed.</strong></span> <span class='ocrx_word' id='word_1_358' title='bbox 1390 3669 1673 3713; x_wconf 89' lang='lat' dir='ltr'><strong>Benedictini</strong></span> <span class='ocrx_word' id='word_1_359' title='bbox 1702 3668 1756 3712; x_wconf 92' lang='lat' dir='ltr'><strong>T.</strong></span> <span class='ocrx_word' id='word_1_360' title='bbox 1777 3667 1822 3712; x_wconf 94' lang='grc' dir='ltr'>Π</span> <span class='ocrx_word' id='word_1_361' title='bbox 1852 3668 1980 3712; x_wconf 84' lang='grc'><strong>1017.</strong></span> 
     </span>
    </p>
   </div>
  </div>
 </body>
</html>
