2782 4198
809 320 1084 360 GREGORII
1121 323 1200 360 vn
1237 321 1503 360 REGISTRI
1538 323 1597 360 rv
1625 323 1685 359 13.
1715 322 1775 359 14.
2155 310 2258 363 261

322 439 492 510 palem
533 455 711 492 curam
749 440 994 509 pertinet,
1035 440 1147 493 sine
1184 439 1420 508 legitima
1459 440 1800 510 dispositione
1828 443 1878 494 et
1905 439 2265 495 emendatione
2312 447 2425 492 1077

320 553 414 606 pro
455 551 632 589 eorum
658 535 859 603 garritu
887 539 976 589 aut
1002 537 1294 590 temeritate
1321 534 1594 604 dimittas]
1655 535 1796 589 Data
1819 536 1876 589 in
1900 534 2266 604 Longobardia
2293 507 2401 544 Mam
2423 510 2442 545 1

319 632 375 684 in
411 630 550 699 loco,
600 631 689 700 qui
729 631 918 684 dicitur
958 629 1283 702 Carpineta¹‚
1322 631 1572 685 Kalendis
1610 630 1814 700 Martii,
1853 631 2136 687 indictione
2178 634 2261 686 15.

317 801 396 865 IV
426 807 523 863 14.
559 808 892 863 Carnotenses
940 811 1199 874 hortatur,
1250 819 1309 861 ut
1353 810 1410 861 in
1461 808 1628 861 locum
1670 809 1887 862 Roberti
1923 811 2156 880 episcopi
2191 812 2263 862 si-

559 909 789 959 moniaci
825 917 871 959 et
898 908 1112 977 periuri
1146 922 1484 957 successorem
1524 904 1732 973 eliyant.

469 1015 750 1084 Gregorius
787 1016 1058 1086 episcopus
1099 1031 1278 1068 servus
1319 1030 1587 1068 servorum
1613 1013 1714 1067 Dei
1751 1014 1997 1067 universo
2036 1013 2173 1067 clero
2214 1019 2266 1068 et
2313 1026 2425 1069 1077

319 1112 512 1182 populo
533 1112 865 1166 Carnotensis
891 1111 1136 1166 ecclesiae
1157 1110 1378 1164 salutem
1400 1114 1452 1163 et
1472 1110 1813 1180 apostolicam
1833 1110 2262 1163 benedictionem.
2294 1085 2402 1123 Mam
2422 1087 2447 1123 4

467 1208 791 1277 Quamquam
827 1208 883 1261 id
918 1208 1094 1278 ipsum
1133 1207 1200 1260 ad
1240 1223 1390 1260 aures
1417 1211 1619 1260 vestras
1646 1206 1947 1276 pervenisse
1975 1206 2263 1275 credamuS,

319 1310 510 1372 tamen,
550 1308 609 1357 ut
645 1303 789 1357 nulla
825 1304 962 1356 inter
999 1320 1091 1357 vos
1132 1303 1324 1356 diversi
1349 1303 1574 1356 rumoris
1604 1306 1693 1355 aut
1720 1301 1981 1373 opinionis
2010 1302 2263 1356 dissensio

318 1417 527 1454 causam
574 1399 674 1452 Dei
720 1399 975 1469 impedire
1022 1399 1220 1467 valeat,
1269 1416 1365 1469 per
1413 1403 1745 1469 praesentem
1795 1398 2070 1469 epistolam
2116 1398 2264 1453 vobis

315 1495 581 1549 notificare
629 1496 845 1563 dignum
886 1496 1156 1549 duximus:
1210 1495 1345 1564 quod
1385 1494 1642 1549 Robertus
1682 1490 2013 1562 monachus²‚
2055 1494 2143 1562 qui
2182 1511 2265 1548 ec-

315 1592 526 1645 clesiam
564 1596 794 1645 vestram
832 1592 1057 1645 nefanda
1096 1591 1379 1646 ambitione
1420 1591 1710 1661 occupavit,
1755 1591 1811 1643 in
1849 1589 2073 1644 terribili
2111 1590 2266 1660 eulpa

311 1688 530 1758 periurii
579 1705 634 1742 se
683 1688 958 1756 obligavit3
1009 1705 1127 1741 cum
1168 1688 1526 1758 episcopatum
1562 1687 1713 1740 illum
1752 1717 1821 1722 —
1861 1686 2000 1739 haud
2040 1685 2194 1740 dubie
2235 1703 2265 1739 a

312 1789 492 1838 nostro
530 1785 701 1852 legato
742 1785 1087 1838 commonitus
1127 1814 1196 1820 —
1239 1784 1373 1837 sicut
1399 1801 1558 1853 supra
1585 1799 1774 1853 corpus
1800 1782 1939 1836 beati
1966 1781 2111 1836 Petri
2139 1798 2263 1852 apo-

315 1881 566 1934 stolorum
605 1881 858 1951 principis
898 1877 1207 1949 iuraverat³,
1249 1880 1512 1933 dimittere
1551 1879 1735 1947 noluit,
1777 1882 1828 1932 et
1868 1878 1995 1946 alia,
2037 1894 2169 1947 quae
2206 1878 2263 1931 in

314 1977 495 2030 eodem
553 1982 877 2031 sacramento
934 1977 1270 2045 tenebantur,
1330 1976 1557 2044 infregit.
1635 1974 1784 2029 Unde
1835 1973 2121 2045 apostolica
2169 1991 2262 2028 vos

315 2074 622 2127 auctoritate
660 2090 930 2127 monemus
959 2077 1114 2142 atque
1141 2073 1519 2143 praecipimus:
1561 2076 1620 2125 ut
1647 2089 1763 2125 eum
1791 2070 2088 2124 nullatenus
2117 2070 2262 2124 dein-

313 2186 434 2239 ceps
472 2187 568 2239 pro
610 2170 852 2240 episcopo
894 2174 984 2223 aut
1021 2170 1230 2222 domino
1270 2169 1524 2236 habeatiS,
1563 2184 1660 2221 nec
1699 2167 1930 2236 aliquam
1968 2166 2068 2220 sibi
2108 2166 2261 2220 oboe-

312 2265 562 2318 dientiam
609 2266 693 2319 vel
739 2267 1010 2319 servitium
1060 2265 1366 2319 exhibeatis
1518 2264 1739 2331 Verum,
1794 2279 1860 2316 ne
1908 2262 2126 2316 ecclesia
2170 2262 2264 2316 illa

312 2361 505 2416 diutius
546 2362 658 2415 sine
695 2367 906 2432 pastore
944 2366 1214 2416 remaneat
1250 2361 1335 2415 vel
1372 2361 1618 2414 introitus
1647 2361 1758 2414 eius
1786 2358 2115 2430 symoniacae
2142 2358 2263 2412 sub-

311 2459 539 2528 reptioni
589 2459 806 2512 ulterius
853 2462 1061 2529 pateat,
1111 2458 1293 2512 eadem
1341 2457 1651 2511 auctoritate
1688 2456 1837 2511 vobis
1884 2454 2260 2525 praecipimus:

314 2557 396 2620 ut,
447 2555 749 2623 praemissis
799 2555 1120 2612 orationibus
1167 2559 1323 2623 atque
1361 2554 1605 2607 triduano
1645 2551 1839 2605 ieiunio
1879 2550 2263 2622 cum-helemo-

316 2649 460 2717 siniS‚
499 2667 594 2719 pro
633 2651 826 2703 nullius
864 2652 1052 2704 timore
1090 2650 1175 2704 vel
1214 2650 1401 2719 gratia,
1441 2667 1536 2720 pro
1563 2648 1709 2702 nulla
1733 2664 1964 2716 unquam
1992 2647 2263 2701 occasione

315 2746 762 2814 praetermittatiS,
804 2747 930 2815 quin
967 2747 1126 2800 talem
1164 2747 1312 2800 vobis
1350 2747 1407 2799 in
1446 2746 1749 2816 episcopum
1777 2744 2000 2813 eligatiS‚
2041 2744 2131 2812 qui
2156 2761 2263 2797 non

315 2841 523 2894 aliunde
563 2842 695 2895 sicut
731 2842 815 2894 fur
855 2846 906 2895 et
941 2842 1093 2910 latro,
1134 2843 1226 2895 sed
1263 2859 1357 2912 per
1397 2842 1588 2895 ostium
1627 2842 1831 2894 intrans
1870 2843 2051 2910 pastor
2086 2840 2261 2893 ovium

313 2938 489 2991 vocari
528 2942 579 2990 et
618 2954 729 2991 esse
770 2934 995 2991 debeat⁴.
1055 2937 1188 2990 Illud
1229 2938 1368 2991 enim
1409 2938 1609 3005 scitote,
1652 2936 1914 3005 quoniam,
1956 2936 2002 2988 si
2041 2936 2156 3004 quis
2197 2936 2263 2988 ad

312 3034 487 3087 sedem
520 3033 666 3087 illam
693 3037 874 3087 contra
897 3034 1131 3101 regulam
1161 3038 1459 3087 sanctorum
1484 3037 1696 3104 patrum
1723 3032 2049 3102 aspiraverit,
2087 3031 2262 3101 ipsum

313 3133 364 3184 et
403 3147 581 3183 omnes
619 3130 848 3183 fautores
889 3130 998 3183 eius
1037 3130 1121 3183 vel
1157 3130 1213 3182 in
1253 3147 1314 3182 ea
1339 3147 1395 3183 re
1423 3130 1803 3183 consentientes
1832 3126 2117 3198 apostolica
2143 3143 2261 3180 cen-

313 3243 434 3279 sura
481 3230 532 3280 et
580 3226 927 3279 anathematis
975 3226 1147 3294 gladio
1195 3225 1441 3279 feriemus
1481 3229 1533 3278 et
1573 3242 1603 3278 a
1642 3241 1858 3294 corpore
1896 3223 2057 3276 totius
2099 3222 2261 3276 eccle-

312 3323 419 3376 siae
458 3323 769 3376 decidemus
850 3321 1179 3391 Quapropter
1216 3325 1558 3388 mementote,
1610 3319 1749 3388 quod
1786 3335 1938 3372 nemo
1976 3335 2072 3388 pro
2113 3318 2259 3372 vobis

313 3436 515 3488 passm,
555 3436 707 3472 nemo
746 3435 842 3488 pro
883 3418 1029 3471 vobis
1068 3421 1304 3470 mortuus
1346 3420 1425 3470 est
1459 3416 1562 3469 nisi
1590 3415 1845 3468 Christus
1907 3413 2065 3467 Cuius
2103 3414 2259 3468 liber-

311 3518 475 3569 tatem
514 3516 648 3569 sicut
688 3515 863 3568 dilecti
900 3513 998 3566 filii
1035 3514 1134 3567 Dei
1173 3516 1408 3566 tenentes
1449 3516 1501 3566 et
1539 3511 1902 3579 defendenteS‚
1942 3511 2123 3578 iugum
2161 3511 2260 3564 ini-

430 3647 470 3689 1.
505 3645 745 3702 Carpineti,
778 3658 806 3688 a
825 3644 969 3701 Regio
991 3644 1050 3688 ad.
1074 3644 1321 3688 meridiem.
1442 3644 1483 3686 2.
1517 3640 1694 3698 de'quo
1726 3640 1782 3686 cf.
1805 3643 1855 3685 L.
1874 3642 1917 3686 V
1948 3654 2018 3698 ep.
2043 3641 2098 3685 11
2129 3639 2258 3685 infra.

311 3719 353 3763 3.
385 3733 429 3763 v.
462 3720 512 3763 L.
535 3719 602 3763 ΠΙ
633 3721 726 3763 17a
757 3733 894 3776 supra
923 3733 967 3776 p.
991 3720 1091 3762 232.
1241 3717 1283 3761 4.
1318 3715 1385 3761 Cf.
1409 3716 1503 3760 Ioh.
1529 3717 1598 3772 10,
1621 3717 1662 3760 2.
