2730 4198
476 273 585 327 664
955 285 1303 325 Bom'rnoms
1341 287 1419 323 AD
1456 285 1684 324 AMICUM
1719 287 1828 324 Lm.
1854 287 1935 324 vn

333 407 446 452 1075
624 400 781 456 Forte
826 402 906 455 his
955 401 1135 455 diebus
1172 401 1285 454 Deo
1335 401 1540 454 odibilis
1590 401 1678 455 ille
1717 400 1962 471 Oeneius,
2014 403 2077 457 de
2116 420 2216 472 quo
2255 419 2414 474 supra

477 496 768 566 retulimus,
810 515 842 551 a
879 497 1108 567 prefecto
1146 496 1290 549 urbis
1316 495 1512 549 Romae
1550 499 1732 565 captus
1761 497 2049 551 tenebatur.
2109 498 2208 562 Qui
2234 515 2414 552 secun-

477 593 601 646 dum
626 590 886 646 Romanas
923 592 1064 659 leges
1104 590 1380 661 capitalem
1420 591 1649 661 suscepit
1674 593 2000 646 sententiam.
2061 592 2152 648 Set
2175 594 2414 664 precibus

477 687 733 756 gloriosae
771 687 1013 755 Matilde,
1055 703 1154 755 que
1190 686 1265 740 ibi
1305 686 1486 739 aderat
1521 685 1626 738 illis
1666 686 1864 755 diebus,
1904 691 1957 741 et
1992 689 2277 743 multorum
2313 688 2415 742 Ro-

475 800 749 836 manorum
788 783 981 836 civium
1018 782 1109 836 vix
1149 782 1385 850 emeruit,
1423 786 1483 835 ut
1519 781 1669 835 vivus
1709 782 2076 852 dimitteretur,
2117 785 2250 837 datis
2278 784 2416 838 obsi-

477 878 627 932 dibus
676 879 732 931 in
778 895 938 931 manu
974 895 1144 948 papae
1184 882 1235 932 et
1270 878 1405 931 turri
1416 885 1450 945 ⁸,
1497 894 1592 948 per
1631 894 1787 946 quam
1829 878 1894 932 ad
1933 878 2101 932 celum
2139 879 2416 934 ascendere

475 973 740 1028 nitebatur
755 970 784 1026 ¹.
844 973 953 1037 Que
990 974 1225 1027 funditus
1265 973 1531 1026 destructa
1569 977 1663 1026 est.

623 1069 830 1123 Interea
870 1068 1147 1123 Guibertus
1186 1068 1432 1122 Ravenne
1482 1073 1663 1122 contra
1710 1069 1978 1122 dominum
2025 1086 2175 1123 suum
2224 1087 2417 1141 papam

476 1164 661 1218 callide
701 1165 1017 1218 armabatur.
1075 1165 1212 1217 Nam
1252 1164 1358 1217 suis
1395 1164 1562 1218 literis
1601 1165 1913 1218 conveniens
1953 1166 2241 1219 cervicosos
2278 1165 2418 1220 Lon-

476 1259 732 1328 gobardos
772 1260 1060 1329 episcopos,
1100 1264 1153 1313 et
1188 1259 1435 1329 precipue
1470 1259 1745 1313 Tetaldum
1769 1259 2212 1315 Mediolanensem
2251 1261 2418 1316 archi-

477 1355 807 1424 episcopum,
854 1354 1166 1408 mirabiliter
1214 1360 1395 1409 contra
1431 1373 1624 1426 papam
1663 1356 1964 1424 instigabat.
2044 1355 2134 1411 Set
2173 1357 2418 1427 quoniam

475 1450 627 1503 istius
655 1450 858 1503 Tetaldi
892 1450 1087 1503 mentio
1113 1450 1252 1504 facta
1279 1456 1372 1520 est,
1414 1451 1636 1520 qualiter
1663 1451 1727 1505 ad
1753 1451 2193 1506 Mediolanensem
2219 1452 2421 1507 venerit

476 1546 852 1616 episcopatum,
892 1545 1137 1614 breviter,
1178 1546 1222 1599 si
1258 1550 1459 1617 potem,
1498 1547 1767 1600 intimab0.

625 1640 862 1695 Glorioso
887 1639 1212 1695 Erlimbaldo
1251 1659 1347 1712 pro
1373 1643 1584 1695 nomine
1609 1641 1725 1695 Iesu
1749 1643 2093 1712 martirizato,
2135 1659 2252 1697 cum
2277 1660 2418 1698 mors

477 1737 585 1791 eius
622 1737 734 1806 regi
768 1737 956 1790 fuisset
990 1738 1253 1806 nunciata,
1293 1755 1494 1791 memor
1531 1738 1894 1808 promissionis
1923 1756 2064 1807 suae,
2105 1756 2262 1808 quam
2299 1743 2429 1793 ante'

474 1832 950 1887 Mediolanensibus
989 1833 1304 1903 promiserat
1342 1834 1646 1904 capitaneiS,
1686 1851 1811 1887 mox
1850 1834 1913 1887 ad
1953 1833 2189 1888 Italicam
2213 1838 2420 1904 partem

476 1929 759 1982 destinavit
803 1929 1044 1983 comitem
1085 1925 1444 1982 Everardum²
1483 1946 1633 1983 suum
1675 1930 2054 1997 consiliarium3
2107 1947 2260 1999 quem
2300 1935 2420 1985 ante

474 2042 616 2096 papa
640 2025 942 2079 Alexander
968 2026 1525 2079 excommunicaverat.
1586 2025 1701 2094 Qui,
1740 2026 1955 2080 veniens
1981 2025 2418 2095 Longobardiam,

475 2138 601 2175 mox
637 2121 692 2174 in
717 2121 968 2175 Roncalia
1006 2121 1203 2175 curiam
1235 2123 1586 2190 congregavit,
1625 2122 1801 2191 ibique
1826 2121 2298 2176 Mediolanensibus
2323 2138 2419 2192 pro

476 2220 644 2271 morte
669 2216 984 2271 Erlimbaldi
1022 2217 1218 2285 gratias
1259 2233 1434 2285 agenS,
1476 2234 1562 2271 eos
1588 2222 1734 2271 trans
1761 2222 1964 2271 montes
1990 2218 2258 2284 invitavit3
2298 2234 2418 2287 pro-

475 2313 689 2366 mittens
730 2313 821 2381 613,
861 2313 1129 2366 dominum
1169 2329 1320 2365 suum
1360 2313 1680 2383 episcopum,
1721 2330 1875 2383 quem
1907 2313 2117 2381 vellent,
2159 2313 2416 2366 daturum.

475 2408 680 2462 Dehinc
706 2425 883 2462 omnes
909 2407 1181 2462 Paterinos
1207 2408 1443 2477 publicos
1470 2409 1608 2476 regis
1635 2408 1879 2462 clamavit
1902 2408 2158 2462 inimicos.
2271 2406 2420 2462 Mox-

479 2521 578 2573 que
602 2503 951 2572 Placentinos,
989 2503 1064 2556 ibi
1101 2504 1157 2556 in
1193 2504 1365 2558 vicino
1404 2504 1621 2574 positOS,
1663 2521 1779 2558 cum
1818 2508 2034 2574 propter
2070 2503 2420 2574 pusillanimi-

476 2603 642 2653 tatem
700 2600 861 2653 animi
908 2590 1195 2653 invenisset
1240 2600 1535 2670 inparatos,
1592 2599 1868 2669 plerosque
1917 2600 1981 2654 ab
2026 2599 2156 2653 urbe
2202 2599 2419 2668 fugavit,

479 2695 730 2764 quosdam
769 2712 892 2749 vero
929 2696 987 2748 in
1020 2695 1344 2750 dedicionem
1371 2696 1534 2766 cepit;
1576 2695 1665 2764 qui
1691 2695 1906 2749 consilio
1933 2695 2265 2749 beatissimae
2288 2694 2420 2749 Bea-

477 2790 624 2844 tricis
669 2790 878 2845 liberati
917 2795 1053 2845 sunt.
1207 2791 1581 2846 Cremonenses
1620 2808 1769 2860 vero,
1822 2808 1950 2860 quos
1987 2789 2110 2844 fidei
2146 2791 2329 2861 plenos
2368 2794 2421 2845 et

478 2886 758 2941 virtutibus
806 2887 1034 2940 munitos
1084 2887 1308 2956 audivit,
1356 2904 1463 2941 non
1498 2904 1594 2958 pro
1634 2887 1735 2941 Dei
1773 2888 1988 2955 timore,
2039 2890 2118 2940 set
2156 2887 2278 2956 quia
2314 2903 2419 2940 non

477 2983 666 3053 potuit,
704 2983 942 3036 inmunes
982 2983 1275 3052 dereliquit.
1416 2983 1552 3046 Quid
1589 2983 1773 3053 plura?
1830 2983 2048 3051 Eligunt
2086 2982 2186 3036 sibi
2223 2981 2419 3035 Medio-

477 3078 716 3132 lanenses
764 3079 1050 3149 capitanei,
1102 3079 1439 3132 ecclesiarum
1485 3079 1807 3147 venditoreS,
1858 3096 1923 3132 ex
1970 3081 2216 3148 precepto
2262 3076 2418 3145 regis,

480 3175 859 3228 communicato
899 3175 1126 3245 pessimo
1158 3175 1390 3243 consili0,
1431 3175 1717 3229 Tedaldum
1742 3173 2144 3228 Mediolanensis
2172 3172 2419 3226 ecclesiae

480 3269 750 3338 clericum,
789 3271 879 3339 qui
918 3274 1039 3324 ante
1078 3269 1344 3324 Gotefrido
1383 3270 1688 3324 fidelitatem
1725 3271 2005 3337 iuraverat,
2044 3269 2216 3322 virum
2254 3267 2418 3320 nobili

482 3365 690 3433 quidem
737 3383 925 3433 genere
972 3369 1145 3419 ortum
1184 3370 1235 3420 et
1274 3366 1400 3420 satis
1440 3382 1655 3436 corpore
1693 3366 1967 3436 pinguem,
2018 3367 2098 3417 set
2134 3363 2417 3418 virtutibus

480 3464 704 3514 tenuem.
770 3460 923 3515 Hunc
962 3461 1124 3516 talem
1165 3478 1341 3516 secum
1379 3462 1445 3515 ad
1482 3478 1659 3531 regem
1699 3462 1907 3515 ducunt.
1977 3459 2139 3523 Quem
2177 3476 2289 3529 rex,
2329 3459 2419 3513 ob-

599 3595 631 3621 a.
665 3585 799 3623 turrim
825 3600 856 3623 c.

600 3662 639 3705 1.
674 3661 741 3707 Cf.
765 3662 929 3708 Genes.
952 3664 1022 3721 11,
1044 3664 1088 3708 4.
1238 3665 1280 3708 2.
1311 3664 1378 3710 IV
1408 3664 1617 3709 comitem
1649 3663 1705 3707 de
1734 3660 2023 3718 Nellenburg.
