2730 4198
550 292 660 345 444
1022 305 1295 344 GREGORH
1332 306 1410 342 vn
1447 304 1709 343 REGISTRI
1747 305 1846 342 vm
1874 305 1934 342 13.
1962 306 2022 342 14.

391 427 506 472 1080
551 423 662 477 Deo
710 426 918 476 auctore
967 420 1204 490 quamvis
1250 420 1451 488 indigni
1494 420 1878 490 praesidemus,
1927 436 2044 475 cum
2083 420 2483 476 sollicitudinem

374 487 454 526 Oct.
474 489 522 527 15

368 2915 484 2959 1080

347 2975 439 3014 Dec.
459 2977 505 3014 11

550 522 784 572 nostram
828 532 1100 570 monemur
1151 516 1408 570 universis
1460 515 1737 569 extendere
1776 518 1888 568 tum
1928 517 2066 570 circa
2104 517 2483 586 quodammodo

549 613 698 667 nobis
737 612 1114 665 coniunctiores
1154 611 1452 679 diligentius
1492 610 1852 681 compellimur
1876 611 2164 681 invigilare,
2206 612 2485 666 aecclesiae

548 712 751 762 vestrae
798 707 1207 761 devastationem
1255 724 1360 760 non
1412 706 1634 760 alienam
1678 710 1922 776 putantes
1963 707 2052 760 sed
2091 708 2238 776 quasi
2275 711 2484 762 nostrae

548 804 694 858 cuius
734 802 972 874 specialis
1013 801 1119 855 filia
1158 806 1236 856 est
1274 802 1633 871 condolentes,
1684 818 1801 855 cum
1840 801 2055 855 consilio
2096 807 2248 871 atque
2289 802 2483 856 auxilio

549 900 781 953 omnium
819 902 1066 966 vestrum,
1108 899 1196 966 qui
1220 898 1390 952 Deum
1428 898 1641 966 timetiS,
1682 897 1919 951 volumus
1959 901 2010 951 et
2037 875 2394 951 desideramus
2419 897 2486 951 ad

548 995 820 1064 antiquum
868 994 1130 1064 specimen
1180 998 1231 1047 et
1276 993 1540 1061 religionis
1590 997 1810 1062 statum,
1858 993 1912 1047 in
1963 998 2215 1062 quantum
2258 992 2483 1046 Domino

545 1090 800 1158 largiente
837 1089 1142 1159 poterimuS,
1184 1106 1298 1142 eam
1335 1089 1594 1142 reducere.
1672 1089 1835 1157 Igitur
1872 1088 1961 1142 illo
2000 1089 2211 1158 putrido
2250 1088 2482 1143 membro

545 1185 716 1254 gladio
767 1185 1314 1238 excommunicationis
1364 1186 1535 1239 exciso
1577 1189 1731 1253 atque
1770 1186 1870 1253 ita,
1920 1189 1979 1238 ut
2014 1185 2151 1239 inter
2190 1184 2483 1238 sacerdotes

546 1281 702 1334 etiam
741 1281 795 1333 in
836 1284 1105 1333 aeternum
1133 1297 1237 1333 non
1265 1280 1450 1334 debeat
1476 1281 1818 1349 conumerari,
1860 1281 2113 1351 deposito,
2154 1280 2484 1334 dilectionem

544 1380 771 1429 vestram
811 1392 1082 1428 monemus
1123 1391 1183 1428 ac
1220 1392 1315 1445 pro
1356 1376 1522 1430 salute
1547 1381 1722 1430 vestra
1758 1394 2029 1445 rogamus:
2068 1381 2128 1430 ut
2161 1381 2269 1430 toto
2298 1375 2483 1430 affectu

543 1471 835 1540 mentisque
871 1470 1159 1524 intentione
1197 1471 1357 1524 talem
1394 1489 1674 1541 personam
1713 1459 1817 1526 una
1856 1490 1973 1526 cum
2012 1472 2359 1527 confratribus
2389 1489 2481 1526 no-

543 1566 664 1620 stris
692 1566 951 1635 episcopis
980 1570 1031 1619 et
1057 1566 1417 1620 archidiacono
1439 1568 1759 1637 caeterisque
1780 1569 2028 1637 diaconiS,
2057 1586 2184 1638 quos
2204 1572 2484 1640 propterea

543 1661 610 1715 ad
646 1678 738 1715 vos
776 1665 959 1714 nostra
995 1662 1107 1714 vice
1147 1661 1450 1730 direximus,
1497 1664 1748 1717 studeatis
1788 1664 1994 1733 eligere,
2036 1682 2168 1734 quae
2205 1668 2350 1718 tanto
2389 1664 2482 1717 ho-

540 1757 683 1825 nori,
735 1757 932 1811 scilicet
969 1757 1131 1811 vestri
1171 1758 1644 1829 archiepiscopatus
1682 1760 1949 1829 regimini,
1991 1760 2274 1813 secundum
2310 1759 2482 1813 Deum

539 1853 779 1907 videatur
825 1858 1134 1924 competere.
1211 1853 1330 1906 Non
1376 1853 1594 1908 ulterius
1645 1855 1915 1909 ecclesiam
1951 1860 2180 1909 vestram
2228 1856 2480 1925 ancillari,

542 1950 792 2003 servitute
843 1950 1071 2019 opprimi
1112 1949 1175 2003 ab
1214 1949 1392 2019 impiis
1431 1950 1670 2004 manibus
1709 1952 2010 2022 patiamini3
2059 1952 2150 2005 sed
2188 1952 2322 2006 sicut
2358 1951 2482 2006 boni

540 2044 634 2098 filii
686 2062 802 2098 eam
849 2045 1121 2099 nobiscum
1167 2045 1223 2098 in
1261 2050 1580 2115 maternam,
1630 2046 1727 2100 hoc
1766 2051 1845 2101 est
1880 2048 2144 2102 Romanae
2184 2047 2479 2117 aecclesiae,
2548 2120 2550 2122 ,

537 2141 833 2195 libertatem
879 2141 1156 2195 vendicare
1205 2135 1450 2210 satagite3
1501 2144 1745 2211 quatinus
1797 2147 1849 2198 et
1893 2145 2143 2198 honorem
2179 2143 2306 2213 Dei,
2356 2144 2479 2197 dum

539 2254 728 2307 sponse
767 2237 877 2290 eius
918 2241 1127 2291 sanctae
1167 2237 1443 2291 aecclesiae
1480 2238 1775 2291 libertatem
1803 2239 2034 2308 diligitiS,
2075 2257 2166 2293 vos
2193 2239 2477 2292 ostendatis

539 2350 733 2401 amare,
773 2337 825 2386 et
864 2337 1104 2387 aeternae
1142 2333 1480 2386 beatitudinis
1518 2333 1860 2387 hereditatem
1899 2336 2047 2404 quasi
2071 2335 2223 2388 liberi
2246 2334 2343 2388 filii
2367 2351 2475 2389 me-

512 2430 639 2483 ·rito
677 2429 891 2499 possitis
931 2433 984 2483 et
1021 2429 1252 2483 debeatis
1292 2445 1518 2499 sperare.
1577 2428 1774 2483 Datum
1812 2429 1932 2483 Idus
1973 2430 2226 2484 Octobris,

539 2599 668 2663 VIII
699 2604 797 2660 14.
843 2606 1188 2670 Ravennates,
1229 2606 1650 2675 Pentapolenses‚
1687 2607 1986 2672 Firmanos,
2019 2607 2328 2678 Spoletanos
2354 2607 2475 2660 hor-

723 2712 890 2767 tatur,
940 2712 997 2754 ut
1037 2701 1304 2754 Richardo
1353 2702 1741 2773 archiepiscopo
1783 2704 2083 2756 Ravennati
2119 2722 2266 2774 opem
2288 2704 2478 2773 ferant

721 2809 903 2851 contra
940 2797 1232 2850 W'z'bertum.

687 2906 967 2976 Gregorius
1007 2907 1280 2978 episcopus
1320 2924 1499 2961 servus
1531 2924 1799 2961 servorum
1825 2907 1925 2962 Dei
1952 2908 2189 2962 omnibus
2217 2907 2472 2978 episcopis

537 3004 810 3058 abbatibus
861 3003 1135 3058 comitibus
1175 3007 1330 3072 atque
1368 3003 1621 3057 militibus
1659 3003 1715 3056 in
1752 3004 2059 3073 parroechia
2094 3003 2383 3057 Ravennati
2421 3007 2474 3057 et

533 3100 590 3153 in
628 3099 903 3171 Pentapoli
939 3115 1036 3154 nec
1073 3116 1178 3152 non
1218 3104 1270 3153 et
1305 3100 1361 3153 in
1398 3099 1633 3153 marchia
1657 3098 1906 3152 Firmana
1945 3104 1996 3153 et
2031 3099 2087 3152 in
2125 3099 2314 3152 ducatu
2341 3097 2471 3168 Spo-

532 3195 693 3250 letino
732 3195 1189 3264 commorantibUS,
1227 3195 1332 3249 illis
1370 3196 1613 3249 videlicet
1652 3196 1740 3264 qui
1777 3195 1987 3249 beatum
2010 3194 2223 3248 Petrum
2249 3194 2472 3262 diligunt

532 3308 701 3362 neque
738 3291 959 3346 vinculis
1000 3292 1550 3345 excommunicationis
1589 3295 1847 3360 tenentur,
1887 3290 2108 3344 salutem
2147 3293 2199 3343 et
2225 3289 2470 3359 apostoli-

533 3404 647 3441 cam
684 3388 1111 3442 benedictionem.

680 3482 873 3537 Notum
911 3483 1059 3537 vobis
1099 3499 1211 3537 esse
1251 3482 1524 3550 credimUS,
1563 3482 1752 3535 fratres
1789 3479 2078 3533 karissimi:
2121 3480 2244 3549 quia
2279 3480 2470 3549 ubique

535 3580 792 3631 terrarum
829 3579 1062 3647 religiosi
1100 3579 1201 3632 viri
1239 3577 1413 3632 clerici
1453 3581 1504 3631 et
1540 3577 1661 3630 laici
1696 3592 1791 3647 per
1829 3575 2054 3643 gratiam
2079 3575 2179 3629 Dei
2217 3591 2312 3629 nos
2352 3575 2469 3629 dili-

534 3676 678 3740 gunt,
719 3677 770 3726 et
808 3690 884 3742 ea,
927 3691 1057 3742 quae
1097 3674 1317 3726 dicimus
1357 3673 1466 3727 sive
1503 3672 1878 3742 praecipimuS,
1917 3670 2139 3725 libenter
2177 3671 2470 3742 approbant
