2730 4198
532 272 639 326 362
1024 284 1296 323 GREGORn
1334 285 1412 321 v11
1447 283 1711 322 REG1s'rR1
1746 284 1806 321 vl
1831 283 1891 321 25.
1918 285 1980 322 26.

372 408 486 451 1079
531 402 825 457 tenendum.
877 401 1127 454 Attamen
1151 399 1378 466 interim,
1404 404 1464 452 ut
1486 398 1632 452 illam
1656 400 2056 470 possessionem,
2083 401 2280 455 scilicet
2306 401 2464 456 eccle-

351 467 460 505 Mm'
480 469 502 506 ⁸
532 498 662 551 siam
701 501 910 549 sanctae
948 495 1143 548 Mariae
1183 495 1246 548 de
1286 494 1468 548 Solaco
1515 495 1578 548 de
1626 511 1730 564 qua
1777 494 1842 548 lis
1888 495 2025 550 inter
2072 513 2165 550 vos
2215 500 2330 549 orta
2368 501 2464 566 est,

532 592 768 646 abbatiae
795 595 1005 644 sanctae
1032 589 1211 643 Crucis
1239 607 1303 643 ex
1329 590 1530 658 integro
1557 590 1820 657 restituaS,
1857 591 2140 660 apostolica
2163 592 2269 646 tibi·
2289 595 2465 645 aucto-

529 688 684 740 ritate
721 686 1095 756 praecipimus3
1138 690 1190 739 et
1214 690 1299 739 ut⁰
1327 686 1515 754 quiete,
1556 685 1718 738 donec
1748 685 1813 738 ad
1837 685 2086 739 iudicium
2112 688 2305 756 veniat,
2343 703 2465 757 pos-

530 782 696 835 sidere
734 782 1032 851 permittaS,
1083 797 1144 834 ex
1193 784 1341 850 parte
1389 780 1529 834 beati
1565 780 1708 834 Petri
1757 779 1980 833 iubendo
2018 797 2303 836 monemus.
2380 781 2465 835 In-

529 877 741 944 dignum
767 877 961 946 quippe
987 893 1099 930 esse
1126 881 1177 930 et
1202 877 1461 930 canonicis
1487 876 1740 930 institutis
1765 876 1922 929 nimis
1949 875 2175 930 alienum
2201 876 2463 930 ducimus:

529 988 738 1025 causam
751 971 787 1038 ¹³,
828 988 958 1040 quae
996 971 1297 1025 ventilanda
1335 977 1430 1039 est,
1470 972 1782 1026 adexamen
1808 971 1995 1025 debere
2021 971 2222 1040 deduci,
2260 971 2364 1024 nisi
2401 971 2465 1026 de

526 1066 680 1120 rebus
718 1067 775 1119 in
810 1066 903 1120 lite
939 1067 1126 1136 positis
1164 1067 1268 1134 ille,
1310 1066 1398 1135 qui
1421 1067 1528 1119 vim
1553 1068 1770 1137 patitur,
1809 1068 1955 1137 prius
1983 1067 2144 1122 fuerit
2169 1067 2462 1121 revestitus.

525 1161 677 1214 quta
715 1178 836 1229 ergo
876 1162 1014 1231 quod
1053 1166 1104 1216 et
1139 1162 1435 1215 monuimus
1475 1166 1526 1216 et
1560 1163 1939 1233 praecepimuS,
1978 1164 2170 1217 iterum
2205 1161 2467 1216 inculcare

526 1265 822 1323 curamus03
857 1274 922 1310 ne
948 1262 1000 1310 te
1026 1257 1242 1310 ulterius
1269 1274 1424 1327 super
1449 1258 1546 1311 hac
1570 1275 1628 1311 re
1654 1259 1787 1312 sicut
1813 1263 2024 1312 actenus
2049 1257 2466 1312 inoboedientem

524 1352 792 1420 repperire
830 1351 1110 1405 valeamus,
1171 1353 1363 1416 Quodsi
1388 1354 1772 1407 inoboedientia
1796 1358 1888 1407 tua
1913 1354 2124 1407 auribus
2150 1354 2343 1407 nostris
2368 1353 2464 1407 ite-

523 1462 639 1498 rum
659 1446 818 1499 fuerit
836 1446 1023 1514 delata,
1046 1448 1180 1501 scias
1200 1448 1570 1516 indubitanter,
1598 1453 1650 1502 te
1675 1449 1809 1502 iram
1835 1449 1975 1503 beati
1993 1448 2136 1503 Petri
2161 1453 2212 1503 et
2230 1453 2465 1502 nostram

522 1541 803 1594 incurrisse
842 1545 894 1594 et
931 1541 1118 1609 dignae
1146 1542 1608 1596 animadversionis
1635 1545 1946 1598 sententiam
1970 1545 2028 1597 in
2052 1545 2344 1615 periculum
2382 1562 2464 1599 or-

524 1635 660 1688 dinis
699 1636 777 1689 tui
813 1652 1138 1706 provocasse.
1216 1637 1355 1690 Data
1390 1637 1553 1690 Rome
1594 1641 1625 1691 8
1664 1638 1785 1692 Idus
1822 1638 2017 1708 Martii,
2053 1640 2337 1694 indictione
2375 1642 2424 1694 2.

522 1803 601 1866 VI
627 1809 727 1867 26.
763 1812 1029 1865 Fulca‘rdo
1076 1813 1360 1866 Insulanae
1407 1815 1820 1882 oonqreqationis
1859 1818 2165 1885 praeposito
2211 1826 2258 1868 et
2306 1834 2463 1869 cano-

762 1910 894 1960 nicis
928 1910 1216 1978 praecipit,
1267 1919 1325 1961 ut
1360 1909 1695 1962 Lambertum
1732 1912 2038 1963 canonicum
2075 1911 2290 1981 benique
2327 1913 2463 1965 emei-

751 2006 913 2073 piant
950 2006 1096 2073 eique
1134 2005 1310 2058 ablata
1347 2006 1583 2058 reddant.

349 2122 462 2165 1079
672 2112 952 2181 Gregorius
980 2114 1253 2184 episcopus
1281 2131 1461 2168 servus
1492 2131 1759 2169 servorum
1784 2114 1884 2169 Dei
1909 2114 2165 2168 Fulcardo
2191 2114 2465 2169 Insulanae

316 2181 423 2219 Mam
445 2183 494 2219 ¹4
523 2209 938 2277 congregationis
955 2206 968 2230 ¹
992 2211 1291 2280 praeposito
1327 2211 1646 2280 caeterisque
1682 2211 1913 2264 eiusdem
1937 2211 2352 2278 congregationis
2379 2227 2463 2265 ca—

523 2305 722 2358 nonicis
760 2309 872 2358 tam
907 2306 1195 2359 minoribus
1236 2322 1393 2374 quam
1430 2306 1714 2359 maioribus
1742 2336 1810 2342 —
1838 2306 1961 2359 licet
1987 2306 2138 2360 aliter
2162 2307 2364 2360 meritis
2392 2337 2460 2344 —-

524 2400 744 2454 salutem
784 2404 836 2454 et
873 2401 1208 2470 apostolicam
1249 2401 1678 2454 benedictionem.

669 2496 787 2549 Non
823 2496 1086 2549 modicum
1125 2495 1411 2550 offendistis
1448 2513 1544 2549 nos
1583 2514 1740 2567 super
1775 2497 1968 2549 iniuria
2014 2500 2067 2550 et
2113 2496 2464 2567 expoliatione

523 2609 699 2646 rerum
735 2590 1015 2646 Lamberto
1059 2590 1167 2645 filio
1215 2591 1426 2645 nostrod
1465 2609 1496 2645 a
1531 2593 1678 2646 vobis
1726 2591 1899 2661 illata,
1948 2593 2110 2645 immo
2147 2593 2204 2645 in
2240 2609 2466 2663 persona

525 2705 620 2741 sua
657 2687 806 2741 nobis
843 2688 1005 2755 facta3
1044 2688 1324 2758 praecipue
1362 2703 1481 2741 cum
1517 2705 1614 2758 per
1637 2688 2007 2756 Ingelrannum
2040 2692 2279 2741 nostrum
2315 2689 2462 2743 vobis

522 2783 960 2852 mandaverimus,
999 2788 1060 2838 ut
1093 2784 1140 2837 ei
1163 2783 1364 2837 nullam
1387 2784 1636 2837 iniuriam
1660 2784 1922 2838 inferretis
1946 2788 2163 2854 propter
2188 2783 2462 2838 oboedien-

521 2880 668 2948 tiam,
710 2896 867 2949 quam
904 2879 1006 2933 sibi
1040 2880 1377 2933 iniunximus.
1436 2879 1745 2933 Mandamus
1780 2897 1902 2948 ergo
1927 2880 2075 2934 vobis
2103 2883 2155 2933 et
2179 2878 2463 2948 apostolica

525 2976 832 3030 auctoritate
868 2975 1244 3046 praecipimUS,
1294 2976 1428 3030 sicut
1466 2976 1728 3030 canonicis
1769 2975 2064 3046 specialiter
2100 2973 2314 3027 munitis
2351 2973 2461 3043 pri-

522 3071 725 3139 vilegiis
763 3071 905 3125 beati
941 3070 1110 3125 Petri:
1159 3077 1413 3140 quatenus
1455 3072 1593 3126 hunc
1628 3071 1796 3126 filium
1832 3075 2070 3125 nostrum
2105 3069 2459 3137 Lambertum,

521 3167 738 3221 fratrem
776 3172 828 3221 et
865 3168 1270 3222 concanonicum
1306 3172 1556 3238 vestrum,
1596 3184 1716 3223 cum
1742 3168 1882 3221 omni
1906 3164 2265 3220 benevolentia
2294 3168 2346 3218 et
2383 3164 2461 3217 di-

520 3262 742 3317 lectione
790 3263 1086 3333 suscipiatis
1135 3268 1188 3318 et
1235 3281 1332 3318 sua
1377 3265 1480 3319 sibi
1523 3265 1725 3332 integre
1769 3261 2086 3328 restituatis3
2134 3260 2460 3314 remittentes

522 3359 694 3429 vobis,
742 3359 858 3430 ipso
899 3359 1078 3414 eodem
1123 3360 1527 3429 interveniente,
1577 3358 1822 3430 quicquid
1864 3358 1921 3411 in
1958 3373 2018 3412 eo
2058 3359 2110 3411 et
2145 3355 2294 3410 nobis
2333 3355 2461 3410 deli-

638 3525 671 3550 a.
701 3525 782 3550 eam
808 3515 994 3551 excidisse
1019 3514 1174 3551 videtur.
1293 3513 1331 3550 b.
1359 3524 1472 3550 causa
1499 3514 1583 3550 cod.
1708 3523 1739 3549 e.
1767 3510 1976 3549 curavimus
2004 3511 2088 3547 cod.
2210 3509 2246 3546 d.
2273 3508 2462 3546 Lamberti

523 3577 594 3615 filii
616 3579 737 3616 nostri
763 3580 847 3617 cod.

641 3658 682 3701 1.
714 3657 1077 3715 congregationis
1106 3657 1286 3703 Insulae
1315 3657 1363 3701 in
1390 3655 1597 3702 Medulco
1625 3667 1760 3712 pago,
1792 3654 1836 3699 d.
1857 3653 2210 3711 Burdigalensis.
