2730 4198
385 415 499 459 1079

364 476 455 524 Apr.
475 476 523 513 20

552 280 659 332 374
1040 291 1312 331 ennoean
1350 291 1428 328 vn
1465 290 1729 329 Rnels‘rm
1767 291 1821 327 vr
1849 291 1910 328 35.
1937 291 1996 328 36.

554 427 641 464 sae
691 415 742 463 et
787 425 1106 462 summorum
1156 407 1488 475 negociorum
1538 406 1756 475 iudicia,
1807 406 1952 460 salva
1998 407 2313 478 apostolicae
2355 407 2492 462 sedis

555 506 878 573 auctoritate,
918 505 1202 558 iustissime
1241 502 1600 556 terminentur.

698 600 1022 670 Quapropter
1051 599 1335 670 apostolica
1353 598 1498 651 vobis
1527 597 1835 650 auctoritate
1856 598 2231 668 praecipimus:
2259 603 2318 652 ut
2338 615 2494 670 saepe

553 696 719 749 dictae
745 695 1082 763 Lugdunensi
1122 694 1367 749 ecclesiae
1394 694 1643 746 honorem
1673 697 1723 745 et
1748 693 2112 761 reverentiam,
2155 711 2186 747 a
2209 695 2494 749 maioribus

552 791 742 844 nostris
783 791 845 844 de
885 791 1113 845 ecclesiis
1154 791 1340 843 vestris
1379 788 1683 859 praefixam,
1725 789 1801 840 ita
1837 805 1929 841 vos
1958 788 2201 843 exhibere
2228 790 2494 844 humiliter

554 890 605 940 et
643 886 826 939 devote
864 887 1168 956 procuretiS,
1210 884 1644 954 quemadmodum
1683 883 1830 937 vobis
1872 900 1903 936 a
1939 882 2278 952 suffraganeis
2304 886 2492 939 vestris

551 982 699 1034 reddi
726 982 911 1035 debere
938 999 1042 1035 non
1069 981 1332 1035 dubitatis.
1393 979 1732 1049 Omnipotens
1762 985 1813 1033 et
1837 980 2134 1033 misericors
2161 980 2323 1049 DeuS,
2348 981 2494 1051 pacis

552 1077 883 1145 iustitiaeque
932 1094 1144 1130 serenus
1189 1077 1476 1146 inspector,
1526 1075 1669 1129 cordi
1708 1079 1880 1128 vestro
1920 1075 2200 1129 clementer
2236 1076 2495 1146 inspirare

554 1172 809 1240 dignetur,
850 1177 908 1225 ut
946 1190 1039 1242 per
1079 1173 1215 1225 viam
1257 1171 1533 1240 aequitatis
1573 1171 1978 1240 concordiaeque
2016 1170 2193 1224 firmos
2221 1171 2414 1238 gradus
2439 1171 2495 1224 in

509 1310 522 1322 .
551 1267 648 1320 hoc
686 1268 891 1320 saeculo
931 1269 1143 1321 tendere
1168 1267 1343 1320 taliter
1372 1267 1640 1335 studeatiS,
1684 1271 1954 1335 quatenus,
1993 1284 2090 1337 pro
2118 1267 2495 1337 temporalibus

385 1941 498 1984 1079

365 2002 454 2049 Apr.
475 2002 522 2037 20

554 1368 764 1416 aeterna
802 1364 1078 1433 sumpturi,
1120 1363 1185 1416 ad
1225 1362 1460 1416 coelestis
1499 1362 1826 1416 Hierusalem
1865 1362 1993 1416 fines
2031 1363 2339 1417 mereamini
2375 1380 2495 1433 per-

553 1458 744 1511 venire.
803 1457 941 1511 Data
978 1456 1173 1510 Romae
1219 1460 1281 1509 12
1321 1457 1436 1510 Kal.
1473 1457 1616 1525 Maii,
1654 1458 1937 1512 indictione
1978 1462 2026 1512 2.

550 1625 628 1687 VI
657 1629 755 1687 36.
793 1631 1067 1685 Canonicis
1094 1633 1529 1703 Isuydunensibus
1554 1637 1829 1704 praecipit,
1871 1647 1930 1688 ut
1953 1654 2187 1701 munera,
2216 1638 2496 1688 simoniace

793 1739 839 1780 et
888 1739 1068 1780 contra
1116 1728 1406 1780 Landerici
1453 1732 1685 1799 episcopi
1721 1731 2119 1783 Matisconensis
2167 1733 2496 1784 interdictum

789 1834 1041 1893 suscepta,
1090 1821 1323 1877 Gebuino
1364 1825 1755 1895 archiepiscopo
1795 1827 2023 1878 tradant.

701 1931 983 2000 Gregorius
1023 1933 1296 2003 episcopus
1337 1950 1516 1987 servus
1557 1951 1827 1988 servorum
1859 1934 1959 1988 Dei
1999 1935 2261 1988 canonicis
2285 1934 2496 2004 Lugduae-

551 2029 728 2082 nensis
769 2029 1018 2082 ecclesiae
1059 2029 1279 2082 salutem
1322 2034 1373 2082 et
1412 2030 1749 2099 apostolicam
1788 2031 2219 2084 benedictionem.

701 2122 923 2186 Quidam
960 2128 1210 2193 vestrum,
1254 2125 1319 2178 ad
1356 2143 1450 2178 nos
1490 2142 1607 2179 cum
1648 2123 2067 2197 archiepiscopo¹
2092 2143 2185 2180 suo
2211 2127 2495 2194 venientes,
2568 2118 2571 2121 ⁴

551 2223 832 2288 postquam
870 2220 933 2273 de
974 2221 1220 2275 ecclesiae
1259 2226 1464 2275 vestrae
1493 2226 1634 2274 statu
1659 2227 1712 2275 et
1735 2223 1961 2276 utilitate
1985 2239 2080 2275 nos
2106 2221 2495 2289 consuluerunt„

554 2314 664 2367 sine
706 2315 993 2384 apostolica
1029 2317 1391 2370 benedictione
1429 2322 1769 2371 recesserunt.
1829 2317 1977 2381 Quod
2006 2317 2211 2387 quidem
2239 2317 2363 2371 licet
2386 2324 2495 2371 me-

552 2409 654 2462 rito
694 2410 907 2478 indigne
946 2411 1238 2480 tulerimuS,
1277 2416 1453 2465 tamen
1494 2413 1779 2482 apostolica
1814 2413 2214 2466 mansuetudine
2251 2412 2495 2466 dissimu-

552 2505 721 2559 lamus
750 2511 817 2572 et,
859 2507 980 2560 dum
1011 2508 1247 2577 cupimus
1275 2508 1432 2561 saluti
1458 2512 1666 2562 vestrae
1693 2509 1978 2577 consulere,
2016 2509 2227 2562 illorum
2253 2525 2496 2562 excessus

555 2601 842 2655 omittimus
881 2603 1101 2671 insequi.
1215 2603 1296 2657 De
1333 2602 1439 2657 filio
1464 2622 1599 2657 vero
1639 2608 1818 2658 nostro
1857 2609 2164 2673 vestraeque
2192 2603 2385 2657 decano
2413 2620 2496 2658 ec-

554 2695 741 2750 clesiae
779 2694 861 2751 B.²
899 2697 1225 2752 notificamus
1264 2699 1528 2752 dilectioni
1565 2704 1795 2753 vestrae:
1837 2700 1992 2768 quod,
2031 2699 2278 2770 prudenti
2315 2716 2375 2754 ac
2412 2716 2495 2754 sa-

553 2791 690 2845 lubri
729 2793 943 2846 consilio
972 2794 1174 2863 ductus,
1215 2791 1596 2848 oboedientias3
1626 2796 1872 2849 ecclesiae
1900 2799 2205 2865 caeteraque
2230 2793 2494 2864 beneficia,

555 2904 687 2956 quae
739 2889 849 2943 sine
897 2891 1160 2943 communi
1208 2907 1463 2944 consensu
1508 2891 1732 2944 fratrum
1780 2892 2156 2961 adquisiverat,
2206 2892 2261 2944 in
2307 2908 2495 2945 manus

553 2988 759 3038 nostras
789 2990 973 3055 sponte
998 2986 1340 3054 renunciavit,
1369 2991 1420 3040 et
1447 2996 1527 3040 se⁸
1550 2987 1768 3041 ulterius
1795 3005 1900 3041 non
1926 2987 2348 3041 intromissurum
2371 3003 2495 3056 pro-

553 3079 711 3132 misit.
826 3081 911 3133 Ad
949 3082 1094 3134 cuius
1132 3082 1352 3135 formam
1392 3088 1502 3137 tarn
1540 3083 1638 3151 his,
1680 3084 1770 3152 qui
1804 3084 1986 3137 furtim
2025 3100 2079 3136 se
2118 3082 2492 3151 subduxerunt,

555 3192 710 3244 quam
750 3177 909 3229 etiam
949 3177 1220 3231 abbatibus
1260 3179 1342 3232 vel
1370 3180 1720 3248 cuiuscunque
1748 3178 2000 3232 clericalis
2028 3177 2224 3231 ordinis
2252 3177 2492 3232 omnibus

555 3271 799 3325 ecclesiae
839 3277 1057 3342 vestrae,
1099 3275 1392 3343 quicunque
1432 3275 1783 3329 oboedientias
1822 3275 1905 3328 vel
1944 3273 2188 3327 ecclesiae
2223 3273 2493 3343 dispensa-

554 3367 721 3420 tiones
770 3369 927 3437 pretii
974 3371 1215 3439 pactione
1253 3371 1336 3424 vel
1375 3375 1556 3424 contra
1594 3369 2180 3423 excommunicationem
2217 3367 2493 3422 Landerici

554 3460 952 3518 Matisconensis
982 3466 1229 3535 episcopi,
1271 3483 1424 3534 quam
1452 3466 1507 3518 in
1534 3465 1761 3535 capitulo
1789 3469 1959 3518 vestro
1985 3464 2123 3532 fecit,
2153 3464 2328 3534 adepti
2353 3468 2490 3532 sunt,

671 3599 702 3623 a.
737 3588 783 3623 de
812 3589 865 3624 cis
892 3590 1076 3626 excidisse
1102 3591 1256 3627 videtur.

676 3666 713 3708 1.
748 3664 966 3710 Gebuino.
1103 3668 1144 3710 2.
1177 3680 1235 3710 an
1264 3667 1490 3711 Bladino?
1536 3668 1591 3712 V.
1625 3667 1738 3711 Gall.
1762 3666 1864 3711 Chr.
1885 3667 1951 3711 IV
1981 3668 2082 3710 200.
2215 3668 2258 3711 3.
2291 3678 2490 3711 munera.
