2722 4172
799 285 1072 325 GREGORn
1107 287 1186 324 vn
1221 284 1485 324 REGISTRI
1519 285 1563 323 11
1587 285 1648 323 45.
2086 270 2189 323 159

259 406 497 473 tempora
539 419 692 457 nemo
739 403 1023 458 viventium
1069 395 1260 459 viderit
1303 416 1399 458 nec
1437 406 1468 457 a
1505 408 1737 474 tempore
1773 401 1914 456 beati
1952 399 2189 455 Silvestri

258 499 424 570 patris
471 499 637 552 nostri
683 500 1059 570 scripturarum
1107 500 1413 554 traditione⁶
1461 499 1729 570 repererit.
1795 498 1991 552 Verum
2036 497 2188 551 huius

258 595 394 650 tanti
429 595 557 648 mali
592 612 688 649 nos
727 600 884 666 caput
921 600 973 649 et
1010 612 1166 650 causa
1192 613 1386 664 sumuS,
1426 596 1515 665 qui
1542 596 1606 649 ad
1631 595 1913 663 regendum
1938 594 2189 665 populum

258 689 480 762 praelati
523 695 575 745 et
611 709 706 762 pro
744 692 1006 746 lucrandis
1046 692 1314 746 animabus
1354 692 1586 762 episcopi
1623 692 1794 744 vocati
1833 695 1884 745 et
1922 691 2191 745 constituti

258 804 452 841 811111118.
501 787 585 841 Ab
613 805 792 842 eorum
816 805 1039 858 namque
1063 788 1440 859 principatibus
1466 788 1609 841 velut
1634 804 1666 840 a
1690 787 1999 857 quibusdam
2024 787 2190 840 initiis

257 883 582 938 subditorum
621 884 754 939 bona
791 884 874 938 vel
910 884 1050 938 mala
1085 884 1317 952 veniunt,
1358 884 1447 954 qui
1482 888 1572 937 aut
1595 884 1885 937 mundanas
1911 884 2189 952 dignitates

258 984 348 1034 aut
391 981 749 1049 magisterium
797 980 1066 1051 spirituale
1116 985 1467 1051 susceperunt.
1536 979 1658 1049 Qui,
1710 980 1835 1033 dum
1881 980 2010 1033 nihil
2050 979 2191 1033 aliud

255 1075 360 1130 nisi
407 1076 626 1145 gloriam
674 1081 726 1131 et
770 1077 1062 1147 voluptates
1110 1077 1270 1131 seculi
1313 1081 1560 1146 querunt,
1615 1077 1726 1130 sine
1773 1094 1868 1130 sua
1914 1081 1966 1130 et
2010 1076 2191 1147 populi

256 1172 555 1228 confusione
580 1174 755 1228 vivere
779 1177 1064 1244 nequeunt3
1106 1174 1368 1243 quoniam,
1406 1173 1462 1226 in
1486 1173 1775 1227 malefactis
1801 1190 1966 1244 prava
1989 1177 2190 1227 sectan-

256 1274 335 1324 tes
373 1269 644 1339 desideria,
687 1274 738 1324 et
775 1286 900 1323 suae
939 1270 1262 1324 auctoritatis
1301 1271 1418 1324 iura
1454 1287 1548 1341 per
1574 1270 1779 1340 culpam
1805 1269 1971 1338 ligant
1997 1273 2048 1324 et
2074 1269 2189 1323 aliis

254 1366 503 1437 peccandi
550 1383 645 1437 per
689 1365 985 1436 exemplum
1021 1366 1171 1421 frena
1206 1366 1458 1421 relaxant.
1517 1367 1696 1436 Neque
1735 1368 1873 1420 enim
1911 1383 2006 1437 per
2042 1367 2188 1434 igno-

253 1463 478 1517 rantiam
517 1467 609 1517 aut
643 1462 923 1533 improvidi
961 1462 1291 1532 delinquunt3
1341 1463 1448 1532 sed,
1488 1468 1923 1534 praesumptuosa
1960 1463 2188 1517 obstina-

253 1559 395 1614 tione
434 1558 652 1631 Spiritui
690 1563 869 1613 sancto
907 1559 1226 1629 resistenteS,
1265 1560 1467 1614 divinas
1507 1577 1634 1630 quas
1673 1564 2024 1629 cognoveer
2046 1559 2186 1628 leges

255 1655 485 1710 abiciunt
522 1660 574 1710 et
611 1656 894 1727 apostolica
932 1656 1139 1710 decreta
1177 1661 1564 1728 contempnunt.
1602 1666 1605 1669 ·

402 1751 584 1808 Sciunt
618 1770 822 1822 nanque
861 1752 1234 1824 archiepiscopi
1262 1758 1313 1807 et
1338 1753 1569 1824 episcopi
1593 1756 1763 1806 terrae
1788 1755 2008 1821 vestrae,
2052 1752 2188 1822 quod

255 1853 307 1903 et
343 1849 581 1903 omnibus
620 1848 855 1903 fidelibus
893 1853 1073 1902 notum
1113 1866 1225 1903 esse
1265 1850 1432 1919 debet,
1473 1849 1718 1920 quoniam
1754 1848 1809 1902 in
1845 1849 2006 1902 sacris
2033 1865 2187 1902 cano-

252 1944 405 1999 nibus
441 1945 761 2016 prohibitum
800 1950 901 2000 est:
943 1950 999 1999 ut
1035 1944 1139 2015 hib,
1179 1946 1267 2015 qui
1304 1964 1398 2017 per
1436 1946 1773 2000 simoniacam
1810 1945 2050 2014 heresim,
2090 1945 2187 1999 hoc

255 2046 334 2096 est
369 2042 663 2097 interventu
698 2043 871 2113 pretii,
912 2043 977 2096 ad
1018 2042 1243 2112 aliquem
1279 2059 1543 2097 sacrorum
1584 2042 1824 2095 ordinum
1852 2042 2070 2110 gradum
2102 2041 2187 2096 vel

255 2136 480 2192 officium
517 2139 743 2210 promoti
782 2143 927 2208 sunt,
972 2139 1174 2193 nullum
1210 2139 1266 2192 in
1304 2143 1485 2193 sancta
1522 2138 1740 2193 ecclesia
1775 2138 1993 2192 ulterius
2031 2138 2186 2192 mini-

253 2234 454 2288 strandi
489 2233 660 2288 locum
696 2235 946 2303 habeant3
985 2252 1081 2289 nec
1117 2235 1211 2304 illi,
1252 2236 1341 2305 qui
1377 2236 1434 2289 in
1471 2235 1688 2290 crimine
1723 2235 2080 2289 fornicationis
2109 2235 2185 2288 ia-

252 2333 387 2400 cent,
425 2330 612 2385 missas
649 2331 909 2386 celebrare
939 2336 1029 2385 aut
1053 2332 1336 2386 secundum
1359 2332 1630 2386 inferiores
1657 2332 1862 2386 ordines
1888 2331 2186 2387 ministrare

252 2426 407 2482 altari
453 2427 688 2483 debeant.
753 2427 894 2492 Quae
941 2445 1056 2483 cum
1107 2438 1220 2484 eos⁰
1259 2433 1439 2483 sancta
1487 2433 1540 2483 et
1578 2428 1862 2500 apostolica
1898 2432 2065 2483 mater
2104 2445 2185 2483 ec-

252 2523 409 2579 clesia
443 2524 550 2579 iam
589 2542 621 2579 a
655 2529 889 2596 tempore
926 2525 1067 2580 beati
1090 2525 1280 2580 Leonis
1318 2543 1487 2598 papae
1524 2542 1679 2597 saepe
1703 2525 1758 2578 in
1784 2525 2033 2595 6611611118,
2071 2529 2185 2579 111111

251 2637 345 2692 per
380 2620 578 2690 legatos
617 2621 699 2676 et¹¹
737 2622 1000 2693 epistolas,
1038 2623 1095 2676 in
1132 2640 1188 2678 se
1227 2628 1306 2678 et⁰
1345 2622 1636 2677 commissis
1676 2622 1774 2677 sibi
1810 2622 2065 2693 plebibuS,
2102 2626 2185 2676 ut-

251 2721 373 2788 pote
421 2717 484 2771 ab
533 2718 908 2787 antiquioribus
954 2719 1213 2788 neglecta,
1262 2736 1512 2774 renovare
1557 2724 1609 2774 et
1646 2719 1920 2773 observare
1958 2735 2183 2773 commo-

251 2814 422 2868 nuerit
459 2814 720 2882 rogaverit
757 2819 808 2869 et
846 2819 1058 2886 accepta
1093 2833 1188 2886 per
1224 2814 1438 2870 Petrum
1477 2817 1782 2871 auctoritate
1816 2815 2051 2883 iusserit3
2093 2815 2183 2869 ad-

249 2909 350 2964 huc
396 2914 569 2964 tamen
618 2911 995 2981 inobedienteS,
1054 2912 1282 2983 exceptis
1328 2913 1630 2984 perpaucis,
1682 2917 1790 2966 tam
1838 2911 2183 2966 execrandam

251 2996 673 3062 consuetudinem
710 3007 855 3060 nulla
894 3007 1201 3062 studuerunt
1236 3009 1584 3080 prohibitione
1622 3009 1883 3078 decidere,
1922 3007 2066 3061 nulla
2104 3007 2181 3060 di-

252 3102 539 3158 strictioner
562 3104 773 3174 punire3
813 3121 916 3157 non
950 3104 1272 3158 attendentes
1300 3106 1435 3175 quod
1464 3106 1714 3177 scriptum
1750 3109 1844 3174 est,
1871 3104 2022 3175 quia⁸
2047 3104 2181 3157 ario-

250 3199 394 3254 landi
438 3205 708 3272 peccatum
748 3204 827 3254 681
862 3217 1175 3271 repugnare,
1225 3205 1277 3255 et
1315 3203 1463 3272 quasi
1500 3203 1696 3256 crimen
1733 3201 2005 3254 idolatriae
2044 3199 2180 3254 nolle

252 3297 575 3368 acquiescere
592 3294 618 3351 ¹.
685 3296 815 3351 Cum
842 3297 1035 3366 igitur,
1084 3296 1188 3350 illis
1229 3298 1512 3368 apostolica
1547 3299 1707 3352 immo
1748 3297 1915 3350 sancti
1953 3296 2179 3367 Spiritus

250 3394 496 3448 mandata
542 3394 904 3466 spernentibus
955 3398 1006 3448 et
1049 3394 1244 3448 scelera
1282 3394 1606 3448 subditorum
1645 3394 1924 3448 criminosa
1959 3393 2180 3447 foventi-

249 3489 345 3544 bus
382 3491 650 3561 patientia,
690 3491 865 3544 divina
901 3490 1190 3544 ministeria
1222 3490 1431 3559 indigne
1455 3490 1687 3559 tractari,
1728 3488 1976 3560 populum
2003 3489 2178 3543 seduci

365 3604 398 3630 a..
433 3594 612 3642 scriptum
639 3595 662 3631 3
685 3607 755 3641 pro
782 3594 1050 3642 scripturarum
1075 3593 1290 3631 traditione.
1443 3593 1480 3630 b.
1506 3592 1548 3630 hi
1575 3607 1645 3630 om.
1664 3594 1700 3630 3.
1855 3604 1886 3630 6.
1916 3593 2116 3641 episcopos
2142 3594 2179 3630 3.

253 3656 289 3694 d.
322 3658 402 3695 tum
426 3670 494 3706 per
521 3661 543 3696 2
566 3674 636 3707 pro
663 3661 713 3696 et.
866 3671 900 3697 e.
932 3660 971 3697 in
999 3661 1091 3698 add.
1112 3661 1147 3696 3.
1301 3659 1328 3697 f.
1359 3659 1595 3697 restrictione
1622 3661 1656 3696 3.
1812 3669 1850 3706 g.
1883 3659 1990 3708 quasi
2016 3660 2052 3696 2.

369 3722 409 3766 1.
443 3723 467 3766 1
491 3723 600 3779 aeg.
624 3724 692 3780 15,
714 3724 784 3768 23.

2236 407 2351 451 1075

2217 467 2297 504 Ian.
2312 469 2359 505 11
