2730 4198
841 280 1118 333 GREGORII
1154 282 1234 318 vn
1269 280 1535 319 REGISTRI
1572 281 1672 317 vm
1699 281 1734 318 2.
2152 264 2260 317 429

461 397 668 461 Quanta
713 398 958 467 impietas
997 415 1028 451 a
1065 398 1382 452 monasterio
1421 401 1594 451 vestro
1634 413 1728 467 per
1766 394 1982 449 Roberti
2021 394 2262 447 monachi

312 494 474 548 vestri
511 494 993 564 praesumptionem
1033 495 1235 562 exierit,
1278 511 1341 548 ex
1380 494 1569 547 litteris
1595 491 1844 546 Richardi
1880 491 2041 559 legati
2075 491 2260 558 nostri,

313 589 516 643 abbatis
560 589 802 643 videlicet
839 589 1211 658 MassiliensiS,
1261 593 1410 660 potes
1458 604 1784 656 cognoscere.
1864 587 1963 651 Qui
2010 586 2261 640 nimirum

310 685 585 754 RobertuS,
628 684 871 755 Symonis
898 685 1040 754 Magi
1077 686 1312 738 imitator
1348 685 1534 752 factuS,
1576 687 1771 752 quanta
1808 683 1980 753 potuit
2017 682 2260 750 maligni-

311 781 435 835 tatis
480 782 702 849 astutia,
754 782 1002 836 adversus
1051 782 1192 835 beati
1229 780 1371 834 Petri
1418 779 1781 833 auctoritatem
1822 795 1928 831 non
1966 779 2143 832 timuit
2178 779 2259 831 in-

312 894 526 946 surgere
562 882 617 931 et
654 882 863 931 centum
902 878 1050 931 milia
1087 877 1382 944 hominum,
1424 876 1514 945 qui
1551 875 1747 928 laboris
1785 875 1952 928 nostri
1989 874 2262 942 diligentia

311 974 379 1028 ad
422 974 564 1027 viam
601 975 839 1027 veritatis
886 973 1058 1027 redire
1105 975 1378 1042 ceperant,
1427 988 1522 1041 per
1574 971 1960 1038 suggestionem
2009 987 2158 1023 suam
2204 970 2260 1023 in

308 1070 593 1141 pristinum
630 1085 860 1124 errorem
897 1070 1160 1123 reducere.
1217 1067 1376 1121 Cuius
1416 1067 1684 1136 iniquitati
1722 1083 1827 1121 non
1867 1066 2034 1121 solum
2060 1070 2112 1119 te
2139 1083 2260 1120 con-

310 1167 535 1220 sensisse
572 1183 678 1219 non
716 1167 992 1234 credimuS,
1031 1182 1214 1219 verum
1252 1165 1414 1217 etiam
1453 1180 1546 1233 pro
1574 1163 1903 1216 immanitate
1930 1162 2139 1216 sceleris
2166 1179 2259 1216 no-

310 1262 513 1316 biscum
551 1263 752 1316 tristari
790 1266 843 1316 et
881 1262 945 1315 ad
986 1260 1331 1315 exercendam
1370 1259 1602 1313 debitam
1628 1259 1879 1313 ultionem
1908 1259 2143 1313 animum
2166 1259 2260 1312 ha-

309 1358 431 1412 bere
468 1358 834 1426 intelligimus;
875 1358 1187 1428 praesertim
1226 1373 1342 1410 cum
1382 1355 1504 1409 fidei
1542 1360 1752 1409 nostrae
1793 1356 2065 1425 antiquum
2105 1373 2259 1426 prae-

309 1453 433 1508 beas
485 1455 930 1524 experimentum:
980 1459 1060 1508 te*
1100 1453 1164 1507 de
1209 1453 1405 1506 honore
1455 1456 1666 1506 sanctae
1704 1452 1970 1506 Romanae
2010 1452 2257 1506 ecclesiae

308 1550 447 1604 idem
484 1550 755 1604 nobiscum
794 1551 987 1604 sentire
1027 1554 1079 1604 et
1117 1549 1182 1602 ad
1223 1549 1581 1603 executionem
1619 1549 1880 1617 iustitiae,
1930 1565 2061 1617 quae
2099 1549 2257 1617 frige-

308 1650 483 1701 scente
521 1647 741 1700 caritate
774 1647 881 1700 iam
920 1664 1052 1717 pene
1091 1646 1245 1699 terris
1285 1646 1524 1713 excessit,
1564 1644 1887 1699 ubertatemb
1926 1645 2256 1699 rectitudinis

306 1760 618 1797 reservasse.
697 1743 781 1796 Ab
837 1743 935 1797 hac
980 1743 1159 1811 utique
1209 1742 1374 1794 animi
1423 1722 1675 1811 concepta
1723 1741 2033 1795 certitudine
2081 1741 2257 1795 nullus

306 1856 502 1907 rumor,
540 1839 686 1892 nulla
724 1840 986 1906 suggestio
1025 1838 1220 1908 poterit
1257 1854 1351 1891 nos
1387 1837 1648 1891 divellere.
1710 1837 1814 1891 Sed
1838 1854 2005 1907 neque
2031 1837 2126 1906 illi,
2168 1839 2256 1908 qui

309 1935 373 1988 de
412 1935 591 1989 multis
632 1935 904 1988 adversum
946 1952 1037 1988 vos
1077 1934 1305 2002 negociis
1343 1938 1698 2002 murmurant,
1746 1937 1866 1987 ante
1904 1938 2111 2004 tempus
2150 1935 2255 1988 fra-

308 2034 488 2085 ternae
537 2031 894 2085 collocutionis
935 2031 1001 2084 ad
1040 2030 1410 2101 suspicandum
1450 2029 1592 2082 aliud
1629 2034 1878 2100 poterunt
1917 2030 2066 2084 nobis
2107 2046 2255 2084 scan-

309 2127 484 2180 dalum
525 2144 789 2195 generare.
869 2127 1031 2196 Nam,
1080 2132 1138 2180 ut
1177 2127 1240 2181 de
1281 2128 1396 2180 aliis
1435 2131 1728 2194 taceamUS,
1771 2143 1906 2196 pene
1947 2143 2126 2181 omnes
2167 2127 2255 2196 qui

305 2222 576 2276 nobiscum
624 2227 746 2276 sunt
790 2223 1004 2292 fratreS,
1053 2224 1156 2277 nisi
1192 2224 1339 2276 freno
1378 2223 1596 2276 rationis
1635 2227 1847 2275 nostrae
1884 2224 2252 2291 retinerentur,

305 2334 562 2387 amorem,
613 2318 676 2372 ab
717 2319 790 2373 eis
829 2319 942 2372 loco
981 2325 1154 2373 vestro
1196 2319 1513 2387 exhibitum,
1565 2319 1622 2371 in
1669 2335 1880 2386 gravem
1921 2319 2253 2373 inimicitiam

303 2414 696 2468 convertissent.
774 2414 1119 2486 Quapropter,
1160 2416 1384 2470 salutem
1422 2419 1651 2469 vestram
1690 2415 1825 2468 sicut
1861 2419 2095 2469 nostram
2136 2415 2252 2468 dili-

304 2513 509 2578 genteS,
559 2528 857 2565 monemus:
908 2518 992 2581 ut,
1043 2512 1278 2566 subditos
1316 2516 1518 2566 vestros
1557 2511 1904 2580 corrigenteS,
1955 2512 2253 2566 huiusmodi

303 2608 730 2661 murmurationis
769 2609 1092 2663 occasionem
1129 2609 1434 2677 religionem
1473 2612 1702 2661 vestram
1741 2607 2076 2675 diligentibus
2103 2609 2252 2662 nobis

302 2719 410 2755 non
455 2702 767 2772 praebeatis
849 2704 1157 2775 Specialiter
1197 2709 1370 2759 autem
1411 2705 1777 2758 admonemus:
1826 2708 1885 2757 ut
1922 2703 2252 2772 R(obertum)

302 2798 453 2851 illum
481 2827 550 2835 —-
578 2800 668 2868 qui
707 2817 866 2870 supra
891 2801 1028 2855 dicte
1065 2802 1356 2870 iniquitatis
1397 2806 1577 2854 auctor
1616 2801 1816 2867 extitit,
1868 2801 1958 2869 qui
1986 2800 2253 2855 'diabolica

304 2895 635 2963 suggestione
673 2896 1011 2966 Hispaniensi
1050 2898 1329 2951 aecclesiae
1367 2901 1573 2950 tantum
1612 2896 1902 2967 periculum
1940 2897 2141 2950 invexit
2179 2926 2249 2934 ——

305 2990 368 3045 ab
416 2991 636 3044 introitu
683 2992 963 3046 aecclesiae
1011 2997 1064 3046 et
1110 2994 1174 3047 ab
1224 2995 1365 3047 omni
1413 2994 1703 3048 ministerio
1742 3010 1919 3046 rerum
1958 2997 2250 3046 vestrarum

303 3087 582 3157 separetiS,
632 3088 795 3142 donec
843 3089 908 3142 ad
948 3106 1039 3142 vos
1089 3090 1269 3142 redeat
1313 3095 1366 3143 et
1402 3090 1714 3143 temeritatis
1755 3105 1879 3142 suae
1918 3088 2131 3156 dignam
2169 3089 2250 3141 ul·-

300 3184 494 3238 tionem
533 3185 799 3255 suscipiat.
913 3181 1136 3253 Regem¹
1163 3202 1384 3255 quoque,
1422 3186 1563 3238 illius
1589 3185 1773 3238 fraude
1800 3185 2090 3254 deceptum,
2131 3183 2249 3237 dili-

302 3285 484 3348 genter
520 3280 710 3335 litteris
749 3282 854 3335 tuis
893 3282 1184 3358 intelligere
1209 3281 1396 3335 facias:
1437 3282 1575 3335 beati
1601 3281 1746 3334 Petri
1770 3281 1902 3333 iram
1933 3284 1984 3333 et
2008 3280 2248 3347 indigna-

299 3376 497 3430 tionem
545 3382 725 3446 atque,
776 3378 821 3430 si
867 3395 971 3431 non
1017 3378 1322 3448 resipuerit,
1370 3377 1737 3445 gravissimam
1786 3376 2063 3429 adversum
2102 3392 2158 3429 se
2197 3380 2250 3430 et

300 3488 520 3540 regnum
559 3491 711 3527 suum
750 3474 1003 3527 ultionem
1040 3491 1365 3545 provocasse,
1408 3473 1546 3543 quod
1583 3473 1814 3541 legatum
1839 3471 2105 3526 Romanae
2133 3488 2248 3527 aec-

420 3607 453 3634 a.
487 3598 525 3634 te
554 3598 704 3636 addidi.
861 3599 899 3637 b.
932 3599 1146 3637 libertatem
1174 3600 1258 3637 cod.

420 3677 459 3720 1.
491 3675 774 3723 Adefonsum
795 3679 861 3724 VI
891 3691 1045 3735 regem
1076 3678 1291 3735 Legionis
1322 3681 1369 3722 et
1399 3676 1625 3723 Castiliae.

2311 401 2425 444 1080

2290 461 2370 498 Iun.
2389 462 2438 499 27
