2730 4198
537 252 646 307 640
1026 266 1372 304 BoNrrHoNIs
1410 267 1486 302 AD
1524 266 1750 304 AMICUM
1787 268 1895 303 Lm.
1920 268 1979 304 vr

391 387 505 432 1057
538 382 772 452 quidem,
821 382 1049 436 dicentes
1095 382 1276 435 fratri:
1324 380 1506 448 racha,
1560 381 1637 434 rei
1684 385 1832 434 erant
1877 382 2067 435 iudicio
2085 378 2098 403 ¹
2136 412 2204 418 —
2251 377 2467 435 rachos²

538 478 676 532 enim
714 476 902 546 Grece,
949 477 1135 530 Latine
1179 492 1383 546 pannus
1423 476 1612 529 dicitur
1652 506 1720 514 —-
1758 476 1834 529 hii
1871 493 1992 530 vero
2030 476 2198 544 beati,
2248 477 2336 545 qui
2373 493 2466 546 pro

535 573 744 627 nomine
781 572 898 626 Iesu
937 572 1080 640 digni
1106 575 1255 624 erant
1280 571 1619 625 contumelias
1644 567 1799 641 pati³.
1861 570 1995 635 Quid
2020 571 2202 641 plura?
2260 570 2469 624 Cresce-

535 668 627 722 bat
663 667 873 722 cottidie
912 667 1196 735 gloriosum
1236 683 1398 734 genus
1437 666 1802 720 Paterinorum
1839 667 1896 719 in
1934 670 2163 735 tantum,
2214 670 2274 719 ut
2312 665 2470 719 desti-

534 768 744 831 narent,
791 764 999 817 mittere
1036 762 1280 815 honestos
1320 763 1459 815 viros
1497 762 1731 830 Romam,
1774 762 1862 830 qui
1898 762 2108 815 beatum
2149 761 2470 831 Stephanum

534 876 726 929 papam
764 863 1025 926 rogarent,
1066 862 1123 911 ut
1163 874 1337 911 secum
1375 858 1607 911 mitteret
1644 857 1914 925 religiosos
1954 857 2240 927 episcopos,
2282 857 2370 925 qui
2406 856 2469 909 il-

532 954 704 1008 lorum
743 954 1013 1008 ecclesiam
1052 971 1082 1006 a
1119 954 1470 1006 fundamentis
1508 952 1884 1006 reedificarent.
1951 952 2010 1005 In
2048 956 2196 1006 tanta
2234 952 2372 1005 enim
2411 967 2471 1004 ac

533 1049 901 1103 innumerabili
938 1049 1093 1103 turba
1131 1049 1435 1102 clericorum
1473 1049 1562 1102 vix
1600 1065 1665 1102 ex
1702 1048 1845 1101 mille
1872 1048 2098 1116 quinque
2123 1050 2366 1117 poterant
2389 1046 2470 1098 in-

533 1144 726 1212 veniri,
786 1145 875 1214 qui
931 1162 1037 1197 non
1086 1145 1415 1214 symoniacae
1461 1144 1701 1197 hereseos
1750 1143 1996 1196 maculis‘¹
2046 1147 2219 1196 essent
2261 1143 2468 1196 irretiti.

533 1238 680 1302 Quod
718 1243 778 1292 ut
815 1239 1014 1292 audivit
1050 1256 1215 1314 papa,
1256 1239 1464 1306 gavisus
1505 1243 1607 1305 est3
1659 1243 1710 1292 et
1748 1239 2021 1292 confestim
2059 1239 2204 1292 misit
2243 1255 2273 1291 a
2307 1238 2471 1292 latere

533 1350 625 1387 suo
666 1331 966 1403 episcopos'*
1005 1337 1056 1387 et
1095 1349 1214 1387 cum.
1254 1334 1328 1387 eis
1366 1333 1509 1387 Deob
1550 1334 1827 1388 amabilem
1853 1334 2264 1388 Hildebrandum
2305 1333 2471 1387 archi-

532 1429 818 1482 diaconem.
896 1427 996 1491 Qui
1041 1429 1307 1493 venientes
1345 1428 1720 1499 Mediolanum,
1771 1431 2218 1500 archiepiscopum
2255 1429 2329 1483 ibi
2366 1445 2471 1482 non

531 1525 866 1590 invenerunt3
916 1523 1122 1591 fugerat
1171 1524 1310 1577 enim
1359 1525 1674 1578 conscientia
1723 1531 1996 1579 accusante
2042 1543 2219 1579 eorum
2257 1541 2470 1595 presen-

530 1620 675 1673 tiam.
738 1619 829 1673 Set
867 1636 898 1672 a
935 1618 1127 1689 populo
1165 1618 1702 1689 honorificentissime,
1740 1625 1800 1674 ut
1838 1622 2026 1690 decuit,
2067 1621 2295 1691 suscepti
2333 1624 2467 1674 sunt.

532 1714 632 1778 Qui
667 1732 762 1785 per
789 1714 1081 1783 aliquantos
1110 1714 1236 1784 dieS,
1277 1716 1627 1769 confortantes
1655 1716 1878 1786 plebem,
1919 1717 2075 1770 verbo
2102 1716 2470 1787 predicationis

531 1810 858 1864 insistebant.

679 1905 775 1959 His
814 1907 890 1959 ita
927 1907 1105 1975 gestiS,
1144 1906 1256 1960 Deo
1296 1906 1534 1960 amabilis
1560 1906 1944 1961 Hildebrandus
1982 1908 2047 1961 ad
2070 1907 2471 1976 Lugdunensem

254 2008 508 2056 1055-1057
534 1999 760 2054 Galliam
797 2018 961 2070 usque
998 2003 1253 2072 pervenit,
1293 2002 1468 2071 ibique
1495 2019 1683 2070 magno
1711 2003 1969 2057 celebrato
1997 2004 2212 2057 concilio
2224 2000 2258 2072 ⁵,
2299 2020 2471 2074 symo-

529 2097 735 2151 niacam
778 2097 1003 2151 heresim
1043 2103 1095 2152 et
1133 2098 1493 2152 detestabilem
1533 2098 1836 2152 clericorum
1874 2099 2271 2153 fornicationem
2308 2116 2472 2170 usque
2549 2099 2551 2101 ’

531 2193 597 2246 ad
644 2192 906 2263 Pyreneos
963 2198 1164 2247 montes
1213 2197 1264 2247 et
1311 2194 1376 2247 ad
1425 2193 1786 2248 Britannicum
1833 2212 1977 2249 mare
2023 2200 2325 2265 persecutus
2373 2200 2467 2250 est.

527 2287 586 2341 In
635 2306 736 2358 quo
786 2289 1002 2342 concilio
1061 2289 1189 2342 satis
1236 2306 1483 2357 magnum
1532 2290 1841 2343 miraculum
1882 2295 1933 2344 et
1971 2292 2180 2345 evidens
2218 2309 2312 2361 per
2351 2309 2469 2362 pre-

649 2402 681 2428 a.
713 2394 877 2440 sequitur·
903 2394 1029 2428 iterum
1057 2403 1133 2428 non
1159 2394 1196 2428 in
1225 2392 1308 2428 cod.
1464 2392 1499 2428 b.
1537 2392 1607 2429 Dei
1636 2408 1666 2428 c.

527 2462 659 2505 Mem.
682 2462 729 2505 di
755 2463 919 2506 Milano
940 2463 1005 2507 IV
1026 2463 1083 2506 98
1114 2462 1263 2506 attulit
1283 2461 1605 2507 Wattenbach:
1641 2464 1711 2520 „la
1736 2464 1952 2508 contrada
1982 2464 2049 2508 de'
2079 2464 2392 2520 rivenduglioli
2424 2465 2469 2508 di

527 2535 665 2590 panni
695 2535 871 2591 vecchi,
909 2535 1022 2579 detti
1053 2535 1112 2579 da
1140 2536 1216 2579 noi
1245 2534 1442 2591 patari“.
1506 2535 1762 2593 (Arnulfus,
1796 2536 1921 2581 Gest.
1955 2537 2148 2594 archiep.
2180 2538 2298 2581 Med.
2329 2539 2381 2581 L.
2403 2538 2469 2583 IV

528 2619 566 2652 c.
591 2609 660 2664 11,
690 2608 809 2652 Mon.
833 2607 984 2652 Germ.
1008 2607 1086 2652 SS.
1112 2609 1220 2653 VIII
1249 2609 1318 2664 28,
1351 2608 1407 2652 de
1439 2609 1610 2665 origine
1640 2611 1766 2654 vocis
1798 2611 1862 2654 sic
1893 2611 2145 2654 alucinatus
2177 2614 2268 2655 est:
2305 2610 2468 2668 „Unde

526 2680 786 2725 Patarinum
825 2681 1048 2737 processit
1084 2682 1228 2737 primo
1269 2681 1560 2740 vocabulum,
1606 2696 1697 2727 non
1735 2683 1917 2739 quidem
1956 2683 2197 2741 industria,
2239 2683 2321 2729 sed
2360 2697 2470 2728 casu

526 2754 763 2810 prolatum.
806 2754 944 2798 Cuius
964 2755 1132 2799 idioma
1150 2756 1358 2813 nominis,
1381 2756 1488 2800 dum
1509 2757 1555 2800 in
1576 2757 1771 2812 quodam
1794 2758 2167 2814 etymologiarum
2187 2761 2311 2801 tomo
2326 2769 2470 2814 nuper

526 2827 655 2883 plura
682 2828 983 2883 revolverem,
1015 2828 1079 2872 ita
1109 2829 1324 2885 scriptum
1362 2830 1556 2886 reperio:
1601 2865 1621 2887 „
1639 2829 1840 2887 „Pathos
1874 2830 2071 2887 Graece,
2112 2831 2273 2874 Latine
2306 2830 2468 2874 dicitur

526 2899 837 2956 perturbatio“
854 2900 891 2944 “.
938 2901 1069 2945 Unde
1098 2902 1226 2945 iuxta
1254 2915 1382 2946 meae
1410 2904 1646 2959 parvitatis
1666 2903 1940 2959 ingeniolum
1961 2904 2112 2948 statim
2135 2904 2312 2960 conitio,
2345 2902 2467 2959 quod

526 2973 727 3017 Patarini
754 2978 947 3030 possunt
974 2974 1312 3031 perturbatores
1341 2975 1424 3019 rite
1455 2976 1775 3033 nuncupari“.)

646 3047 685 3090 1.
717 3046 874 3090 Matth.
898 3047 939 3103 5,
963 3048 1041 3091 22:
1087 3082 1107 3105 „
1123 3048 1208 3101 Qui
1246 3053 1397 3092 autem
1436 3049 1600 3093 dixerit
1634 3048 1762 3093 fratri
1802 3063 1906 3094 suo:
1947 3064 2072 3106 raca,
2111 3062 2216 3094 reus
2247 3048 2332 3092 erit
2361 3060 2465 3092 con-

529 3119 680 3164 cilio“.
801 3122 842 3164 2.
885 3119 930 3163 τὸ
963 3118 1107 3182 ῥάκος.
1228 3123 1270 3166 3.
1310 3121 1413 3166 Act.
1437 3126 1580 3179 apost.
1603 3123 1644 3179 5,
1666 3123 1746 3166 41:
1782 3123 1943 3180 „digni
1973 3123 2114 3167 habiti
2144 3125 2248 3166 sunt
2275 3133 2356 3178 pro
2386 3133 2464 3165 no-

528 3193 647 3237 mine
685 3193 790 3236 Iesu
829 3194 1145 3237 contumeliam
1183 3194 1331 3250 pati“.
1479 3196 1522 3239 4.
1562 3194 1827 3239 Anselmum
1857 3197 1880 3240 I
1919 3197 2178 3252 episcopum
2212 3195 2464 3238 Lucensem

529 3266 623 3322 (qui
651 3270 811 3322 postea
840 3280 960 3322 papa
991 3271 1169 3311 creatus
1201 3272 1272 3312 est
1300 3267 1560 3312 Alexander
1588 3269 1663 3323 II).
1711 3270 1767 3314 V.
1799 3268 2007 3313 Landulfi
2030 3269 2144 3312 Hist.
2166 3267 2283 3311 Med.
2305 3268 2372 3311 III
2394 3268 2463 3324 13,

527 3339 604 3383 1.1.
636 3353 681 3395 p.
704 3340 775 3383 82.
925 3339 966 3383 5.
1009 3339 1256 3385 Concilium
1294 3341 1381 3386 hoc
1419 3345 1465 3385 et
1502 3342 1764 3403 miraculum
1794 3343 1841 3386 in
1872 3355 1925 3386 eo
1955 3340 2123 3385 factum
2154 3353 2277 3397 sese,
2315 3353 2407 3384 non
2438 3353 2466 3384 a

529 3410 756 3468 Stephano
777 3412 822 3455 X
853 3411 934 3456 sed
965 3425 992 3456 a
1012 3413 1195 3458 Victore
1224 3415 1270 3458 H
1298 3415 1344 3458 in
1366 3414 1557 3459 Galliam
1588 3416 1789 3471 missum,
1822 3415 1984 3470 egisse,
2014 3415 2110 3470 ipse
2131 3412 2464 3457 Hildebrandus

527 3485 680 3529 retulit
710 3489 756 3529 et
778 3485 1017 3530 Desiderio
1048 3485 1203 3530 abbati
1233 3486 1480 3543 Casinensi,
1513 3491 1674 3544 postea
1701 3500 1847 3544 papae
1871 3487 2044 3531 Victori
2063 3487 2130 3530 ΠΙ
2159 3488 2218 3541 (v.
2242 3486 2464 3530 Desiderii

528 3557 744 3601 miracula
774 3557 819 3602 S.
843 3558 1078 3602 Benedicti
1116 3573 1188 3615 ap.
1211 3559 1423 3604 Mabillon
1452 3560 1572 3605 Acta
1602 3559 1682 3605 SS.
1711 3561 1778 3606 IV
1806 3572 1844 3603 11
1871 3559 1976 3614 458)
2015 3563 2062 3603 et
2090 3560 2224 3603 Petro
2253 3558 2465 3603 Damiani

527 3629 589 3684 (v.
609 3630 731 3674 Petri
760 3631 816 3675 de
847 3630 1130 3676 abdicatione
1160 3633 1447 3689 episcopatus
1479 3646 1517 3677 c.
1540 3635 1580 3690 6,
1613 3647 1714 3690 opp.
1741 3633 1811 3677 ed.
1839 3631 2079 3677 Caietanus
2110 3633 2163 3677 T.
2185 3630 2252 3676 III
2282 3633 2399 3687 216).
