<?xml version="1.0" encoding="UTF-8"?>
<!DOCTYPE html PUBLIC "-//W3C//DTD XHTML 1.0 Transitional//EN"
    "http://www.w3.org/TR/xhtml1/DTD/xhtml1-transitional.dtd">
<html xmlns="http://www.w3.org/1999/xhtml" xml:lang="en" lang="en">
 <head>
  <title>
</title>
<meta http-equiv="Content-Type" content="text/html;charset=utf-8" />
  <meta name='ocr-system' content='tesseract 3.04.00' />
  <meta name='ocr-capabilities' content='ocr_page ocr_carea ocr_par ocr_line ocrx_word'/>
</head>
<body>
  <div class='ocr_page' id='page_1' title='image "bibliothecarerum02wattuoft_0650.png"; bbox 0 0 2730 4198; ppageno 0'>
   <div class='ocr_carea' id='block_1_1' title="bbox 521 296 1951 349">
    <p class='ocr_par' dir='ltr' id='par_1_1' title="bbox 521 296 1951 349">
     <span class='ocr_line' id='line_1_1' title="bbox 521 296 1951 349; baseline -0.003 -1"><span class='ocrx_word' id='word_1_1' title='bbox 521 296 629 349; x_wconf 84' lang='lat'>634</span> <span class='ocrx_word' id='word_1_2' title='bbox 1018 307 1364 347; x_wconf 70' lang='lat' dir='ltr'>Bom&#39;rnoms</span> <span class='ocrx_word' id='word_1_3' title='bbox 1401 309 1478 346; x_wconf 87' lang='lat' dir='ltr'>AD</span> <span class='ocrx_word' id='word_1_4' title='bbox 1517 306 1743 346; x_wconf 79' lang='lat' dir='ltr'>AMICUM</span> <span class='ocrx_word' id='word_1_5' title='bbox 1779 308 1887 344; x_wconf 78' lang='lat' dir='ltr'>Lm.</span> <span class='ocrx_word' id='word_1_6' title='bbox 1915 308 1951 344; x_wconf 86' lang='lat' dir='ltr'><strong>v</strong></span> 
     </span>
    </p>
   </div>
   <div class='ocr_carea' id='block_1_2' title="bbox 375 419 2452 972">
    <p class='ocr_par' dir='ltr' id='par_1_2' title="bbox 375 419 2452 972">
     <span class='ocr_line' id='line_1_2' title="bbox 375 419 2451 492; baseline 0.001 -17"><span class='ocrx_word' id='word_1_7' title='bbox 375 431 489 476; x_wconf 89' lang='lat'>1049</span> <span class='ocrx_word' id='word_1_8' title='bbox 519 424 704 479; x_wconf 87' lang='lat' dir='ltr'>vinciis</span> <span class='ocrx_word' id='word_1_9' title='bbox 763 424 853 479; x_wconf 91' lang='lat' dir='ltr'>alii</span> <span class='ocrx_word' id='word_1_10' title='bbox 901 425 1298 492; x_wconf 82' lang='lat' dir='ltr'>ordinabantur,</span> <span class='ocrx_word' id='word_1_11' title='bbox 1354 427 1414 476; x_wconf 93' lang='lat' dir='ltr'>ut</span> <span class='ocrx_word' id='word_1_12' title='bbox 1459 439 1524 476; x_wconf 87' lang='lat' dir='ltr'>ex</span> <span class='ocrx_word' id='word_1_13' title='bbox 1572 421 1904 490; x_wconf 89' lang='lat' dir='ltr'>Lugdunensi</span> <span class='ocrx_word' id='word_1_14' title='bbox 1957 419 2154 475; x_wconf 89' lang='lat' dir='ltr'>Gallia¹</span> <span class='ocrx_word' id='word_1_15' title='bbox 2196 419 2451 478; x_wconf 85' lang='lat' dir='ltr'>Ubertus²</span> 
     </span>
     <span class='ocr_line' id='line_1_3' title="bbox 521 514 2452 590; baseline -0.001 -16"><span class='ocrx_word' id='word_1_16' title='bbox 521 519 661 575; x_wconf 85' lang='lat' dir='ltr'>Silve</span> <span class='ocrx_word' id='word_1_17' title='bbox 699 519 929 575; x_wconf 83' lang='lat' dir='ltr'>Candide</span> <span class='ocrx_word' id='word_1_18' title='bbox 968 514 1299 590; x_wconf 80' lang='lat' dir='ltr'>episcopus³;</span> <span class='ocrx_word' id='word_1_19' title='bbox 1349 522 1401 572; x_wconf 88' lang='lat' dir='ltr'>et</span> <span class='ocrx_word' id='word_1_20' title='bbox 1439 534 1503 571; x_wconf 88' lang='lat' dir='ltr'>ex</span> <span class='ocrx_word' id='word_1_21' title='bbox 1539 516 1970 585; x_wconf 87' lang='lat' dir='ltr'>Burgundionum</span> <span class='ocrx_word' id='word_1_22' title='bbox 2007 533 2195 584; x_wconf 82' lang='lat' dir='ltr'>genere</span> <span class='ocrx_word' id='word_1_23' title='bbox 2233 516 2452 588; x_wconf 88' lang='lat' dir='ltr'>Stepha-</span> 
     </span>
     <span class='ocr_line' id='line_1_4' title="bbox 516 609 2451 681; baseline -0.002 -11"><span class='ocrx_word' id='word_1_24' title='bbox 516 611 641 670; x_wconf 82' lang='lat' dir='ltr'>nus⁴</span> <span class='ocrx_word' id='word_1_25' title='bbox 679 616 838 670; x_wconf 91' lang='lat' dir='ltr'>abbas</span> <span class='ocrx_word' id='word_1_26' title='bbox 887 619 940 669; x_wconf 90' lang='lat' dir='ltr'>et</span> <span class='ocrx_word' id='word_1_27' title='bbox 976 614 1286 681; x_wconf 82' lang='lat' dir='ltr'>cardinalis3</span> <span class='ocrx_word' id='word_1_28' title='bbox 1338 616 1390 667; x_wconf 90' lang='lat' dir='ltr'>et</span> <span class='ocrx_word' id='word_1_29' title='bbox 1427 630 1492 666; x_wconf 83' lang='lat' dir='ltr'>ex</span> <span class='ocrx_word' id='word_1_30' title='bbox 1529 612 1790 666; x_wconf 88' lang='lat' dir='ltr'>Romerici</span> <span class='ocrx_word' id='word_1_31' title='bbox 1826 609 2030 671; x_wconf 83' lang='lat' dir='ltr'>Montc⁵</span> <span class='ocrx_word' id='word_1_32' title='bbox 2069 612 2221 681; x_wconf 92' lang='lat' dir='ltr'>Hugo</span> <span class='ocrx_word' id='word_1_33' title='bbox 2261 612 2451 667; x_wconf 81' lang='lat' dir='ltr'>Candi-</span> 
     </span>
     <span class='ocr_line' id='line_1_5' title="bbox 517 704 2452 781; baseline -0.001 -17"><span class='ocrx_word' id='word_1_34' title='bbox 517 710 630 779; x_wconf 83' lang='lat' dir='ltr'>duS,</span> <span class='ocrx_word' id='word_1_35' title='bbox 671 711 761 780; x_wconf 91' lang='lat' dir='ltr'>qui</span> <span class='ocrx_word' id='word_1_36' title='bbox 797 714 980 780; x_wconf 90' lang='lat' dir='ltr'>postea</span> <span class='ocrx_word' id='word_1_37' title='bbox 1019 713 1257 781; x_wconf 89' lang='lat' dir='ltr'>apostata</span> <span class='ocrx_word' id='word_1_38' title='bbox 1293 713 1373 763; x_wconf 92' lang='lat' dir='ltr'>est</span> <span class='ocrx_word' id='word_1_39' title='bbox 1411 706 1647 774; x_wconf 85' lang='lat' dir='ltr'>effectus3</span> <span class='ocrx_word' id='word_1_40' title='bbox 1691 710 1743 761; x_wconf 89' lang='lat' dir='ltr'>et</span> <span class='ocrx_word' id='word_1_41' title='bbox 1779 704 2102 762; x_wconf 82' lang='lat' dir='ltr'>Fridericus⁶</span> <span class='ocrx_word' id='word_1_42' title='bbox 2141 707 2286 761; x_wconf 90' lang='lat' dir='ltr'>ducis</span> <span class='ocrx_word' id='word_1_43' title='bbox 2325 706 2452 762; x_wconf 90' lang='lat' dir='ltr'>Got-</span> 
     </span>
     <span class='ocr_line' id='line_1_6' title="bbox 515 798 2450 874; baseline -0.001 -14"><span class='ocrx_word' id='word_1_44' title='bbox 515 803 720 860; x_wconf 81' lang='lat' dir='ltr'>tefridi⁷</span> <span class='ocrx_word' id='word_1_45' title='bbox 758 822 1064 874; x_wconf 82' lang='lat' dir='ltr'>germanus3</span> <span class='ocrx_word' id='word_1_46' title='bbox 1106 810 1158 860; x_wconf 92' lang='lat' dir='ltr'>et</span> <span class='ocrx_word' id='word_1_47' title='bbox 1194 822 1258 859; x_wconf 85' lang='lat' dir='ltr'>cx</span> <span class='ocrx_word' id='word_1_48' title='bbox 1299 798 1647 874; x_wconf 82' lang='lat' dir='ltr'>Compendio⁸</span> <span class='ocrx_word' id='word_1_49' title='bbox 1687 802 1898 872; x_wconf 90' lang='lat' dir='ltr'>quidam</span> <span class='ocrx_word' id='word_1_50' title='bbox 1930 802 2181 858; x_wconf 91' lang='lat' dir='ltr'>Azelinus</span> <span class='ocrx_word' id='word_1_51' title='bbox 2209 803 2450 860; x_wconf 87' lang='lat' dir='ltr'>Sutrinus</span> 
     </span>
     <span class='ocr_line' id='line_1_7' title="bbox 516 896 2452 972; baseline -0.001 -16"><span class='ocrx_word' id='word_1_52' title='bbox 516 897 844 972; x_wconf 84' lang='lat' dir='ltr'>episcopus⁹;</span> <span class='ocrx_word' id='word_1_53' title='bbox 894 906 946 955; x_wconf 89' lang='lat' dir='ltr'>et</span> <span class='ocrx_word' id='word_1_54' title='bbox 993 918 1058 956; x_wconf 84' lang='lat' dir='ltr'>ex</span> <span class='ocrx_word' id='word_1_55' title='bbox 1098 900 1479 955; x_wconf 88' lang='lat' dir='ltr'>Ravennatium</span> <span class='ocrx_word' id='word_1_56' title='bbox 1515 898 1751 969; x_wconf 89' lang='lat' dir='ltr'>partibus</span> <span class='ocrx_word' id='word_1_57' title='bbox 1789 897 1975 952; x_wconf 89' lang='lat' dir='ltr'>Petrus</span> <span class='ocrx_word' id='word_1_58' title='bbox 2012 896 2333 953; x_wconf 77' lang='lat' dir='ltr'>Damiani⁰¹⁰</span> <span class='ocrx_word' id='word_1_59' title='bbox 2370 900 2452 954; x_wconf 89' lang='lat' dir='ltr'>vir</span> 
     </span>
    </p>
   </div>
   <div class='ocr_carea' id='block_1_3' title="bbox 516 991 2453 1067">
    <p class='ocr_par' dir='ltr' id='par_1_3' title="bbox 516 991 2453 1067">
     <span class='ocr_line' id='line_1_8' title="bbox 516 991 2453 1067; baseline -0.001 -16"><span class='ocrx_word' id='word_1_60' title='bbox 516 996 987 1067; x_wconf 81' lang='lat' dir='ltr'>eloquentissimuS,</span> <span class='ocrx_word' id='word_1_61' title='bbox 1027 999 1079 1049; x_wconf 89' lang='lat' dir='ltr'>et</span> <span class='ocrx_word' id='word_1_62' title='bbox 1117 995 1207 1048; x_wconf 90' lang='lat' dir='ltr'>alii</span> <span class='ocrx_word' id='word_1_63' title='bbox 1237 1013 1393 1066; x_wconf 89' lang='lat' dir='ltr'>quam</span> <span class='ocrx_word' id='word_1_64' title='bbox 1430 995 1622 1065; x_wconf 81' lang='lat' dir='ltr'>plureS.</span> <span class='ocrx_word' id='word_1_65' title='bbox 1682 994 1827 1048; x_wconf 91' lang='lat' dir='ltr'>Tunc</span> <span class='ocrx_word' id='word_1_66' title='bbox 1859 994 2008 1048; x_wconf 90' lang='lat' dir='ltr'>fortis</span> <span class='ocrx_word' id='word_1_67' title='bbox 2035 991 2323 1064; x_wconf 85' lang='lat' dir='ltr'>armatus¹¹,</span> <span class='ocrx_word' id='word_1_68' title='bbox 2363 995 2453 1065; x_wconf 91' lang='lat' dir='ltr'>qui</span> 
     </span>
    </p>
   </div>
   <div class='ocr_carea' id='block_1_4' title="bbox 514 1083 2448 1163">
    <p class='ocr_par' dir='ltr' id='par_1_4' title="bbox 514 1083 2448 1163">
     <span class='ocr_line' id='line_1_9' title="bbox 514 1083 2448 1163; baseline -0.001 -17"><span class='ocrx_word' id='word_1_69' title='bbox 514 1092 571 1146; x_wconf 90' lang='lat' dir='ltr'>in</span> <span class='ocrx_word' id='word_1_70' title='bbox 609 1092 775 1146; x_wconf 90' lang='lat' dir='ltr'>multa</span> <span class='ocrx_word' id='word_1_71' title='bbox 811 1108 941 1163; x_wconf 90' lang='lat' dir='ltr'>pace</span> <span class='ocrx_word' id='word_1_72' title='bbox 975 1091 1293 1146; x_wconf 81' lang='lat' dir='ltr'>custodierat</span> <span class='ocrx_word' id='word_1_73' title='bbox 1318 1091 1510 1144; x_wconf 91' lang='lat' dir='ltr'>atrium</span> <span class='ocrx_word' id='word_1_74' title='bbox 1536 1106 1685 1144; x_wconf 91' lang='lat' dir='ltr'>suum</span> <span class='ocrx_word' id='word_1_75' title='bbox 1699 1086 1748 1159; x_wconf 83' lang='lat'>¹²,</span> <span class='ocrx_word' id='word_1_76' title='bbox 1797 1090 1960 1144; x_wconf 89' lang='lat' dir='ltr'>sensit</span> <span class='ocrx_word' id='word_1_77' title='bbox 1997 1107 2052 1145; x_wconf 93' lang='lat' dir='ltr'>se</span> <span class='ocrx_word' id='word_1_78' title='bbox 2091 1083 2448 1159; x_wconf 58' lang='lat' dir='ltr'>alligatumm.</span> 
     </span>
    </p>
   </div>
   <div class='ocr_carea' id='block_1_5' title="bbox 632 1257 1973 1307">
    <p class='ocr_par' dir='ltr' id='par_1_5' title="bbox 632 1257 1973 1307">
     <span class='ocr_line' id='line_1_10' title="bbox 632 1257 1973 1307; baseline -0.001 -10"><span class='ocrx_word' id='word_1_79' title='bbox 632 1271 665 1297; x_wconf 90' lang='lat' dir='ltr'><strong>a.</strong></span> <span class='ocrx_word' id='word_1_80' title='bbox 700 1259 852 1297; x_wconf 86' lang='lat' dir='ltr'>Damini</span> <span class='ocrx_word' id='word_1_81' title='bbox 878 1260 964 1296; x_wconf 83' lang='lat' dir='ltr'>cod.</span> <span class='ocrx_word' id='word_1_82' title='bbox 1116 1258 1154 1295; x_wconf 92' lang='lat' dir='ltr'><strong>b.</strong></span> <span class='ocrx_word' id='word_1_83' title='bbox 1189 1257 1380 1305; x_wconf 76' lang='lat' dir='ltr'>alligatum</span> <span class='ocrx_word' id='word_1_84' title='bbox 1405 1260 1543 1307; x_wconf 78' lang='lat' dir='ltr'>scripsi</span> <span class='ocrx_word' id='word_1_85' title='bbox 1562 1271 1632 1306; x_wconf 85' lang='lat' dir='ltr'>pro</span> <span class='ocrx_word' id='word_1_86' title='bbox 1660 1257 1863 1305; x_wconf 85' lang='lat' dir='ltr'>obligatum</span> <span class='ocrx_word' id='word_1_87' title='bbox 1889 1259 1973 1295; x_wconf 85' lang='lat' dir='ltr'>cod.</span> 
     </span>
    </p>
   </div>
   <div class='ocr_carea' id='block_1_6' title="bbox 458 1328 2452 3728">
    <p class='ocr_par' dir='ltr' id='par_1_6' title="bbox 458 1328 2452 3728">
     <span class='ocr_line' id='line_1_11' title="bbox 631 1328 2452 1395; baseline -0.001 -14"><span class='ocrx_word' id='word_1_88' title='bbox 631 1339 672 1381; x_wconf 90' lang='lat'><strong>1.</strong></span> <span class='ocrx_word' id='word_1_89' title='bbox 705 1335 772 1382; x_wconf 81' lang='lat' dir='ltr'>Cf.</span> <span class='ocrx_word' id='word_1_90' title='bbox 793 1335 1033 1380; x_wconf 85' lang='lat' dir='ltr'>Lanfranci</span> <span class='ocrx_word' id='word_1_91' title='bbox 1062 1328 1224 1380; x_wconf 85' lang='lat' dir='ltr'>librum</span> <span class='ocrx_word' id='word_1_92' title='bbox 1256 1334 1474 1379; x_wconf 88' lang='lat' dir='ltr'>adversus</span> <span class='ocrx_word' id='word_1_93' title='bbox 1500 1336 1822 1392; x_wconf 87' lang='lat' dir='ltr'>Berengarium</span> <span class='ocrx_word' id='word_1_94' title='bbox 1855 1349 1892 1381; x_wconf 92' lang='lat' dir='ltr'><strong>c.</strong></span> <span class='ocrx_word' id='word_1_95' title='bbox 1916 1337 1944 1381; x_wconf 94' lang='lat'><strong>2</strong></span> <span class='ocrx_word' id='word_1_96' title='bbox 1975 1335 2105 1393; x_wconf 90' lang='lat' dir='ltr'><strong>(Opp.</strong></span> <span class='ocrx_word' id='word_1_97' title='bbox 2127 1336 2199 1381; x_wconf 88' lang='lat' dir='ltr'>ed.</span> <span class='ocrx_word' id='word_1_98' title='bbox 2223 1335 2452 1395; x_wconf 86' lang='lat' dir='ltr'>d&#39;Achery</span> 
     </span>
     <span class='ocr_line' id='line_1_12' title="bbox 510 1407 2450 1467; baseline 0 -13"><span class='ocrx_word' id='word_1_99' title='bbox 510 1424 554 1467; x_wconf 88' lang='lat' dir='ltr'>p.</span> <span class='ocrx_word' id='word_1_100' title='bbox 577 1410 704 1464; x_wconf 83' lang='lat'><strong>232):</strong></span> <span class='ocrx_word' id='word_1_101' title='bbox 748 1408 1082 1466; x_wconf 88' lang='lat' dir='ltr'>„Humbertum</span> <span class='ocrx_word' id='word_1_102' title='bbox 1114 1434 1168 1439; x_wconf 89' lang='lat'><em>-</em></span> <span class='ocrx_word' id='word_1_103' title='bbox 1200 1420 1292 1452; x_wconf 89' lang='lat' dir='ltr'>non</span> <span class='ocrx_word' id='word_1_104' title='bbox 1329 1407 1386 1451; x_wconf 86' lang='lat' dir='ltr'>de</span> <span class='ocrx_word' id='word_1_105' title='bbox 1415 1408 1681 1464; x_wconf 90' lang='lat' dir='ltr'>Burgundia</span> <span class='ocrx_word' id='word_1_106' title='bbox 1719 1410 1800 1453; x_wconf 91' lang='lat' dir='ltr'>sed</span> <span class='ocrx_word' id='word_1_107' title='bbox 1841 1409 1898 1454; x_wconf 90' lang='lat' dir='ltr'>de</span> <span class='ocrx_word' id='word_1_108' title='bbox 1937 1409 2230 1466; x_wconf 89' lang='lat' dir='ltr'>Lotharingia</span> <span class='ocrx_word' id='word_1_109' title='bbox 2266 1413 2450 1454; x_wconf 86' lang='lat' dir='ltr'>sanctus</span> 
     </span>
     <span class='ocr_line' id='line_1_13' title="bbox 508 1479 2449 1541; baseline 0 -13"><span class='ocrx_word' id='word_1_110' title='bbox 508 1485 603 1528; x_wconf 87' lang='lat' dir='ltr'>Leo</span> <span class='ocrx_word' id='word_1_111' title='bbox 632 1483 824 1527; x_wconf 87' lang='lat' dir='ltr'>Romam</span> <span class='ocrx_word' id='word_1_112' title='bbox 852 1480 1054 1525; x_wconf 83' lang='lat' dir='ltr'>traduxit</span> <span class='ocrx_word' id='word_1_113' title='bbox 1067 1480 1104 1522; x_wconf 84' lang='lat'>“.</span> <span class='ocrx_word' id='word_1_114' title='bbox 1149 1480 1255 1524; x_wconf 85' lang='lat' dir='ltr'>Fuit</span> <span class='ocrx_word' id='word_1_115' title='bbox 1283 1479 1561 1525; x_wconf 89' lang='lat' dir='ltr'>Humbertus</span> <span class='ocrx_word' id='word_1_116' title='bbox 1589 1481 1786 1526; x_wconf 88' lang='lat' dir='ltr'>Mediani</span> <span class='ocrx_word' id='word_1_117' title='bbox 1816 1484 2076 1528; x_wconf 84' lang='lat' dir='ltr'>monasterii</span> <span class='ocrx_word' id='word_1_118' title='bbox 2106 1483 2449 1541; x_wconf 87' lang='lat' dir='ltr'>(Moyen-mou—</span> 
     </span>
     <span class='ocr_line' id='line_1_14' title="bbox 507 1553 2449 1614; baseline 0.001 -14"><span class='ocrx_word' id='word_1_119' title='bbox 507 1556 593 1600; x_wconf 90' lang='lat' dir='ltr'>tier</span> <span class='ocrx_word' id='word_1_120' title='bbox 622 1556 666 1600; x_wconf 90' lang='lat' dir='ltr'><strong>d.</strong></span> <span class='ocrx_word' id='word_1_121' title='bbox 688 1555 934 1610; x_wconf 87' lang='lat' dir='ltr'>Tullensis)</span> <span class='ocrx_word' id='word_1_122' title='bbox 970 1553 1231 1610; x_wconf 90' lang='lat' dir='ltr'>monachus,</span> <span class='ocrx_word' id='word_1_123' title='bbox 1262 1556 1315 1597; x_wconf 89' lang='lat' dir='ltr'>ut</span> <span class='ocrx_word' id='word_1_124' title='bbox 1342 1553 1476 1597; x_wconf 88' lang='lat' dir='ltr'>docet</span> <span class='ocrx_word' id='word_1_125' title='bbox 1503 1553 1726 1599; x_wconf 91' lang='lat' dir='ltr'>Iohannes</span> <span class='ocrx_word' id='word_1_126' title='bbox 1757 1568 1785 1599; x_wconf 90' lang='lat' dir='ltr'>a</span> <span class='ocrx_word' id='word_1_127' title='bbox 1813 1556 2002 1614; x_wconf 89' lang='lat' dir='ltr'>Bayono</span> <span class='ocrx_word' id='word_1_128' title='bbox 2032 1557 2078 1600; x_wconf 94' lang='lat' dir='ltr'>in</span> <span class='ocrx_word' id='word_1_129' title='bbox 2110 1556 2328 1601; x_wconf 86' lang='lat' dir='ltr'>Chronico</span> <span class='ocrx_word' id='word_1_130' title='bbox 2357 1557 2449 1601; x_wconf 89' lang='lat' dir='ltr'>Me-</span> 
     </span>
     <span class='ocr_line' id='line_1_15' title="bbox 508 1626 2449 1685; baseline 0.001 -12"><span class='ocrx_word' id='word_1_131' title='bbox 508 1628 786 1673; x_wconf 88' lang='lat' dir='ltr'>diani-mon.</span> <span class='ocrx_word' id='word_1_132' title='bbox 809 1640 881 1684; x_wconf 91' lang='lat' dir='ltr'>ap.</span> <span class='ocrx_word' id='word_1_133' title='bbox 902 1626 1164 1671; x_wconf 90' lang='lat' dir='ltr'>Belhomme</span> <span class='ocrx_word' id='word_1_134' title='bbox 1188 1627 1305 1670; x_wconf 87' lang='lat' dir='ltr'>Hist.</span> <span class='ocrx_word' id='word_1_135' title='bbox 1326 1627 1444 1671; x_wconf 88' lang='lat' dir='ltr'>Med.</span> <span class='ocrx_word' id='word_1_136' title='bbox 1467 1639 1586 1671; x_wconf 92' lang='lat' dir='ltr'>mon.</span> <span class='ocrx_word' id='word_1_137' title='bbox 1611 1641 1656 1683; x_wconf 89' lang='lat' dir='ltr'>p.</span> <span class='ocrx_word' id='word_1_138' title='bbox 1679 1627 1778 1672; x_wconf 85' lang='lat'><strong>246.</strong></span> <span class='ocrx_word' id='word_1_139' title='bbox 1826 1627 2086 1685; x_wconf 88' lang='lat' dir='ltr'>Sigebertus</span> <span class='ocrx_word' id='word_1_140' title='bbox 2109 1629 2449 1675; x_wconf 83' lang='lat' dir='ltr'>Gemblacensis</span> 
     </span>
     <span class='ocr_line' id='line_1_16' title="bbox 508 1699 2448 1758; baseline 0.001 -12"><span class='ocrx_word' id='word_1_141' title='bbox 508 1702 565 1746; x_wconf 90' lang='lat' dir='ltr'>de</span> <span class='ocrx_word' id='word_1_142' title='bbox 613 1700 907 1758; x_wconf 79' lang='lat' dir='ltr'>scriptoribus</span> <span class='ocrx_word' id='word_1_143' title='bbox 958 1699 1276 1743; x_wconf 89' lang='lat' dir='ltr'>ecclesiasticis</span> <span class='ocrx_word' id='word_1_144' title='bbox 1322 1712 1421 1756; x_wconf 89' lang='lat' dir='ltr'>cap.</span> <span class='ocrx_word' id='word_1_145' title='bbox 1445 1699 1532 1743; x_wconf 99' lang='lat'>150</span> <span class='ocrx_word' id='word_1_146' title='bbox 1570 1701 1659 1755; x_wconf 90' lang='lat' dir='ltr'>(ap.</span> <span class='ocrx_word' id='word_1_147' title='bbox 1691 1699 1946 1746; x_wconf 81' lang='lat' dir='ltr'>Fabricium</span> <span class='ocrx_word' id='word_1_148' title='bbox 1985 1702 2264 1747; x_wconf 80' lang='lat' dir='ltr'>Bibliotheca</span> <span class='ocrx_word' id='word_1_149' title='bbox 2307 1703 2448 1758; x_wconf 27' lang='lat' dir='ltr'>eccle·-</span> 
     </span>
     <span class='ocr_line' id='line_1_17' title="bbox 507 1772 2448 1832; baseline 0 -12"><span class='ocrx_word' id='word_1_150' title='bbox 507 1775 692 1820; x_wconf 84' lang='lat' dir='ltr'>siastica</span> <span class='ocrx_word' id='word_1_151' title='bbox 719 1775 764 1818; x_wconf 90' lang='lat'>11</span> <span class='ocrx_word' id='word_1_152' title='bbox 792 1788 837 1831; x_wconf 88' lang='lat' dir='ltr'>p.</span> <span class='ocrx_word' id='word_1_153' title='bbox 863 1774 964 1829; x_wconf 86' lang='lat'>111)</span> <span class='ocrx_word' id='word_1_154' title='bbox 995 1772 1295 1818; x_wconf 88' lang='lat' dir='ltr'>Humbertum</span> <span class='ocrx_word' id='word_1_155' title='bbox 1334 1785 1362 1816; x_wconf 88' lang='lat' dir='ltr'>a</span> <span class='ocrx_word' id='word_1_156' title='bbox 1401 1772 1598 1816; x_wconf 89' lang='lat' dir='ltr'>dioecesi</span> <span class='ocrx_word' id='word_1_157' title='bbox 1639 1773 1942 1829; x_wconf 90' lang='lat' dir='ltr'>„monachum</span> <span class='ocrx_word' id='word_1_158' title='bbox 1974 1774 2266 1820; x_wconf 89' lang='lat' dir='ltr'>Tullensem“</span> <span class='ocrx_word' id='word_1_159' title='bbox 2299 1779 2448 1832; x_wconf 83' lang='lat' dir='ltr'>vocat,</span> 
     </span>
     <span class='ocr_line' id='line_1_18' title="bbox 506 1844 2450 1905; baseline 0 -12"><span class='ocrx_word' id='word_1_160' title='bbox 506 1861 597 1905; x_wconf 90' lang='lat' dir='ltr'>qua</span> <span class='ocrx_word' id='word_1_161' title='bbox 626 1860 674 1893; x_wconf 87' lang='lat' dir='ltr'>re</span> <span class='ocrx_word' id='word_1_162' title='bbox 705 1848 917 1892; x_wconf 86' lang='lat' dir='ltr'>commoti</span> <span class='ocrx_word' id='word_1_163' title='bbox 953 1847 1227 1904; x_wconf 82' lang='lat' dir='ltr'>posteriores</span> <span class='ocrx_word' id='word_1_164' title='bbox 1267 1858 1370 1889; x_wconf 90' lang='lat' dir='ltr'>eum</span> <span class='ocrx_word' id='word_1_165' title='bbox 1400 1845 1662 1890; x_wconf 87' lang='lat' dir='ltr'>monasterii</span> <span class='ocrx_word' id='word_1_166' title='bbox 1691 1844 1736 1890; x_wconf 85' lang='lat' dir='ltr'>S.</span> <span class='ocrx_word' id='word_1_167' title='bbox 1757 1847 1981 1891; x_wconf 89' lang='lat' dir='ltr'>Mansueti</span> <span class='ocrx_word' id='word_1_168' title='bbox 2011 1849 2235 1892; x_wconf 90' lang='lat' dir='ltr'>Tullensis</span> <span class='ocrx_word' id='word_1_169' title='bbox 2264 1847 2450 1893; x_wconf 86' lang='lat' dir='ltr'>fratrem</span> 
     </span>
     <span class='ocr_line' id='line_1_19' title="bbox 505 1918 2448 1978; baseline 0.001 -12"><span class='ocrx_word' id='word_1_170' title='bbox 505 1920 646 1967; x_wconf 86' lang='lat' dir='ltr'>fuisse</span> <span class='ocrx_word' id='word_1_171' title='bbox 676 1934 913 1978; x_wconf 85' lang='lat' dir='ltr'>perperam</span> <span class='ocrx_word' id='word_1_172' title='bbox 942 1919 1188 1978; x_wconf 82' lang='lat' dir='ltr'>putabant3</span> <span class='ocrx_word' id='word_1_173' title='bbox 1220 1920 1346 1964; x_wconf 90' lang='lat' dir='ltr'>velut</span> <span class='ocrx_word' id='word_1_174' title='bbox 1366 1919 1528 1963; x_wconf 87' lang='lat' dir='ltr'>Frizon</span> <span class='ocrx_word' id='word_1_175' title='bbox 1549 1918 1695 1963; x_wconf 80' lang='lat' dir='ltr'>Gallia</span> <span class='ocrx_word' id='word_1_176' title='bbox 1714 1924 1962 1976; x_wconf 89' lang='lat' dir='ltr'>purpurata</span> <span class='ocrx_word' id='word_1_177' title='bbox 1981 1935 2025 1978; x_wconf 91' lang='lat' dir='ltr'>p.</span> <span class='ocrx_word' id='word_1_178' title='bbox 2042 1922 2114 1966; x_wconf 85' lang='lat'>89.</span> <span class='ocrx_word' id='word_1_179' title='bbox 2162 1921 2229 1967; x_wconf 82' lang='lat' dir='ltr'>Of.</span> <span class='ocrx_word' id='word_1_180' title='bbox 2250 1922 2448 1968; x_wconf 85' lang='lat' dir='ltr'>Histoire</span> 
     </span>
     <span class='ocr_line' id='line_1_20' title="bbox 502 1991 2447 2041; baseline 0.001 -2"><span class='ocrx_word' id='word_1_181' title='bbox 502 1995 618 2039; x_wconf 90' lang='lat' dir='ltr'>liter.</span> <span class='ocrx_word' id='word_1_182' title='bbox 645 1995 734 2040; x_wconf 89' lang='lat' dir='ltr'>VII</span> <span class='ocrx_word' id='word_1_183' title='bbox 763 1995 863 2040; x_wconf 86' lang='lat'><strong>527.</strong></span> <span class='ocrx_word' id='word_1_184' title='bbox 1043 1995 1084 2038; x_wconf 94' lang='lat'>2.</span> <span class='ocrx_word' id='word_1_185' title='bbox 1125 1993 1222 2038; x_wconf 88' lang='lat' dir='ltr'>sive</span> <span class='ocrx_word' id='word_1_186' title='bbox 1261 1991 1519 2037; x_wconf 82' lang='lat' dir='ltr'>Umbertus.</span> <span class='ocrx_word' id='word_1_187' title='bbox 1699 1992 1741 2036; x_wconf 85' lang='lat'>3.</span> <span class='ocrx_word' id='word_1_188' title='bbox 1783 1991 1850 2038; x_wconf 82' lang='lat' dir='ltr'>Of.</span> <span class='ocrx_word' id='word_1_189' title='bbox 1879 1993 2058 2039; x_wconf 88' lang='lat' dir='ltr'>Othloni</span> <span class='ocrx_word' id='word_1_190' title='bbox 2094 1994 2192 2040; x_wconf 91' lang='lat' dir='ltr'>libr.</span> <span class='ocrx_word' id='word_1_191' title='bbox 2221 1996 2447 2041; x_wconf 88' lang='lat' dir='ltr'>visionum</span> 
     </span>
     <span class='ocr_line' id='line_1_21' title="bbox 506 2065 2449 2126; baseline -0.001 -13"><span class='ocrx_word' id='word_1_192' title='bbox 506 2069 642 2124; x_wconf 92' lang='lat' dir='ltr'><strong>(Mon.</strong></span> <span class='ocrx_word' id='word_1_193' title='bbox 668 2067 819 2113; x_wconf 81' lang='lat' dir='ltr'>Germ.</span> <span class='ocrx_word' id='word_1_194' title='bbox 843 2065 922 2112; x_wconf 80' lang='lat' dir='ltr'>SS.</span> <span class='ocrx_word' id='word_1_195' title='bbox 944 2066 1013 2111; x_wconf 94' lang='lat' dir='ltr'>XI</span> <span class='ocrx_word' id='word_1_196' title='bbox 1037 2066 1163 2121; x_wconf 86' lang='lat'>384):</span> <span class='ocrx_word' id='word_1_197' title='bbox 1198 2066 1482 2123; x_wconf 88' lang='lat' dir='ltr'>„Humperto</span> <span class='ocrx_word' id='word_1_198' title='bbox 1513 2065 1726 2125; x_wconf 89' lang='lat' dir='ltr'>episcopo</span> <span class='ocrx_word' id='word_1_199' title='bbox 1753 2090 1808 2097; x_wconf 94' lang='lat'>—</span> <span class='ocrx_word' id='word_1_200' title='bbox 1833 2067 1910 2122; x_wconf 91' lang='lat' dir='ltr'>qui</span> <span class='ocrx_word' id='word_1_201' title='bbox 1938 2066 2062 2112; x_wconf 86' lang='lat' dir='ltr'>beati</span> <span class='ocrx_word' id='word_1_202' title='bbox 2090 2069 2256 2114; x_wconf 90' lang='lat' dir='ltr'>Leonis</span> <span class='ocrx_word' id='word_1_203' title='bbox 2286 2080 2449 2126; x_wconf 89' lang='lat' dir='ltr'>nuper-</span> 
     </span>
     <span class='ocr_line' id='line_1_22' title="bbox 504 2138 2448 2198; baseline 0.001 -13"><span class='ocrx_word' id='word_1_204' title='bbox 504 2142 616 2186; x_wconf 90' lang='lat' dir='ltr'>rime</span> <span class='ocrx_word' id='word_1_205' title='bbox 645 2154 791 2198; x_wconf 91' lang='lat' dir='ltr'>papae</span> <span class='ocrx_word' id='word_1_206' title='bbox 814 2152 965 2185; x_wconf 91' lang='lat' dir='ltr'>comes</span> <span class='ocrx_word' id='word_1_207' title='bbox 986 2140 1103 2196; x_wconf 88' lang='lat' dir='ltr'>iugis</span> <span class='ocrx_word' id='word_1_208' title='bbox 1130 2139 1499 2194; x_wconf 83' lang='lat' dir='ltr'>consiliariusque</span> <span class='ocrx_word' id='word_1_209' title='bbox 1531 2138 1873 2195; x_wconf 89' lang='lat' dir='ltr'>acceptissimus</span> <span class='ocrx_word' id='word_1_210' title='bbox 1895 2140 2086 2186; x_wconf 85' lang='lat' dir='ltr'>extitit“.</span> <span class='ocrx_word' id='word_1_211' title='bbox 2205 2142 2248 2186; x_wconf 91' lang='lat'>4.</span> <span class='ocrx_word' id='word_1_212' title='bbox 2280 2142 2337 2186; x_wconf 88' lang='lat' dir='ltr'>de</span> <span class='ocrx_word' id='word_1_213' title='bbox 2358 2154 2448 2198; x_wconf 88' lang='lat' dir='ltr'>quo</span> 
     </span>
     <span class='ocr_line' id='line_1_23' title="bbox 503 2211 2448 2272; baseline 0.001 -14"><span class='ocrx_word' id='word_1_214' title='bbox 503 2229 548 2259; x_wconf 93' lang='lat' dir='ltr'>v.</span> <span class='ocrx_word' id='word_1_215' title='bbox 581 2214 778 2259; x_wconf 89' lang='lat' dir='ltr'>Histoire</span> <span class='ocrx_word' id='word_1_216' title='bbox 807 2214 872 2258; x_wconf 84' lang='lat' dir='ltr'>lit.</span> <span class='ocrx_word' id='word_1_217' title='bbox 905 2213 1016 2260; x_wconf 93' lang='lat' dir='ltr'>VIII</span> <span class='ocrx_word' id='word_1_218' title='bbox 1046 2214 1085 2257; x_wconf 90' lang='lat'><strong>1.</strong></span> <span class='ocrx_word' id='word_1_219' title='bbox 1238 2213 1279 2256; x_wconf 91' lang='lat'><strong>5.</strong></span> <span class='ocrx_word' id='word_1_220' title='bbox 1319 2211 1640 2267; x_wconf 88' lang='lat' dir='ltr'>Remiremont,</span> <span class='ocrx_word' id='word_1_221' title='bbox 1672 2211 1716 2255; x_wconf 85' lang='lat' dir='ltr'><strong>d.</strong></span> <span class='ocrx_word' id='word_1_222' title='bbox 1749 2212 1987 2257; x_wconf 90' lang='lat' dir='ltr'>Tullensis.</span> <span class='ocrx_word' id='word_1_223' title='bbox 2137 2216 2178 2259; x_wconf 88' lang='lat'>6.</span> <span class='ocrx_word' id='word_1_224' title='bbox 2218 2214 2448 2272; x_wconf 87' lang='lat' dir='ltr'>diaconus,</span> 
     </span>
     <span class='ocr_line' id='line_1_24' title="bbox 502 2284 2449 2344; baseline 0 -12"><span class='ocrx_word' id='word_1_225' title='bbox 502 2286 883 2344; x_wconf 89' lang='lat' dir='ltr'>bibliothecarius,</span> <span class='ocrx_word' id='word_1_226' title='bbox 905 2286 1196 2331; x_wconf 85' lang='lat' dir='ltr'>cancellarius</span> <span class='ocrx_word' id='word_1_227' title='bbox 1217 2285 1339 2329; x_wconf 86' lang='lat' dir='ltr'>sedis</span> <span class='ocrx_word' id='word_1_228' title='bbox 1360 2285 1633 2341; x_wconf 88' lang='lat' dir='ltr'>apostolicae</span> <span class='ocrx_word' id='word_1_229' title='bbox 1653 2284 1759 2328; x_wconf 90' lang='lat' dir='ltr'>inde</span> <span class='ocrx_word' id='word_1_230' title='bbox 1781 2298 1809 2328; x_wconf 94' lang='lat' dir='ltr'>a</span> <span class='ocrx_word' id='word_1_231' title='bbox 1829 2285 1872 2328; x_wconf 88' lang='lat' dir='ltr'><strong>d.</strong></span> <span class='ocrx_word' id='word_1_232' title='bbox 1897 2287 1952 2330; x_wconf 88' lang='grc'><strong>12</strong></span> <span class='ocrx_word' id='word_1_233' title='bbox 1971 2286 2100 2331; x_wconf 88' lang='lat' dir='ltr'>Mart.</span> <span class='ocrx_word' id='word_1_234' title='bbox 2124 2287 2252 2343; x_wconf 88' lang='lat'>1051,</span> <span class='ocrx_word' id='word_1_235' title='bbox 2284 2287 2449 2332; x_wconf 89' lang='lat' dir='ltr'>deinde</span> 
     </span>
     <span class='ocr_line' id='line_1_25' title="bbox 505 2356 2447 2416; baseline 0 -11"><span class='ocrx_word' id='word_1_236' title='bbox 505 2360 647 2406; x_wconf 87' lang='lat' dir='ltr'>abbas</span> <span class='ocrx_word' id='word_1_237' title='bbox 679 2360 937 2405; x_wconf 87' lang='lat' dir='ltr'>Casinensis</span> <span class='ocrx_word' id='word_1_238' title='bbox 967 2359 1118 2413; x_wconf 85' lang='lat'>(1057)</span> <span class='ocrx_word' id='word_1_239' title='bbox 1149 2361 1378 2414; x_wconf 90' lang='lat' dir='ltr'>postremo</span> <span class='ocrx_word' id='word_1_240' title='bbox 1407 2370 1528 2413; x_wconf 91' lang='lat' dir='ltr'>papa</span> <span class='ocrx_word' id='word_1_241' title='bbox 1558 2356 1814 2413; x_wconf 87' lang='lat' dir='ltr'>Stephanus</span> <span class='ocrx_word' id='word_1_242' title='bbox 1834 2359 1892 2402; x_wconf 89' lang='lat' dir='ltr'><strong>X.</strong></span> <span class='ocrx_word' id='word_1_243' title='bbox 2013 2361 2053 2403; x_wconf 86' lang='lat'>7.</span> <span class='ocrx_word' id='word_1_244' title='bbox 2085 2359 2283 2416; x_wconf 87' lang='lat' dir='ltr'>Barbati,</span> <span class='ocrx_word' id='word_1_245' title='bbox 2316 2360 2447 2405; x_wconf 88' lang='lat' dir='ltr'>ducis</span> 
     </span>
     <span class='ocr_line' id='line_1_26' title="bbox 503 2430 2444 2490; baseline 0 -12"><span class='ocrx_word' id='word_1_246' title='bbox 503 2433 837 2489; x_wconf 88' lang='lat' dir='ltr'>Lotharingiae.</span> <span class='ocrx_word' id='word_1_247' title='bbox 972 2432 1014 2475; x_wconf 90' lang='lat'><strong>8.</strong></span> <span class='ocrx_word' id='word_1_248' title='bbox 1047 2432 1090 2475; x_wconf 90' lang='lat' dir='ltr'><strong>d.</strong></span> <span class='ocrx_word' id='word_1_249' title='bbox 1114 2430 1467 2475; x_wconf 87' lang='lat' dir='ltr'>Suessionensis.</span> <span class='ocrx_word' id='word_1_250' title='bbox 1604 2430 1645 2473; x_wconf 85' lang='lat'>9.</span> <span class='ocrx_word' id='word_1_251' title='bbox 1678 2434 1937 2486; x_wconf 87' lang='lat' dir='ltr'>assumptus</span> <span class='ocrx_word' id='word_1_252' title='bbox 1966 2436 2070 2488; x_wconf 87' lang='lat' dir='ltr'>post</span> <span class='ocrx_word' id='word_1_253' title='bbox 2099 2446 2158 2477; x_wconf 89' lang='lat' dir='ltr'><strong>m.</strong></span> <span class='ocrx_word' id='word_1_254' title='bbox 2179 2433 2290 2490; x_wconf 92' lang='lat' dir='ltr'>Apr.</span> <span class='ocrx_word' id='word_1_255' title='bbox 2314 2434 2444 2478; x_wconf 87' lang='lat'><strong>1049.</strong></span> 
     </span>
     <span class='ocr_line' id='line_1_27' title="bbox 503 2501 2444 2563; baseline 0.001 -14"><span class='ocrx_word' id='word_1_256' title='bbox 503 2506 574 2550; x_wconf 93' lang='lat' dir='ltr'>De</span> <span class='ocrx_word' id='word_1_257' title='bbox 604 2505 780 2563; x_wconf 89' lang='lat' dir='ltr'>synodo</span> <span class='ocrx_word' id='word_1_258' title='bbox 810 2505 930 2548; x_wconf 89' lang='lat' dir='ltr'>enim</span> <span class='ocrx_word' id='word_1_259' title='bbox 961 2518 989 2548; x_wconf 92' lang='lat' dir='ltr'>a</span> <span class='ocrx_word' id='word_1_260' title='bbox 1017 2505 1170 2549; x_wconf 89' lang='lat' dir='ltr'>Leone</span> <span class='ocrx_word' id='word_1_261' title='bbox 1199 2504 1267 2548; x_wconf 88' lang='lat' dir='ltr'>IX</span> <span class='ocrx_word' id='word_1_262' title='bbox 1297 2517 1356 2547; x_wconf 90' lang='lat' dir='ltr'><strong>m.</strong></span> <span class='ocrx_word' id='word_1_263' title='bbox 1385 2501 1531 2559; x_wconf 90' lang='lat' dir='ltr'>Aprili</span> <span class='ocrx_word' id='word_1_264' title='bbox 1562 2503 1675 2546; x_wconf 87' lang='lat'>1049</span> <span class='ocrx_word' id='word_1_265' title='bbox 1707 2502 1955 2561; x_wconf 85' lang='lat' dir='ltr'>celebrata,</span> <span class='ocrx_word' id='word_1_266' title='bbox 1994 2505 2226 2550; x_wconf 85' lang='lat' dir='ltr'>Wibertus</span> <span class='ocrx_word' id='word_1_267' title='bbox 2255 2507 2303 2550; x_wconf 91' lang='lat' dir='ltr'>in</span> <span class='ocrx_word' id='word_1_268' title='bbox 2331 2507 2444 2551; x_wconf 91' lang='lat' dir='ltr'>Leo-</span> 
     </span>
     <span class='ocr_line' id='line_1_28' title="bbox 503 2574 2447 2634; baseline 0.001 -11"><span class='ocrx_word' id='word_1_269' title='bbox 503 2579 574 2623; x_wconf 90' lang='lat' dir='ltr'>nis</span> <span class='ocrx_word' id='word_1_270' title='bbox 603 2579 671 2622; x_wconf 91' lang='lat' dir='ltr'>IX</span> <span class='ocrx_word' id='word_1_271' title='bbox 699 2578 821 2622; x_wconf 84' lang='lat' dir='ltr'>vitae</span> <span class='ocrx_word' id='word_1_272' title='bbox 851 2578 903 2621; x_wconf 89' lang='lat' dir='ltr'><strong>L.</strong></span> <span class='ocrx_word' id='word_1_273' title='bbox 924 2578 970 2621; x_wconf 93' lang='grc' dir='ltr'>Π</span> <span class='ocrx_word' id='word_1_274' title='bbox 1000 2590 1038 2621; x_wconf 90' lang='lat' dir='ltr'><strong>c.</strong></span> <span class='ocrx_word' id='word_1_275' title='bbox 1058 2578 1089 2621; x_wconf 91' lang='lat'><strong>4</strong></span> <span class='ocrx_word' id='word_1_276' title='bbox 1127 2574 1307 2632; x_wconf 87' lang='lat' dir='ltr'>(Pontif.</span> <span class='ocrx_word' id='word_1_277' title='bbox 1335 2575 1525 2619; x_wconf 86' lang='lat' dir='ltr'>Roman.</span> <span class='ocrx_word' id='word_1_278' title='bbox 1546 2576 1626 2620; x_wconf 88' lang='lat' dir='ltr'>vit.</span> <span class='ocrx_word' id='word_1_279' title='bbox 1657 2576 1728 2620; x_wconf 89' lang='lat' dir='ltr'>ed.</span> <span class='ocrx_word' id='word_1_280' title='bbox 1750 2576 2001 2621; x_wconf 86' lang='lat' dir='ltr'>Watterich</span> <span class='ocrx_word' id='word_1_281' title='bbox 2031 2578 2084 2622; x_wconf 91' lang='lat' dir='ltr'><strong>T.</strong></span> <span class='ocrx_word' id='word_1_282' title='bbox 2106 2579 2129 2622; x_wconf 89' lang='lat' dir='ltr'>I</span> <span class='ocrx_word' id='word_1_283' title='bbox 2160 2579 2262 2634; x_wconf 88' lang='lat'>154)</span> <span class='ocrx_word' id='word_1_284' title='bbox 2293 2584 2447 2625; x_wconf 86' lang='lat' dir='ltr'>narrat</span> 
     </span>
     <span class='ocr_line' id='line_1_29' title="bbox 503 2648 2444 2711; baseline 0.001 -15"><span class='ocrx_word' id='word_1_285' title='bbox 503 2652 635 2696; x_wconf 93' lang='lat' dir='ltr'>haec:</span> <span class='ocrx_word' id='word_1_286' title='bbox 671 2652 819 2709; x_wconf 89' lang='lat' dir='ltr'>„Nam</span> <span class='ocrx_word' id='word_1_287' title='bbox 851 2651 1094 2711; x_wconf 87' lang='lat' dir='ltr'>episcopus</span> <span class='ocrx_word' id='word_1_288' title='bbox 1119 2649 1176 2694; x_wconf 89' lang='lat' dir='ltr'>de</span> <span class='ocrx_word' id='word_1_289' title='bbox 1209 2648 1358 2694; x_wconf 87' lang='lat' dir='ltr'>Sutrio</span> <span class='ocrx_word' id='word_1_290' title='bbox 1390 2673 1445 2680; x_wconf 92' lang='lat'>—</span> <span class='ocrx_word' id='word_1_291' title='bbox 1476 2649 1620 2693; x_wconf 89' lang='lat' dir='ltr'>voluit</span> <span class='ocrx_word' id='word_1_292' title='bbox 1649 2649 1815 2693; x_wconf 89' lang='lat' dir='ltr'>iniuste</span> <span class='ocrx_word' id='word_1_293' title='bbox 1846 2662 1896 2694; x_wconf 89' lang='lat' dir='ltr'>se</span> <span class='ocrx_word' id='word_1_294' title='bbox 1927 2662 2157 2709; x_wconf 84' lang='lat' dir='ltr'>excusare,</span> <span class='ocrx_word' id='word_1_295' title='bbox 2188 2650 2315 2697; x_wconf 87' lang='lat' dir='ltr'>falsis</span> <span class='ocrx_word' id='word_1_296' title='bbox 2343 2666 2444 2710; x_wconf 90' lang='lat' dir='ltr'>pro-</span> 
     </span>
     <span class='ocr_line' id='line_1_30' title="bbox 503 2721 2443 2781; baseline 0.001 -11"><span class='ocrx_word' id='word_1_297' title='bbox 503 2726 606 2770; x_wconf 90' lang='lat' dir='ltr'>latis</span> <span class='ocrx_word' id='word_1_298' title='bbox 635 2724 850 2781; x_wconf 79' lang='lat' dir='ltr'>testibus3</span> <span class='ocrx_word' id='word_1_299' title='bbox 884 2722 966 2767; x_wconf 89' lang='lat' dir='ltr'>sed</span> <span class='ocrx_word' id='word_1_300' title='bbox 988 2747 1043 2754; x_wconf 89' lang='grc'>-</span> <span class='ocrx_word' id='word_1_301' title='bbox 1065 2735 1156 2767; x_wconf 84' lang='grc'><strong>11011</strong></span> <span class='ocrx_word' id='word_1_302' title='bbox 1183 2723 1320 2778; x_wconf 91' lang='lat' dir='ltr'>longo</span> <span class='ocrx_word' id='word_1_303' title='bbox 1350 2725 1455 2778; x_wconf 85' lang='lat' dir='ltr'>post</span> <span class='ocrx_word' id='word_1_304' title='bbox 1482 2725 1686 2778; x_wconf 89' lang='lat' dir='ltr'>tempore</span> <span class='ocrx_word' id='word_1_305' title='bbox 1716 2721 1925 2767; x_wconf 90' lang='lat' dir='ltr'>humanis</span> <span class='ocrx_word' id='word_1_306' title='bbox 1947 2723 2081 2769; x_wconf 89' lang='lat' dir='ltr'>rebus</span> <span class='ocrx_word' id='word_1_307' title='bbox 2103 2728 2174 2769; x_wconf 90' lang='lat' dir='ltr'>est</span> <span class='ocrx_word' id='word_1_308' title='bbox 2194 2725 2443 2771; x_wconf 84' lang='lat' dir='ltr'>exemtus“.</span> 
     </span>
     <span class='ocr_line' id='line_1_31' title="bbox 505 2794 2443 2856; baseline 0 -13"><span class='ocrx_word' id='word_1_309' title='bbox 505 2798 713 2843; x_wconf 84' lang='lat' dir='ltr'>Ceterum</span> <span class='ocrx_word' id='word_1_310' title='bbox 749 2795 1021 2855; x_wconf 86' lang='lat' dir='ltr'>„Azelinum</span> <span class='ocrx_word' id='word_1_311' title='bbox 1052 2795 1282 2841; x_wconf 86' lang='lat' dir='ltr'>Sutrinum</span> <span class='ocrx_word' id='word_1_312' title='bbox 1309 2794 1606 2853; x_wconf 86' lang='lat' dir='ltr'>episcopum“</span> <span class='ocrx_word' id='word_1_313' title='bbox 1639 2795 1833 2840; x_wconf 90' lang='lat' dir='ltr'>eundem</span> <span class='ocrx_word' id='word_1_314' title='bbox 1863 2795 2003 2840; x_wconf 82' lang='lat' dir='ltr'>fuisse</span> <span class='ocrx_word' id='word_1_315' title='bbox 2035 2796 2210 2843; x_wconf 89' lang='lat' dir='ltr'>confido</span> <span class='ocrx_word' id='word_1_316' title='bbox 2241 2811 2296 2843; x_wconf 91' lang='lat' dir='ltr'>ac</span> <span class='ocrx_word' id='word_1_317' title='bbox 2328 2798 2443 2856; x_wconf 87' lang='lat' dir='ltr'>„Su-</span> 
     </span>
     <span class='ocr_line' id='line_1_32' title="bbox 458 2867 2443 2927; baseline -0.001 -11"><span class='ocrx_word' id='word_1_318' title='bbox 458 2917 460 2919; x_wconf 79' lang='grc'><strong>,</strong></span> <span class='ocrx_word' id='word_1_319' title='bbox 502 2872 715 2915; x_wconf 89' lang='lat' dir='ltr'>triensem</span> <span class='ocrx_word' id='word_1_320' title='bbox 754 2870 1015 2927; x_wconf 86' lang='lat' dir='ltr'>episcopum</span> <span class='ocrx_word' id='word_1_321' title='bbox 1054 2869 1255 2913; x_wconf 91' lang='lat' dir='ltr'>Kilinum</span> <span class='ocrx_word' id='word_1_322' title='bbox 1271 2867 1308 2925; x_wconf 84' lang='lat'>“,</span> <span class='ocrx_word' id='word_1_323' title='bbox 1348 2870 1425 2925; x_wconf 88' lang='lat' dir='ltr'>qui</span> <span class='ocrx_word' id='word_1_324' title='bbox 1464 2869 1537 2913; x_wconf 89' lang='lat' dir='ltr'>die</span> <span class='ocrx_word' id='word_1_325' title='bbox 1568 2870 1595 2913; x_wconf 89' lang='lat'><strong>3</strong></span> <span class='ocrx_word' id='word_1_326' title='bbox 1626 2869 1722 2913; x_wconf 90' lang='lat' dir='ltr'>Oct.</span> <span class='ocrx_word' id='word_1_327' title='bbox 1757 2869 1873 2913; x_wconf 91' lang='lat'>1050</span> <span class='ocrx_word' id='word_1_328' title='bbox 1902 2870 2178 2915; x_wconf 88' lang='lat' dir='ltr'>Vesontione</span> <span class='ocrx_word' id='word_1_329' title='bbox 2217 2870 2304 2915; x_wconf 87' lang='lat' dir='ltr'>fuit</span> <span class='ocrx_word' id='word_1_330' title='bbox 2340 2884 2443 2915; x_wconf 92' lang='lat' dir='ltr'>cum</span> 
     </span>
     <span class='ocr_line' id='line_1_33' title="bbox 502 2942 2444 3000; baseline 0.001 -13"><span class='ocrx_word' id='word_1_331' title='bbox 502 2945 655 2988; x_wconf 89' lang='lat' dir='ltr'>Leone</span> <span class='ocrx_word' id='word_1_332' title='bbox 685 2943 765 3000; x_wconf 94' lang='lat' dir='ltr'>IX,</span> <span class='ocrx_word' id='word_1_333' title='bbox 797 2946 849 2987; x_wconf 90' lang='lat' dir='ltr'>ut</span> <span class='ocrx_word' id='word_1_334' title='bbox 879 2942 1045 2987; x_wconf 91' lang='lat' dir='ltr'>docent</span> <span class='ocrx_word' id='word_1_335' title='bbox 1071 2943 1270 2998; x_wconf 85' lang='lat' dir='ltr'>Regesta</span> <span class='ocrx_word' id='word_1_336' title='bbox 1301 2946 1424 2999; x_wconf 88' lang='lat' dir='ltr'>pont.</span> <span class='ocrx_word' id='word_1_337' title='bbox 1445 2943 1575 2988; x_wconf 83' lang='lat' dir='ltr'><strong>Rom.</strong></span> <span class='ocrx_word' id='word_1_338' title='bbox 1606 2956 1651 2999; x_wconf 91' lang='lat' dir='ltr'><strong>p.</strong></span> <span class='ocrx_word' id='word_1_339' title='bbox 1673 2943 1774 2986; x_wconf 86' lang='grc'><strong>373.</strong></span> <span class='ocrx_word' id='word_1_340' title='bbox 1906 2944 1975 2987; x_wconf 90' lang='grc'>10.</span> <span class='ocrx_word' id='word_1_341' title='bbox 2008 2944 2065 2989; x_wconf 89' lang='lat' dir='ltr'><strong>V.</strong></span> <span class='ocrx_word' id='word_1_342' title='bbox 2095 2943 2307 2988; x_wconf 87' lang='lat' dir='ltr'>Iohannis</span> <span class='ocrx_word' id='word_1_343' title='bbox 2337 2944 2444 2990; x_wconf 89' lang='lat' dir='ltr'>Vita</span> 
     </span>
     <span class='ocr_line' id='line_1_34' title="bbox 502 3014 2439 3073; baseline 0 -13"><span class='ocrx_word' id='word_1_344' title='bbox 502 3017 624 3061; x_wconf 86' lang='lat' dir='ltr'>Petri</span> <span class='ocrx_word' id='word_1_345' title='bbox 661 3017 874 3060; x_wconf 90' lang='lat' dir='ltr'>Damiani</span> <span class='ocrx_word' id='word_1_346' title='bbox 914 3029 952 3060; x_wconf 90' lang='lat' dir='ltr'><strong>c.</strong></span> <span class='ocrx_word' id='word_1_347' title='bbox 976 3017 1001 3060; x_wconf 91' lang='lat'>1</span> <span class='ocrx_word' id='word_1_348' title='bbox 1043 3017 1106 3071; x_wconf 94' lang='lat' dir='ltr'>(in</span> <span class='ocrx_word' id='word_1_349' title='bbox 1135 3016 1259 3060; x_wconf 89' lang='lat' dir='ltr'>Petri</span> <span class='ocrx_word' id='word_1_350' title='bbox 1293 3028 1396 3073; x_wconf 92' lang='lat' dir='ltr'><strong>opp.</strong></span> <span class='ocrx_word' id='word_1_351' title='bbox 1428 3015 1499 3060; x_wconf 88' lang='lat' dir='ltr'>ed.</span> <span class='ocrx_word' id='word_1_352' title='bbox 1530 3014 1772 3060; x_wconf 85' lang='lat' dir='ltr'>Caietanus</span> <span class='ocrx_word' id='word_1_353' title='bbox 1809 3016 1992 3060; x_wconf 90' lang='lat' dir='ltr'>Parisiis</span> <span class='ocrx_word' id='word_1_354' title='bbox 2024 3017 2138 3061; x_wconf 88' lang='grc'><strong>1743</strong></span> <span class='ocrx_word' id='word_1_355' title='bbox 2175 3016 2229 3060; x_wconf 90' lang='lat' dir='ltr'>T.</span> <span class='ocrx_word' id='word_1_356' title='bbox 2250 3017 2273 3060; x_wconf 96' lang='lat' dir='ltr'>I</span> <span class='ocrx_word' id='word_1_357' title='bbox 2301 3030 2346 3073; x_wconf 89' lang='lat' dir='ltr'>p.</span> <span class='ocrx_word' id='word_1_358' title='bbox 2367 3018 2439 3072; x_wconf 93' lang='lat'>11):</span> 
     </span>
     <span class='ocr_line' id='line_1_35' title="bbox 506 3088 2441 3148; baseline 0 -14"><span class='ocrx_word' id='word_1_359' title='bbox 506 3090 614 3148; x_wconf 88' lang='lat' dir='ltr'>„Vir</span> <span class='ocrx_word' id='word_1_360' title='bbox 641 3090 794 3146; x_wconf 87' lang='lat' dir='ltr'>itaque</span> <span class='ocrx_word' id='word_1_361' title='bbox 813 3089 902 3133; x_wconf 93' lang='lat' dir='ltr'>Dei</span> <span class='ocrx_word' id='word_1_362' title='bbox 919 3089 1080 3134; x_wconf 91' lang='lat' dir='ltr'>Petrus</span> <span class='ocrx_word' id='word_1_363' title='bbox 1102 3115 1156 3121; x_wconf 91' lang='lat'><strong>—</strong></span> <span class='ocrx_word' id='word_1_364' title='bbox 1174 3088 1503 3134; x_wconf 87' lang='lat' dir='ltr'>famosissimae</span> <span class='ocrx_word' id='word_1_365' title='bbox 1532 3089 1778 3134; x_wconf 86' lang='lat' dir='ltr'>Ravennae</span> <span class='ocrx_word' id='word_1_366' title='bbox 1807 3088 1932 3134; x_wconf 92' lang='lat' dir='ltr'>urbis</span> <span class='ocrx_word' id='word_1_367' title='bbox 1963 3090 2074 3134; x_wconf 87' lang='lat' dir='ltr'>civis</span> <span class='ocrx_word' id='word_1_368' title='bbox 2088 3088 2125 3133; x_wconf 84' lang='lat'>“.</span> <span class='ocrx_word' id='word_1_369' title='bbox 2245 3090 2314 3134; x_wconf 92' lang='lat'>11.</span> <span class='ocrx_word' id='word_1_370' title='bbox 2347 3089 2441 3134; x_wconf 90' lang='lat' dir='ltr'>dia—</span> 
     </span>
     <span class='ocr_line' id='line_1_36' title="bbox 502 3160 2442 3220; baseline 0 -13"><span class='ocrx_word' id='word_1_371' title='bbox 502 3162 646 3207; x_wconf 90' lang='lat' dir='ltr'>bolus.</span> <span class='ocrx_word' id='word_1_372' title='bbox 671 3163 725 3208; x_wconf 92' lang='lat' dir='ltr'>V.</span> <span class='ocrx_word' id='word_1_373' title='bbox 746 3161 864 3207; x_wconf 89' lang='lat' dir='ltr'>infra</span> <span class='ocrx_word' id='word_1_374' title='bbox 881 3176 925 3207; x_wconf 89' lang='lat' dir='ltr'><strong>n.</strong></span> <span class='ocrx_word' id='word_1_375' title='bbox 944 3163 1001 3206; x_wconf 92' lang='grc'>12</span> <span class='ocrx_word' id='word_1_376' title='bbox 1021 3166 1068 3206; x_wconf 89' lang='lat' dir='ltr'>et</span> <span class='ocrx_word' id='word_1_377' title='bbox 1089 3163 1158 3207; x_wconf 86' lang='lat'><strong>13.</strong></span> <span class='ocrx_word' id='word_1_378' title='bbox 1280 3164 1351 3207; x_wconf 91' lang='grc'><strong>12.</strong></span> <span class='ocrx_word' id='word_1_379' title='bbox 1382 3163 1492 3206; x_wconf 93' lang='lat' dir='ltr'>Luc.</span> <span class='ocrx_word' id='word_1_380' title='bbox 1516 3163 1585 3218; x_wconf 92' lang='grc'>11,</span> <span class='ocrx_word' id='word_1_381' title='bbox 1609 3163 1686 3206; x_wconf 89' lang='lat'>21:</span> <span class='ocrx_word' id='word_1_382' title='bbox 1711 3162 1852 3220; x_wconf 84' lang='lat' dir='ltr'>„Cum</span> <span class='ocrx_word' id='word_1_383' title='bbox 1872 3160 2001 3207; x_wconf 86' lang='lat' dir='ltr'>fortis</span> <span class='ocrx_word' id='word_1_384' title='bbox 2022 3165 2220 3206; x_wconf 87' lang='lat' dir='ltr'>armatus</span> <span class='ocrx_word' id='word_1_385' title='bbox 2244 3162 2442 3207; x_wconf 80' lang='lat' dir='ltr'>custodit</span> 
     </span>
     <span class='ocr_line' id='line_1_37' title="bbox 503 3233 2440 3292; baseline 0.001 -13"><span class='ocrx_word' id='word_1_386' title='bbox 503 3235 665 3279; x_wconf 88' lang='lat' dir='ltr'>atrium</span> <span class='ocrx_word' id='word_1_387' title='bbox 686 3248 830 3292; x_wconf 86' lang='lat' dir='ltr'>suum,</span> <span class='ocrx_word' id='word_1_388' title='bbox 862 3235 909 3279; x_wconf 90' lang='lat' dir='ltr'>in</span> <span class='ocrx_word' id='word_1_389' title='bbox 937 3249 1051 3292; x_wconf 90' lang='lat' dir='ltr'>pace</span> <span class='ocrx_word' id='word_1_390' title='bbox 1082 3239 1188 3281; x_wconf 91' lang='lat' dir='ltr'>sunt</span> <span class='ocrx_word' id='word_1_391' title='bbox 1217 3248 1285 3292; x_wconf 89' lang='lat' dir='ltr'>ea,</span> <span class='ocrx_word' id='word_1_392' title='bbox 1317 3247 1433 3292; x_wconf 87' lang='lat' dir='ltr'>quae</span> <span class='ocrx_word' id='word_1_393' title='bbox 1463 3233 1718 3292; x_wconf 82' lang='lat' dir='ltr'>possidet“.</span> <span class='ocrx_word' id='word_1_394' title='bbox 1763 3235 1850 3279; x_wconf 93' lang='lat' dir='ltr'>Hic</span> <span class='ocrx_word' id='word_1_395' title='bbox 1872 3247 2032 3280; x_wconf 88' lang='lat' dir='ltr'>versus</span> <span class='ocrx_word' id='word_1_396' title='bbox 2060 3235 2108 3279; x_wconf 91' lang='lat' dir='ltr'>in</span> <span class='ocrx_word' id='word_1_397' title='bbox 2140 3234 2312 3291; x_wconf 88' lang='lat' dir='ltr'>„Biblia</span> <span class='ocrx_word' id='word_1_398' title='bbox 2336 3248 2440 3280; x_wconf 92' lang='lat' dir='ltr'>cum</span> 
     </span>
     <span class='ocr_line' id='line_1_38' title="bbox 501 3307 2436 3365; baseline 0.001 -13"><span class='ocrx_word' id='word_1_399' title='bbox 501 3307 680 3365; x_wconf 82' lang='lat' dir='ltr'>glossa“</span> <span class='ocrx_word' id='word_1_400' title='bbox 713 3307 1021 3365; x_wconf 84' lang='lat' dir='ltr'>(Antwerpiae</span> <span class='ocrx_word' id='word_1_401' title='bbox 1052 3309 1184 3363; x_wconf 87' lang='lat'>1634)</span> <span class='ocrx_word' id='word_1_402' title='bbox 1215 3309 1269 3352; x_wconf 91' lang='lat' dir='ltr'>T.</span> <span class='ocrx_word' id='word_1_403' title='bbox 1291 3308 1335 3354; x_wconf 93' lang='lat' dir='ltr'>V</span> <span class='ocrx_word' id='word_1_404' title='bbox 1365 3308 1452 3353; x_wconf 84' lang='lat'>843</span> <span class='ocrx_word' id='word_1_405' title='bbox 1490 3308 1555 3353; x_wconf 88' lang='lat' dir='ltr'>ita</span> <span class='ocrx_word' id='word_1_406' title='bbox 1584 3308 1851 3365; x_wconf 85' lang='lat' dir='ltr'>explanatus</span> <span class='ocrx_word' id='word_1_407' title='bbox 1887 3311 1977 3353; x_wconf 91' lang='lat' dir='ltr'>est:</span> <span class='ocrx_word' id='word_1_408' title='bbox 2017 3307 2130 3353; x_wconf 80' lang='lat' dir='ltr'>Cum</span> <span class='ocrx_word' id='word_1_409' title='bbox 2162 3341 2183 3364; x_wconf 91' lang='lat'>„</span> <span class='ocrx_word' id='word_1_410' title='bbox 2197 3307 2402 3353; x_wconf 85' lang='lat' dir='ltr'>diabolus</span> <span class='ocrx_word' id='word_1_411' title='bbox 2416 3308 2436 3331; x_wconf 83' lang='lat'>“</span> 
     </span>
     <span class='ocr_line' id='line_1_39' title="bbox 501 3380 2438 3439; baseline 0.001 -13"><span class='ocrx_word' id='word_1_412' title='bbox 501 3380 630 3426; x_wconf 90' lang='lat' dir='ltr'>fortis</span> <span class='ocrx_word' id='word_1_413' title='bbox 671 3416 692 3439; x_wconf 92' lang='lat'>„</span> <span class='ocrx_word' id='word_1_414' title='bbox 706 3381 766 3425; x_wconf 88' lang='lat' dir='ltr'>ad</span> <span class='ocrx_word' id='word_1_415' title='bbox 802 3382 1056 3426; x_wconf 88' lang='lat' dir='ltr'>nocendum</span> <span class='ocrx_word' id='word_1_416' title='bbox 1069 3382 1090 3404; x_wconf 85' lang='lat'>“</span> <span class='ocrx_word' id='word_1_417' title='bbox 1131 3385 1330 3426; x_wconf 81' lang='lat' dir='ltr'>armatus</span> <span class='ocrx_word' id='word_1_418' title='bbox 1369 3406 1423 3413; x_wconf 94' lang='lat'><strong>—</strong></span> <span class='ocrx_word' id='word_1_419' title='bbox 1464 3381 1626 3426; x_wconf 89' lang='lat' dir='ltr'>atrium</span> <span class='ocrx_word' id='word_1_420' title='bbox 1667 3394 1798 3426; x_wconf 91' lang='lat' dir='ltr'>suum</span> <span class='ocrx_word' id='word_1_421' title='bbox 1840 3380 1921 3438; x_wconf 85' lang='lat' dir='ltr'>„id</span> <span class='ocrx_word' id='word_1_422' title='bbox 1959 3383 2029 3425; x_wconf 89' lang='lat' dir='ltr'>est</span> <span class='ocrx_word' id='word_1_423' title='bbox 2065 3380 2282 3425; x_wconf 90' lang='lat' dir='ltr'>mundum</span> <span class='ocrx_word' id='word_1_424' title='bbox 2297 3380 2317 3403; x_wconf 86' lang='lat'>‘⁴</span> <span class='ocrx_word' id='word_1_425' title='bbox 2351 3385 2438 3427; x_wconf 88' lang='lat' dir='ltr'>cet.</span> 
     </span>
     <span class='ocr_line' id='line_1_40' title="bbox 562 3452 2439 3512; baseline 0.001 -13"><span class='ocrx_word' id='word_1_426' title='bbox 562 3455 631 3499; x_wconf 90' lang='lat'><strong>13.</strong></span> <span class='ocrx_word' id='word_1_427' title='bbox 662 3455 799 3499; x_wconf 89' lang='lat' dir='ltr'>Marc.</span> <span class='ocrx_word' id='word_1_428' title='bbox 821 3455 863 3511; x_wconf 85' lang='lat'>3,</span> <span class='ocrx_word' id='word_1_429' title='bbox 885 3455 965 3499; x_wconf 84' lang='lat'>27:</span> <span class='ocrx_word' id='word_1_430' title='bbox 1000 3455 1178 3512; x_wconf 89' lang='lat' dir='ltr'>„Nemo</span> <span class='ocrx_word' id='word_1_431' title='bbox 1207 3458 1359 3511; x_wconf 88' lang='lat' dir='ltr'>potest</span> <span class='ocrx_word' id='word_1_432' title='bbox 1387 3467 1501 3499; x_wconf 88' lang='lat' dir='ltr'>vasa</span> <span class='ocrx_word' id='word_1_433' title='bbox 1529 3453 1659 3499; x_wconf 87' lang='lat' dir='ltr'>fortis</span> <span class='ocrx_word' id='word_1_434' title='bbox 1683 3478 1739 3486; x_wconf 93' lang='lat'>-—</span> <span class='ocrx_word' id='word_1_435' title='bbox 1765 3453 1971 3511; x_wconf 89' lang='lat' dir='ltr'>diripere,</span> <span class='ocrx_word' id='word_1_436' title='bbox 2006 3453 2094 3497; x_wconf 89' lang='lat' dir='ltr'>nisi</span> <span class='ocrx_word' id='word_1_437' title='bbox 2122 3454 2246 3510; x_wconf 86' lang='lat' dir='ltr'>prius</span> <span class='ocrx_word' id='word_1_438' title='bbox 2276 3452 2439 3500; x_wconf 86' lang='lat' dir='ltr'>fortem</span> 
     </span>
     <span class='ocr_line' id='line_1_41' title="bbox 503 3524 2440 3585; baseline 0.001 -14"><span class='ocrx_word' id='word_1_439' title='bbox 503 3526 708 3583; x_wconf 88' lang='lat' dir='ltr'>alliget“.</span> <span class='ocrx_word' id='word_1_440' title='bbox 753 3527 811 3573; x_wconf 95' lang='lat' dir='ltr'>V.</span> <span class='ocrx_word' id='word_1_441' title='bbox 843 3526 993 3572; x_wconf 88' lang='lat' dir='ltr'>Biblia</span> <span class='ocrx_word' id='word_1_442' title='bbox 1021 3541 1125 3572; x_wconf 93' lang='lat' dir='ltr'>cum</span> <span class='ocrx_word' id='word_1_443' title='bbox 1154 3528 1309 3585; x_wconf 86' lang='lat' dir='ltr'>glossa</span> <span class='ocrx_word' id='word_1_444' title='bbox 1337 3528 1391 3572; x_wconf 92' lang='lat' dir='ltr'>T.</span> <span class='ocrx_word' id='word_1_445' title='bbox 1408 3528 1453 3574; x_wconf 95' lang='lat' dir='ltr'><strong>V</strong></span> <span class='ocrx_word' id='word_1_446' title='bbox 1481 3527 1588 3585; x_wconf 90' lang='lat'>518,</span> <span class='ocrx_word' id='word_1_447' title='bbox 1627 3526 1707 3572; x_wconf 90' lang='lat' dir='ltr'>ubi</span> <span class='ocrx_word' id='word_1_448' title='bbox 1744 3539 1880 3583; x_wconf 91' lang='lat' dir='ltr'>super</span> <span class='ocrx_word' id='word_1_449' title='bbox 1911 3524 2108 3584; x_wconf 86' lang='lat' dir='ltr'>„fortis“</span> <span class='ocrx_word' id='word_1_450' title='bbox 2141 3528 2338 3583; x_wconf 88' lang='lat' dir='ltr'>positum</span> <span class='ocrx_word' id='word_1_451' title='bbox 2368 3532 2440 3573; x_wconf 91' lang='lat' dir='ltr'>est</span> 
     </span>
     <span class='ocr_line' id='line_1_42' title="bbox 506 3598 2439 3660; baseline 0.001 -17"><span class='ocrx_word' id='word_1_452' title='bbox 506 3598 741 3656; x_wconf 86' lang='lat' dir='ltr'>„diaboli“‚</span> <span class='ocrx_word' id='word_1_453' title='bbox 772 3603 819 3644; x_wconf 82' lang='lat' dir='ltr'>et</span> <span class='ocrx_word' id='word_1_454' title='bbox 849 3613 985 3657; x_wconf 85' lang='lat' dir='ltr'>super</span> <span class='ocrx_word' id='word_1_455' title='bbox 1007 3599 1222 3659; x_wconf 88' lang='lat' dir='ltr'>„fortem“</span> <span class='ocrx_word' id='word_1_456' title='bbox 1244 3601 1410 3659; x_wconf 87' lang='lat' dir='ltr'>legitur</span> <span class='ocrx_word' id='word_1_457' title='bbox 1432 3598 1731 3660; x_wconf 84' lang='lat' dir='ltr'>„diabolum“.</span> <span class='ocrx_word' id='word_1_458' title='bbox 1777 3598 1845 3645; x_wconf 82' lang='lat' dir='ltr'>Of.</span> <span class='ocrx_word' id='word_1_459' title='bbox 1865 3598 2022 3644; x_wconf 87' lang='lat' dir='ltr'>Matth.</span> <span class='ocrx_word' id='word_1_460' title='bbox 2046 3599 2116 3657; x_wconf 91' lang='grc'>12,</span> <span class='ocrx_word' id='word_1_461' title='bbox 2138 3601 2195 3644; x_wconf 86' lang='grc'>29</span> <span class='ocrx_word' id='word_1_462' title='bbox 2226 3604 2273 3645; x_wconf 86' lang='lat' dir='ltr'>et</span> <span class='ocrx_word' id='word_1_463' title='bbox 2290 3600 2439 3646; x_wconf 88' lang='lat' dir='ltr'>Biblia</span> 
     </span>
     <span class='ocr_line' id='line_1_43' title="bbox 503 3674 990 3728; baseline 0.004 -13"><span class='ocrx_word' id='word_1_464' title='bbox 503 3683 606 3715; x_wconf 93' lang='lat' dir='ltr'>cum</span> <span class='ocrx_word' id='word_1_465' title='bbox 635 3674 787 3728; x_wconf 87' lang='lat' dir='ltr'>glossa</span> <span class='ocrx_word' id='word_1_466' title='bbox 815 3675 857 3720; x_wconf 95' lang='lat' dir='ltr'><strong>V</strong></span> <span class='ocrx_word' id='word_1_467' title='bbox 889 3674 990 3718; x_wconf 87' lang='lat'><strong>223.</strong></span> 
     </span>
    </p>
   </div>
  </div>
 </body>
</html>
