2722 4172
473 253 576 306 138
967 268 1241 308 GREGORII
1277 269 1356 305 vn
1391 267 1656 306 REGISTRI
1691 269 1734 306 11
1760 268 1821 306 25.
1847 269 1908 307 26.

295 387 411 433 1074
467 384 613 454 mini,
652 385 909 439 instanter
948 384 1309 438 admonemus:
1348 387 1537 438 utnon
1563 384 1732 438 solum
1768 385 1825 438 in
1863 386 2108 442 ecclesiae
2145 391 2266 442 tuae
2291 387 2403 442 dio-

275 447 369 486 N⁰v'
389 450 436 487 18
467 481 570 535 cesi
628 481 718 535 sed
774 482 930 535 etiam
988 481 1043 533 in
1091 480 1329 534 omnibus
1379 479 1825 548 suffraganeorum
1880 485 2088 536 tuorum
2141 482 2401 554 parochiis

464 576 795 647 presbyteros
844 576 1087 630 diaconos
1137 580 1188 630 et
1235 576 1578 630 subdiaconos
1625 575 2064 631 admonitionibus
2109 578 2215 632 tuis
2260 581 2402 633 caste

463 671 639 725 vivere
668 671 853 739 facias3
896 672 1157 741 quoniam,
1197 676 1256 726 ut
1279 672 1579 726 fraternitas
1604 675 1696 725 tua
1719 673 1881 741 novit,
1921 677 2155 728 caeterae
2181 673 2400 728 virtutes

465 767 604 837 apud
641 766 810 821 Deum
861 769 972 822 sine
1019 768 1260 822 castitate
1306 767 1438 821 nihil
1475 766 1675 836 valent,
1728 768 1862 823 sicut
1897 785 1994 823 nec
2032 769 2143 823 sine
2181 769 2399 824 caeteris

462 862 741 917 virtutibus
781 865 1008 918 castitas
1079 864 1138 917 In
1185 864 1282 917 hoc
1327 863 1486 932 igitur
1531 862 1749 931 diligens
1790 868 1843 917 et
1880 864 2132 919 sollicitus
2171 865 2398 935 studeaS,

463 962 743 1027 quatenus,
784 961 918 1013 sicut
953 961 1009 1013 in
1051 960 1165 1013 aliis
1204 959 1485 1013 virtutibus
1523 960 1653 1027 tuis,
1704 959 1802 1014 tibi
1839 959 2055 1014 Petrum
2105 960 2400 1031 apostolum

461 1053 748 1108 debitorem
793 1055 969 1109 faciaS.
1046 1055 1188 1111 Data
1232 1055 1428 1109 Romae
1480 1056 1548 1108 14
1585 1054 1847 1110 Kalendas
1885 1055 2215 1126 DecembriS,
2261 1056 2399 1110 indi-

459 1149 629 1203 ctione
671 1152 754 1204 13.

458 1320 509 1381 II
542 1325 643 1383 26.
677 1328 940 1398 Dionysio
963 1331 1201 1399 episcopo
1221 1329 1528 1382 Placentino
1548 1330 1780 1393 mandat,
1802 1339 1861 1382 ut
1876 1331 2186 1383 monasterio
2209 1329 2268 1384 S.
2292 1328 2397 1384 Sa-

677 1427 792 1477 viui
826 1425 1061 1478 abbatem
1090 1426 1501 1496 praeficiendum
1526 1435 1680 1477 curet.
1736 1425 1959 1495 Leqatos
1984 1428 2155 1491 mittit,
2197 1428 2292 1496 qui
2313 1428 2396 1479 iu-

679 1522 849 1573 dicent
883 1523 1018 1573 iuter
1057 1539 1194 1586 eum,
1236 1521 1468 1573 abbatem
1508 1520 1566 1574 S.
1597 1520 1892 1591 Sepulchri,
1929 1522 2136 1592 plebem
2170 1522 2396 1576 Placen-

677 1618 859 1682 tiuam,
899 1617 1222 1670 Bonizouem
1258 1617 1646 1670 subdiaconum.

285 1736 400 1780 1074
603 1724 883 1794 Gregorius
923 1727 1195 1796 episcopus
1245 1743 1425 1780 servus
1464 1743 1733 1780 servorum
1769 1725 1870 1780 Dei
1906 1724 2143 1781 Dionisio
2179 1726 2396 1782 Placen-

261 1796 356 1833 ΝΜ·
376 1797 424 1834 ²⁷
452 1821 562 1875 tino
603 1822 846 1892 episcopo
885 1821 1106 1876 salutem
1146 1826 1198 1876 et
1235 1822 1575 1893 apostolicam
1611 1821 2039 1876 benedictionem.

600 1917 907 1986 Rigizonem
965 1918 1207 1973 abbatem
1261 1919 1567 1973 monasterii
1623 1918 1791 1972 sancti
1838 1917 2017 1972 Savini
2032 1915 2061 1988 ¹,
2092 1916 2274 1988 ¹quem
2329 1919 2397 1973 ad

453 2014 774 2068 audientiam
810 2018 1046 2068 nostram
1084 2018 1177 2068 tua
1215 2014 1508 2069 sollicitudo
1549 2015 1764 2084 direxit,
1812 2015 2104 2085 recepimus
2152 2019 2205 2068 et
2247 2019 2397 2070 tanta

450 2111 852 2179 investigatione
890 2111 1255 2179 discussimuS,
1305 2116 1365 2165 ut
1399 2111 1747 2182 praelibatum
1791 2111 2161 2166 monasterium
2201 2110 2394 2166 nostris

450 2206 703 2260 refutaret
738 2207 794 2259 in
832 2207 1089 2261 manibus,
1147 2207 1305 2261 Absit
1341 2208 1505 2276 enim,
1553 2211 1613 2261 ut
1657 2223 1753 2261 nos
1800 2207 1874 2261 eis
1914 2207 2194 2275 dignitates
2232 2206 2394 2261 eccle-

451 2302 688 2356 siasticas
727 2303 1004 2357 defendere
1051 2319 1324 2372 conemur,
1376 2303 1465 2373 qui
1514 2302 1615 2356 sibi
1663 2320 1750 2356 eas
1796 2303 2095 2356 interventu
2141 2303 2394 2373 pecuniae

452 2398 683 2468 arripere
721 2402 1200 2469 praesumpserunt.
1260 2398 1480 2466 Verum,
1528 2416 1594 2452 ne
1631 2399 1978 2469 praemissum
2016 2399 2392 2453 monasterium

449 2510 663 2561 gravem
687 2511 864 2548 rerum
891 2511 1102 2548 suarum
1127 2498 1396 2565 pateretur
1420 2494 1692 2563 iacturam,
1717 2494 1848 2547 illud
1864 2495 2101 2564 praefato
2129 2494 2305 2549 abbati
2329 2512 2390 2550 eo

448 2606 630 2659 usque,
658 2590 801 2643 salvo
827 2594 947 2643 tuae
974 2590 1221 2644 ecclesiae
1245 2590 1374 2658 iure,
1402 2590 1798 2644 custodiendum
1823 2590 2193 2660 commisimuS,
2221 2591 2392 2660 quoad

447 2685 521 2739 ibi
561 2685 719 2739 abbas
759 2686 1080 2740 sollemniter
1119 2686 1357 2754 eligatur,
1397 2686 1486 2755 qui
1510 2685 1622 2740 Deo
1650 2686 1837 2754 dignus
1877 2690 1929 2740 et
1965 2686 2220 2757 praedicti
2242 2703 2391 2741 mon-

449 2782 629 2835 asterii
674 2782 924 2836 fratribus
974 2786 1214 2852 acceptus
1269 2781 1538 2835 habeatur.
1617 2781 1968 2853 Quapropter,
2026 2782 2389 2837 dilectissime·

447 2877 626 2946 frater,
666 2878 787 2932 talis
824 2878 899 2932 ibi
935 2882 1027 2932 tua
1061 2878 1387 2947 fratrumque
1426 2878 1584 2932 simul
1622 2878 1893 2947 diligentia
1929 2879 2289 2949 provideatur:
2329 2881 2390 2932 ut

445 2990 540 3027 nos
579 2990 686 3027 non
726 2977 979 3045 appareat
1015 2973 1190 3044 potius
1223 2974 1290 3027 ad
1316 2974 1686 3028 detrimentum
1710 2975 2015 3029 monasterii
2038 2974 2123 3028 vel
2146 2975 2385 3043 fratrum,

447 3086 602 3138 quam
644 3070 711 3123 ad
746 3070 1030 3123 utilitatem
1069 3070 1258 3123 suive]
1297 3074 1634 3138 augmentum
1673 3070 1855 3139 egisse,
1897 3070 2034 3140 quod
2060 3070 2284 3138 egimus3
2326 3085 2387 3124 ac

442 3169 502 3218 tu
541 3166 724 3234 dignas
762 3166 884 3220 inde
920 3166 1101 3219 laudes
1139 3167 1277 3220 inter
1314 3166 1550 3220 homines
1587 3166 1805 3235 habeaS,
1847 3170 1899 3220 et
1936 3166 2074 3236 apud
2109 3164 2281 3219 Deum
2320 3183 2386 3220 ex

443 3261 541 3315 hoc
580 3262 777 3316 salubri
802 3263 1017 3330 negocio
1051 3262 1430 3331 indulgentiam
1454 3265 1786 3332 peccatorum
1813 3266 1865 3315 et
1890 3261 2096 3315 animae
2120 3264 2240 3315 tuae
2266 3278 2384 3331 per-

443 3361 657 3427 petuam
696 3358 917 3412 salutem
963 3358 1225 3425 invenias3
1278 3375 1410 3428 quae
1447 3362 1572 3412 tunc
1610 3356 1887 3411 efficaciter
1925 3356 2227 3426 acquiritur,
2265 3373 2385 3411 cum

442 3451 555 3506 Deo
595 3453 755 3506 sacris
792 3454 849 3506 in
885 3453 1013 3507 locis
1051 3453 1425 3508 famulantibus
1472 3453 1705 3508 caritatis
1749 3450 1916 3506 officio
1954 3452 2041 3522 pie
2079 3452 2381 3507 consulitur.

558 3588 591 3613 a.
626 3576 912 3624 diligentissime
941 3593 972 3615 c.

560 3654 601 3699 1.
631 3655 893 3699 Placentini.
