2730 4198
472 288 583 340 584
1124 300 1379 339 ΒοΝΙΤΗο
1418 301 1494 337 AD
1533 299 1761 337 AMICUM

621 418 796 488 Atque
833 419 915 470 hic
956 419 1162 487 quidem
1201 419 1398 468 amicus
1437 433 1635 467 merum
1664 416 1942 482 artificium
1970 427 2058 481 est,
2101 435 2216 468 cum
2232 429 2417 487 pateat

472 515 693 579 abunde,
737 517 943 567 omnino
970 513 1247 565 Mathildis
1285 513 1571 563 comitissae
1593 513 1772 580 qratia
1797 513 2051 580 scriptum
2079 511 2268 564 librum
2294 531 2412 566 esse.

473 610 620 662 Ilicet
659 612 794 662 enim
828 627 960 679 prae
997 608 1272 660 uberrimis
1313 625 1443 676 quas
1483 616 1671 658 tractat
1694 606 1843 657 rebus
1868 625 1975 659 non
1999 609 2156 659 nimis
2183 608 2416 677 amplum

473 724 602 775 opus
641 707 723 769 sit,
766 715 935 757 tamen
974 714 1259 773 temperare
1296 703 1399 755 sibi
1434 704 1614 771 nequit
1646 702 1892 766 Bonitho,
1936 705 2210 771 quominus
2248 706 2415 756 maio-

472 819 552 852 res
593 811 639 852 et
667 802 1001 870 propinquos
1041 801 1329 851 comitissae
1367 798 1672 868 sinyulatim
1702 799 1968 867 producat
1994 809 2041 851 et
2064 809 2310 868 asperyat
2335 799 2415 851 lu-

472 897 697 948 minibus
736 897 972 947 secundis
983 915 1001 957 ,-
1039 895 1178 947 velut
1207 894 1442 947 Ottonem
1479 895 1585 945 sive
1610 891 1914 945 Attonem
1946 910 2266 962 proavum
2290 895 2415 947 Ma-

473 993 651 1044 thilclis
691 989 781 1056 (L.
820 990 920 1055 IV,
971 991 1063 1042 sub
1116 993 1428 1060 imperatore
1470 989 1652 1041 Ottone
1692 987 1775 1053 Ι),
1834 987 1915 1040 Te
1928 989 2191 1041 daldum
2238 991 2418 1042 ducem

474 1098 521 1140 et
544 1087 909 1150 marchionem,
953 1088 1241 1138 comitissae
1266 1105 1338 1137 av
1351 1104 1449 1137 um
1476 1084 1567 1148 (L.
1593 1084 1629 1135 I
1634 1084 1692 1149 V,
1735 1084 1826 1135 sub
1854 1084 2107 1137 Heinrico
2137 1084 2243 1151 II),
2285 1087 2415 1149 „in-

473 1184 650 1235 clitum
688 1184 866 1234 ducem
906 1192 952 1234 et
975 1182 1325 1233 marchionem
1349 1179 1836 1248 Bonifacium“,
1880 1181 2105 1232 eiusdem
2131 1183 2419 1234 comitissae

465 1289 721 1348 patrem
761 1275 851 1341 (L.
883 1276 1023 1329 Vad
1060 1297 1108 1328 a.
1138 1276 1284 1329 1047
1311 1287 1358 1329 et
1382 1276 1545 1341 1052,
1586 1276 1650 1327 L.
1684 1275 1767 1328 VI
1794 1276 1866 1326 ad
1891 1295 1939 1326 a.
1970 1274 2160 1341 1067),
2202 1278 2420 1340 „virum

471 1373 805 1442 maynificum
845 1382 891 1423 et
926 1373 984 1423 in
1024 1372 1218 1423 bellicis
1255 1371 1406 1423 rebus
1444 1373 1913 1435 strennuissimum,
1954 1389 2203 1440 maynum
2240 1374 2419 1425 ducem

478 1466 956 1536 Gotefridum“,
1010 1467 1287 1518 Mathilclis
1334 1469 1642 1520 vitricum
1693 1465 1782 1532 (L.
1817 1466 1962 1519 Vbis
2003 1469 2075 1519 ad
2112 1487 2160 1519 a.
2192 1467 2338 1521 1054
2374 1479 2422 1522 et

473 1563 635 1627 1055,
678 1562 742 1613 L.
775 1562 858 1614 VI
888 1563 960 1613 acl
984 1582 1033 1613 a.
1058 1561 1220 1626 1058,
1250 1561 1412 1627 1059,
1442 1562 1604 1627 1062,
1636 1562 1798 1627 1064,
1829 1562 1991 1627 1066,
2025 1562 2184 1628 1067,
2225 1563 2290 1615 L.
2314 1564 2428 1617 VII

473 1659 544 1710 acl
590 1678 638 1709 a.
681 1656 879 1723 1073),
934 1697 962 1721 „
981 1657 1457 1709 excellentissimam
1506 1660 1711 1722 ducem,
1763 1658 2111 1710 beatissimam
2147 1659 2417 1712 Beatri-

473 1755 663 1818 cem“,
712 1762 979 1805 matrem
1017 1753 1295 1806 Mathilclis
1337 1751 1427 1818 (L.
1461 1753 1511 1806 V
1542 1755 1614 1805 acl
1652 1773 1700 1805 a.
1730 1752 1892 1817 1054,
1935 1753 2097 1819 1055,
2138 1754 2203 1806 L.
2237 1755 2320 1807 VI
2349 1757 2422 1808 ad

473 1870 521 1901 a.
551 1849 723 1914 1062,
774 1849 838 1900 L.
874 1848 989 1901 VII
1018 1850 1089 1900 acl
1127 1869 1176 1900 a.
1206 1848 1377 1913 1073,
1422 1848 1567 1901 1074
1607 1868 1647 1900 c.
1678 1848 1796 1900 Iun.
1827 1849 1924 1914 15,
1967 1848 2167 1915 1075),
2221 1869 2420 1921 „prae—

474 1945 674 1997 clarum
700 1946 879 1996 ducem
910 1942 1353 2013 Gotefriolum,
1382 1944 1736 1996 nobilissimae
1761 1945 2019 1997 Mathilcle
2046 1947 2419 2016 coninyem“

474 2039 563 2106 (L.
598 2041 714 2093 VII
743 2042 816 2092 acl
853 2060 901 2092 a.
931 2040 1094 2105 1075,
1136 2040 1201 2092 L.
1235 2040 1383 2093 VIII
1412 2041 1484 2092 acl
1522 2061 1569 2092 a.
1599 2039 1790 2106 1076),
1831 2043 2003 2110 ipsam
2030 2043 2184 2094 etiam
2210 2043 2419 2106 „excel-

474 2136 811 2188 lentissimam
837 2138 1150 2188 comitissam
1166 2136 1212 2201 α,
1243 2175 1272 2200 ,,
1287 2126 1666 2188 nobilissimam
1684 2136 1731 2201 “,
1761 2176 1790 2200 „
1808 2138 2285 2191 excellentissimam
2307 2139 2420 2192 Bo-

472 2232 665 2300 nifacii
700 2232 877 2300 filiam
892 2232 938 2297 “,
991 2232 1365 2302 „yloriosam“
1405 2232 1799 2284 Mathildem
1848 2232 1938 2297 (L.
1973 2233 2024 2286 V
2054 2236 2126 2286 ad
2172 2254 2222 2287 a.
2254 2235 2417 2299 1055,

473 2327 537 2378 L.
563 2327 646 2380 VI
672 2329 744 2379 ad
777 2348 825 2379 a.
847 2327 1010 2392 1067,
1052 2328 1118 2379 L.
1145 2327 1260 2380 VII
1278 2329 1350 2379 acl
1375 2347 1423 2379 a.
1452 2327 1594 2379 1074
1619 2330 1844 2397 saepius,
1887 2330 1958 2380 acl
1983 2328 2146 2394 1075,
2187 2330 2252 2382 L.
2283 2329 2429 2382 VIII

474 2425 547 2474 ad
584 2443 632 2474 a.
662 2422 825 2487 1076,
868 2423 1031 2488 1077,
1073 2423 1137 2474 L.
1167 2422 1257 2474 IX
1293 2424 1365 2475 acl
1403 2443 1451 2474 a.
1481 2422 1626 2475 1080
1665 2422 1786 2488 bis).
1845 2423 2022 2493 Atque
2059 2426 2271 2476 eandem
2296 2426 2420 2478 Ma-

475 2519 687 2571 thilolem
723 2521 781 2569 in
821 2529 1042 2571 extremo
1083 2537 1236 2588 opere
1274 2518 1509 2571 omnibus
1547 2519 1798 2571 militibus
1837 2521 1909 2571 acl
1945 2522 2256 2572 imitandum
2285 2539 2419 2591 pro-

468 2616 627 2683 ponit
664 2614 759 2666 hoc
793 2624 977 2684 pacto.-
1029 2614 1383 2677 „E'mulentur
1421 2617 1478 2666 in
1517 2615 1707 2667 bonum
1746 2615 2224 2668 excellentissimam
2261 2619 2420 2669 comi-

477 2711 658 2762 tissam
695 2710 1006 2775 Matilolam,
1035 2710 1212 2777 filiam
1250 2710 1387 2762 beati
1421 2711 1588 2775 Petri,
1632 2728 1729 2780 que
1766 2711 1915 2763 virili
1950 2714 2144 2778 animo,
2188 2713 2421 2765 omnibus

476 2807 757 2857 mundanis
796 2806 946 2858 rebus
981 2806 1307 2876 posthabitis,
1348 2808 1487 2858 mori
1510 2817 1711 2876 parata
1738 2817 1811 2859 est
1837 2809 2035 2876 potius,
2079 2826 2238 2877 quam
2264 2808 2423 2877 leqem

477 2901 586 2953 Dei
629 2901 942 2971 infrinqere‚
995 2913 1042 2955 et
1088 2913 1269 2955 contra
1318 2903 1561 2967 heresim,
1613 2921 1711 2972 que
1756 2922 1895 2955 nunc
1933 2906 2061 2957 sevit
2096 2905 2154 2955 in
2193 2904 2418 2969 ecclesia,

468 3007 634 3066 prout
657 2999 792 3049 vires
818 3009 1114 3068 suppetunt,
1158 2998 1394 3050 omnibus
1419 2999 1587 3051 modis
1613 3001 1937 3068 impuqnare.
1998 2999 2065 3050 In
2089 3018 2250 3051 manu
2276 3001 2421 3051 cuius

479 3094 732 3146 credimus
773 3096 899 3163 quia
937 3096 1170 3147 tradetur
1210 3093 1445 3148 Sisara“
1486 3093 1547 3160 (i.
1577 3112 1616 3146 e.
1645 3094 1928 3146 Heinricus
1955 3093 2081 3160 IV).

629 3188 776 3255 Quae
813 3209 929 3242 cum
966 3193 1072 3243 sint
1110 3192 1387 3255 eiusmodi,
1440 3201 1487 3243 et
1524 3201 1735 3249 exeunte
1772 3191 1974 3243 saeculo
2013 3189 2171 3242 XIII
2200 3189 2421 3242 Iacobus

480 3286 542 3336 cle
579 3285 840 3355 Voraqine
877 3288 935 3338 in
974 3296 1194 3338 extremo
1234 3304 1466 3338 sermone
1504 3288 1652 3338 tertio
1683 3287 1746 3338 cle
1771 3296 1952 3338 sancta
1978 3287 2206 3338 trinitate
2233 3285 2423 3337 librum

478 3381 930 3434 Bonithonianum
970 3392 1325 3434 commemoret
1360 3382 1440 3434 his
1478 3382 1674 3434 verbis:
1715 3421 1744 3446 „
1763 3381 1914 3435 Sicut
1951 3382 2086 3432 enim
2122 3380 2281 3449 refert
2307 3382 2420 3434 Bo-

479 3478 593 3529 niso
633 3479 691 3529 in
731 3478 882 3542 libr0,
925 3495 1076 3547 quem
1113 3479 1325 3547 scripsit
1362 3478 1433 3529 ad
1471 3479 1786 3530 comitissam
1811 3472 2228 3541 Mechtilclem“¹,
2271 3487 2423 3546 atque

599 3606 639 3648 1.
677 3604 837 3662 „Sicut
867 3606 987 3649 enim
1017 3604 1155 3650 refert
1177 3605 1346 3650 Boniso
1369 3606 1443 3660 (al.
1465 3604 1745 3659 Bonifacius)
1766 3604 1814 3647 in
1837 3603 1964 3660 libro,
1997 3616 2132 3659 quem
2160 3604 2339 3661 scripsit
2363 3604 2422 3648 ad

480 3676 755 3721 comitissam
770 3678 1072 3735 Mechtildem,
1104 3692 1207 3722 cum
1231 3678 1594 3735 archiepiscopus
1619 3676 1960 3721 Eburdunensis
1984 3677 2058 3732 (al.
2083 3676 2423 3732 Ebrudicensis)
