2730 4198
902 295 1158 334 ΒΟΝΙΤΗΟ
1196 297 1273 333 AD
1313 294 1540 333 AMICUM
2082 277 2188 331 587

250 424 566 484 quantopere
602 415 863 466 maiestati
897 417 1073 484 reqiae
1104 415 1374 467 convenire
1397 413 1490 465 illo
1517 422 1742 481 tempore
1768 411 2188 475 existimaverint,

247 509 478 578 infelices
517 510 762 561 Heinrici
789 510 827 561 I
832 510 882 563 V
910 513 1047 580 reyis
1087 512 1196 562 dies
1236 508 1491 562 Canusini
1526 508 1814 560 testimonio
1853 516 1989 558 sunt.
2048 506 2193 558 Nam

248 623 364 657 cum
402 624 478 670 ea,
528 623 661 674 quae
699 606 764 658 ab
805 607 978 658 eodem
1017 607 1471 676 desponderentur,
1515 615 1760 674 concepta
1798 612 1978 666 essent,
2016 619 2191 671 papa-

249 719 346 771 que
389 699 674 770 Greqorius
715 701 831 755 VII
869 720 1059 755 novum
1105 703 1165 754 id
1203 700 1545 771 postulasset,
1595 710 1654 752 ut
1699 717 1792 751 rece
1830 698 2057 768 proprio
2107 714 2194 748 ore

245 797 403 849 verba
439 799 722 850 iuramenti
759 798 972 867 efferret,
1015 808 1184 850 tamen
1209 798 1267 849 in
1293 806 1440 849 tanta
1466 797 1604 864 reqis
1631 795 1919 846 bumilitate
1943 792 2191 845 intolera-

246 892 366 945 bilis
405 873 528 945 llaec
568 895 801 946 condicio
831 894 1052 946 obtineri
1073 911 1180 944 non
1196 893 1376 962 potuit
1389 886 1417 942 ¹.
1478 891 1665 959 Itaque
1674 890 1888 959 factum
1914 899 1987 941 est
2011 890 2096 941 die
2120 888 2194 940 28

246 989 495 1042 Ianuarii
530 1010 579 1041 a.
609 989 772 1054 1077,
821 999 879 1042 ut
923 1007 1016 1041 rex
1062 1005 1277 1040 manum
1322 989 1557 1056 iunqeret
1595 1004 1711 1038 cum
1749 986 1974 1055 Huyone
2011 985 2195 1037 abbate

247 1080 622 1150 Cluniacensi²,
672 1087 820 1155 isque
869 1124 898 1148 „
917 1086 1166 1154 quoniam
1211 1085 1392 1135 iurare
1438 1084 1755 1135 monasticae
1791 1083 2062 1151 reliyionis
2102 1081 2192 1134 ob-

245 1191 386 1234 tentu
411 1181 740 1246 detrectabat,
768 1181 931 1248 fidem
957 1198 1106 1232 suam
1130 1181 1479 1248 interponeret
1494 1173 1571 1243 “3,
1616 1180 1850 1248 episcopi
1872 1188 2043 1231 autem
2068 1179 2190 1243 duo,

244 1277 583 1330 Eberhardus
622 1276 1039 1347 Numburqensis
1081 1285 1128 1328 e‘t
1167 1273 1454 1345 Greyorius
1492 1275 1842 1340 Vercellensis,
1884 1285 2039 1345 atque
2075 1273 2192 1327 Azo

243 1374 476 1426 marchio
516 1374 713 1443 aliique
741 1375 1013 1443 principes
1053 1382 1433 1424 sacramentum
1471 1373 1698 1424 dicerent
1710 1365 1742 1423 ⁴.

390 1469 633 1521 Eundem
654 1469 778 1538 fere
815 1469 1036 1521 iurandi
1070 1470 1282 1521 modum
1321 1489 1354 1520 a
1378 1467 1434 1519 F
1429 1469 1654 1520 riderico
1682 1467 1717 1519 I
1737 1485 1856 1537 reqe
1881 1484 2019 1518 anno
2047 1466 2193 1519 1153

243 1566 301 1617 in
335 1583 467 1634 pace
505 1584 620 1617 cum
654 1565 892 1635 Euyenio
922 1565 1024 1617 III
1049 1584 1199 1635 papa
1238 1564 1570 1617 concilianda
1609 1564 1931 1616 observatum
1969 1581 2072 1614 esse
2109 1580 2191 1614 re-

234 1663 489 1731 perimus.
529 1662 739 1714 Etenim
763 1664 820 1713 in
831 1661 1072 1730 foederis
1099 1661 1295 1726 tabula,
1324 1679 1495 1713 mense
1520 1660 1776 1712 Ianuario
1802 1659 1883 1711 vel
1899 1658 2192 1711 Februario

246 1757 446 1810 Romae
467 1757 712 1827 formata
723 1753 759 1822 ⁵,
800 1760 876 1810 sic
913 1767 1160 1810 statutum
1198 1767 1336 1810 erat:
1377 1757 1665 1820 „Domnus
1703 1757 1962 1825 siquidem
1988 1773 2082 1807 rea
2107 1757 2191 1806 iu-

243 1871 366 1905 rare
402 1853 576 1922 faciet
620 1872 782 1906 unum
829 1856 892 1906 de
938 1853 1366 1907 ministerialibus
1413 1855 1566 1922 reyni
1609 1854 1667 1905 in
1715 1854 1894 1904 anima
1931 1853 2096 1921 reqis,
2148 1861 2196 1904 et

244 1951 356 2019 ipse
411 1950 573 2014 idem,
631 1968 794 2002 manu
841 1952 1072 2020 propria
1129 1951 1256 2002 data
1299 1950 1411 2017 fide
1468 1951 1527 2001 in
1585 1967 1748 2001 manu
1808 1948 1967 2017 leyati
2015 1948 2197 2000 domni

236 2063 434 2116 papae,
469 2048 749 2115 promittet,
793 2046 977 2116 quod“
1017 2056 1106 2099 cet.
1183 2046 1257 2098 Et
1289 2046 1514 2115 proinde
1551 2046 1832 2097 secundum
1870 2044 2192 2112 „confirma-

245 2143 435 2194 tionem
480 2138 755 2212 reyiam“6
806 2144 890 2195 die
935 2142 1009 2195 23
1047 2143 1240 2194 Martii
1276 2141 1423 2194 1153
1470 2142 1758 2205 „dominus
1794 2142 2063 2210 *siquidem
2100 2158 2194 2192 rex

243 2255 405 2289 unum
453 2238 516 2290 de
562 2239 848 2290 maioribus
886 2238 1311 2291 ministerialibus
1348 2239 1502 2307 reyni
1521 2237 1660 2306 fecit
1695 2239 1753 2289 in
1786 2239 2021 2290 animam
2055 2238 2209 2306 reyis·

241 2334 422 2386 iurare
460 2343 506 2387 et
542 2336 652 2405 ipsi
689 2332 750 2400 (l.
778 2333 918 2405 ipse)
967 2336 1105 2387 idem
1152 2352 1314 2386 manu
1360 2334 1487 2386 data
1525 2335 1758 2404 propria
1790 2333 1902 2401 fide
1941 2331 2002 2398 (l.
2033 2351 2195 2385 manu

361 2507 402 2550 1.
440 2506 673 2552 Bertholdi
713 2508 898 2552 annales
938 2508 1053 2552 1077
1092 2507 1228 2563 (Mon.
1253 2506 1405 2552 Germ.
1431 2505 1511 2551 SS.
1537 2507 1582 2553 V
1611 2507 1739 2562 289):
1788 2506 2030 2564 „Tandem
2068 2520 2193 2566 vero,

243 2592 301 2623 ne
331 2579 429 2636 ipse
460 2581 573 2636 (rex)
604 2581 787 2638 iuraret,
817 2581 897 2626 vix
927 2581 1049 2638 apud
1078 2594 1244 2638 papam
1274 2581 1579 2625 interventum
1611 2579 1732 2625 est“.
1792 2581 1846 2625 In
1877 2580 2084 2638 Gregorii
2105 2582 2194 2627 VH

245 2652 427 2709 quidem
457 2653 570 2710 Reg.
593 2654 659 2700 IV
692 2656 786 2698 12a
825 2667 962 2710 supra
1001 2669 1045 2711 p.
1063 2655 1150 2698 258
1190 2654 1482 2698 iurisiurandi
1511 2653 1731 2698 formulae
1761 2655 2091 2712 praescriptum
2123 2659 2195 2700 est

242 2727 408 2771 lemma
437 2726 542 2771 hoc:
578 2761 598 2784 „
612 2727 929 2772 Iusiurandum
950 2727 1132 2771 Henrici
1163 2728 1285 2783 regis
1309 2728 1662 2772 Teutonicorum
1676 2726 1713 2785 “‚
1747 2732 1795 2772 at
1823 2729 1921 2785 ipse
1946 2728 2192 2785 Gregorius

242 2804 451 2856 testatur,
483 2812 574 2844 non
603 2801 785 2857 propria
813 2814 927 2846 voce
956 2801 1129 2845 iurasse
1159 2813 1329 2856 regem.
1381 2801 1485 2846 Vid.
1518 2801 1855 2858 annotationes,
1888 2815 2004 2858 quae
2035 2801 2192 2847 subse-

243 2878 441 2930 quuntur
471 2875 499 2917 2
531 2877 577 2918 et
605 2874 648 2917 4.
837 2875 878 2917 2.
929 2873 1136 2930 Gregorii
1158 2874 1247 2919 VH
1275 2874 1389 2930 Reg.
1413 2874 1458 2919 V
1489 2875 1513 2918 7
1554 2887 1691 2930 supra
1728 2888 1772 2930 p.
1802 2875 1911 2919 295:
1954 2875 2192 2932 „Misimus

243 2940 379 2992 etiam
409 2946 542 2992 vobis
573 2950 917 3004 sacramentum,
950 2947 1072 3003 quod
1101 2959 1182 2990 rex
1211 2947 1449 2991 Heinricus
1479 2946 1611 2991 nobis
1641 2960 1723 3003 per
1743 2946 1900 2992 fideles
1926 2961 2033 2993 suos
2057 2962 2190 3005 quos-

243 3021 348 3065 dam
377 3019 499 3077 fecit,
533 3020 640 3064 data
670 3020 855 3076 quidem
885 3020 1066 3077 propria
1095 3024 1232 3064 manu
1254 3033 1337 3063 sua
1356 3020 1403 3064 in
1422 3033 1607 3064 manum
1629 3019 1807 3065 abbatis
1829 3020 2137 3066 Cluniacensis
2151 3021 2190 3068 “.

242 3096 285 3139 3.
325 3094 558 3139 Lamberti
596 3094 781 3139 annales
818 3095 955 3151 1077,
994 3094 1114 3138 Mon.
1139 3093 1290 3138 Germ.
1317 3092 1397 3138 SS.
1423 3094 1466 3140 V
1496 3094 1598 3139 259.
1783 3095 1826 3138 4.
1868 3093 2075 3151 Gregorii
2102 3096 2192 3141 VH

241 3169 354 3224 Reg.
371 3169 459 3213 VH
484 3168 577 3212 14a
608 3181 745 3224 supra
773 3181 817 3224 p.
834 3168 946 3211 402:
981 3167 1134 3224 „sicut
1161 3167 1259 3224 ipse
1289 3167 1528 3211 Heinricus
1557 3168 1811 3212 iuramento
1841 3180 1922 3224 per
1953 3168 2067 3213 duos
2098 3169 2191 3226 epi-

242 3253 405 3298 scopos
435 3241 571 3285 michi
599 3239 858 3297 promisit“.
918 3239 1149 3284 Lamberti
1187 3241 1371 3284 annales
1402 3241 1516 3285 1077
1547 3241 1653 3286 1.l.:
1696 3241 1972 3299 „episcopus
2011 3254 2191 3299 quoque

243 3313 480 3359 Citicensis
521 3318 568 3359 et
607 3315 846 3371 episcopus
877 3313 1178 3360 Vercellensis
1217 3317 1263 3358 et
1291 3312 1391 3358 Azo
1422 3314 1621 3359 marchio
1662 3319 1710 3359 et
1743 3315 1818 3359 alii
1846 3315 2073 3372 principes
2104 3315 2189 3360 sub

241 3387 528 3433 iureiurando
574 3386 988 3433 confirmaverunt“
1030 3390 1116 3431 cet.
1184 3386 1418 3431 Bertholdi
1467 3389 1653 3433 annales
1703 3389 1818 3433 1077
1865 3389 2001 3444 (Mon.
2035 3389 2187 3434 Germ.

243 3459 322 3504 SS.
346 3460 390 3505 V
419 3461 545 3516 289):
590 3461 716 3519 „duo
757 3465 909 3506 autem
939 3461 1162 3517 episcopi,
1202 3460 1527 3517 Neapolitanus
1558 3462 1604 3517 (i.
1627 3475 1666 3507 e.
1698 3461 2060 3519 Numburgensis
2091 3463 2188 3507 sive

243 3531 496 3588 Oiticensis)
526 3537 573 3578 et
600 3535 903 3580 Vercellensis
933 3537 1113 3590 praeter
1150 3533 1262 3578 alios
1291 3532 1533 3579 familiares
1566 3561 1620 3566 —-
1654 3536 1712 3579 ad
1743 3538 2075 3579 sacramentum
2105 3547 2187 3592 pro

243 3618 297 3649 eo
334 3604 592 3651 faciendum
638 3608 769 3652 electi
814 3607 970 3651 sunt“.
1179 3607 1221 3651 5.
1269 3608 1326 3652 V.
1368 3607 1500 3652 huius
1540 3608 1849 3653 Bibliothecae
1889 3609 1943 3652 T.
1970 3609 1991 3652 I
2028 3622 2073 3666 p.
2099 3609 2186 3653 546

243 3682 290 3722 et
319 3678 403 3723 547
434 3693 478 3723 n.
504 3681 544 3723 1.
724 3682 765 3725 6.
805 3682 925 3726 Mon.
953 3680 1102 3726 Germ.
1128 3681 1218 3724 LL.
1243 3680 1288 3724 H
1318 3681 1389 3726 93.
