2722 4172
755 269 1028 308 GREGORII
1064 270 1144 307 v11
1180 267 1444 307 REGISTRI
1481 268 1523 305 11
1550 267 1610 303 12.
1638 266 1699 302 13.
2094 251 2194 302 127

259 367 398 443 fectu
446 386 684 455 diligere,
737 387 940 456 quando
987 387 1043 440 id
1079 389 1254 440 movet
1292 402 1379 439 cor
1418 389 1470 439 et
1508 384 1740 437 animum
1775 385 1950 435 tuum:
1999 381 2197 449 legatos

262 485 400 539 sedis
453 483 767 554 apostolicae
814 483 870 536 in
916 501 1076 552 regno
1124 486 1295 537 vestro
1343 499 1448 535 non
1499 498 1557 534 eo
1598 497 1697 549 quo
1737 478 1968 549 oportuit
2004 477 2198 531 honore

262 584 528 651 susceptos
566 580 726 633 fuisse
764 596 859 633 nec
899 597 975 648 ea,
1017 594 1161 648 quae'
1188 578 1471 632 christiana
1496 576 1679 644 religio
1706 574 2004 646 postulabat
2031 577 2082 627 et
2109 574 2199 626 ad-

260 677 362 732 huc
398 677 644 747 postulat,
693 680 850 746 prout
887 693 1095 729 necesse
1132 675 1282 743 foret,
1329 671 1530 726 efficere
1567 673 1814 742 potuisse.
1872 671 2067 724 Verum
2104 687 2199 723 nos

261 773 424 827 multo
462 774 631 841 magis
668 772 796 826 haec
834 772 936 825 illis
977 771 1224 825 accidisse
1262 769 1526 836 volumuS,
1573 785 1729 837 quam
1765 771 1824 819 ut
1859 767 1988 837 ipsi,
2034 766 2201 819 homi-

261 870 412 924 nibus
451 871 618 938 magis
658 886 812 938 quam
851 869 962 922 Deo
999 868 1205 938 placere
1244 866 1537 935 cupienteS,
1587 865 1859 918 veritatem
1901 867 1953 916 et
1989 862 2201 916 liberta-

262 971 370 1021 tem
406 966 564 1034 illius,
605 983 735 1034 quae
773 966 828 1018 in
867 965 940 1018 eis
979 962 1467 1034 repraesentabatur
1502 961 1800 1028 auctoritaS,
1841 959 2016 1028 aliqua
2042 960 2201 1012 simu-

262 1062 456 1117 latione
483 1063 779 1116 violassent.
839 1060 989 1127 Nam,
1021 1059 1065 1112 si
1094 1058 1416 1128 principibus
1447 1061 1498 1111 et
1525 1056 1772 1110 divitibus
1799 1060 1971 1109 terrae
1997 1060 2202 1110 vestrae

264 1175 482 1227 regnare
531 1176 625 1229 pro
663 1157 876 1211 libidine
916 1160 968 1209 et
1004 1155 1260 1208 iustitiam
1298 1154 1398 1208 Dei
1437 1153 1764 1207 conculcare‘*
1802 1152 1949 1205 taciti
1988 1169 2202 1206 consen—

265 1256 364 1309 tire
401 1255 667 1322 vellemUS,
706 1253 937 1324 profecto
977 1251 1234 1305 amicitias
1271 1267 1490 1304 munera
1528 1250 1871 1304 subiectiones
1909 1249 2118 1303 laudem
2153 1254 2206 1303 et

264 1349 564 1419 magnificas
614 1350 677 1403 ab
727 1350 800 1402 eis
848 1348 1265 1402 honorificentias
1314 1347 1505 1401 habere
1542 1363 1829 1417 possemus,
1896 1345 2042 1410 Quod
2082 1346 2204 1415 quia

263 1448 375 1501 loco
419 1447 475 1500 in
526 1463 624 1515 quo
676 1463 852 1499 sumus
901 1450 951 1499 et
998 1444 1164 1498 officio
1215 1445 1352 1513 quod
1400 1448 1635 1498 tenemus
1683 1443 1899 1496 minime
1948 1443 2201 1511 congruit,

264 1543 395 1596 nihil
432 1546 526 1611 est,
567 1543 703 1612 quod
741 1560 835 1596 nos
876 1560 907 1596 a
945 1543 1160 1596 caritate
1197 1540 1408 1610 Christi,
1445 1541 1560 1611 ipso
1599 1543 1918 1611 protegente,
1961 1557 2204 1610 separare

263 1639 455 1711 possit3
510 1640 695 1708 quibus
743 1639 879 1692 mori
925 1639 1089 1692 tutius
1138 1642 1243 1706 est,
1296 1655 1453 1707 quam
1489 1637 1659 1705 legem
1697 1637 1806 1690 eius
1847 1636 2204 1705 derelinquere

265 1740 356 1790 aut
390 1752 486 1806 pro
524 1735 707 1788 mundi
743 1736 910 1803 gloria
945 1736 1224 1806 impiorum
1265 1734 1466 1804 potius,
1518 1733 1564 1786 si
1602 1733 1707 1786 sint
1743 1737 2007 1803 potentes,
2049 1749 2203 1801 quam

267 1850 446 1887 eorum
482 1849 731 1903 personas
769 1833 1053 1903 respicere,
1103 1832 1217 1901 qui,
1265 1831 1387 1883 licet
1437 1829 1541 1882 sint
1585 1846 1869 1899 paupereS,
1918 1829 2084 1897 legem
2125 1830 2206 1882 sui

267 1930 548 1983 conditoris
588 1929 882 1998 exquirunt,
922 1928 1167 1981 mandata
1207 1928 1444 1995 diligunt,
1483 1927 1647 1997 vitam
1673 1927 1847 1997 potius
1875 1942 2031 1995 quam
2056 1926 2206 1979 iusti-

268 2026 397 2079 tiam
453 2026 713 2079 deserunt.
792 2026 932 2078 Tuae
989 2025 1148 2092 igitur
1194 2024 1590 2077 unanimitatem
1638 2023 1983 2076 fraternitatis
2033 2022 2208 2076 debita

269 2139 387 2176 cum
442 2122 789 2190 gratulatione
847 2122 1212 2191 suscipienteS,
1271 2121 1405 2173 hanc
1451 2119 1716 2173 flammam
1763 2120 1819 2172 in
1863 2125 2071 2190 pectore
2117 2123 2206 2172 tuo

270 2236 474 2289 semper
500 2235 730 2275 crescere
756 2219 1018 2288 cupimus:
1058 2222 1117 2271 ut
1153 2218 1210 2270 in
1250 2234 1326 2286 ea,
1367 2234 1524 2285 quam
1562 2233 1686 2284 erga
1724 2220 1956 2269 sanctam
1997 2220 2049 2269 et
2084 2232 2208 2286 apo-

270 2315 507 2370 stolicam
546 2315 816 2368 ecclesiam
853 2315 1044 2368 habere
1084 2314 1317 2385 coepisti,
1358 2313 1632 2367 dilectione
1670 2311 1928 2383 proficias,
1970 2311 2206 2382 semperb

269 2429 392 2466 vero
430 2412 485 2465 in
522 2416 702 2465 nostra
741 2411 956 2465 caritate
993 2411 1152 2463 immo
1188 2410 1328 2464 beati
1353 2410 1496 2464 Petri
1521 2411 1843 2481 protectione
1871 2413 1922 2462 et
1948 2410 2057 2462 eius
2086 2425 2210 2478 apo—

273 2508 456 2562 stolica
491 2509 845 2562 indubitanter
882 2507 1242 2562 benedictione
1280 2505 1524 2561 confidas
1582 2506 1721 2560 Data
1745 2506 1907 2560 Rome
1949 2508 1976 2559 'c‘
2019 2505 2208 2558 Kalen-

274 2604 366 2657 das
402 2603 728 2674 Novembris,
766 2605 1048 2659 indictione
1092 2606 1173 2658 13.

274 2776 324 2837 ῙΙ
362 2781 458 2838 13.
499 2782 828 2836 Salomonem
851 2803 1021 2854 reyem
1053 2784 1397 2855 Unyarorum,
1441 2786 1535 2854 qui
1556 2801 1788 2853 reanum,
1832 2782 2103 2834 Romanae
2130 2799 2208 2832 ee-

2247 385 2360 429 1074

2228 446 2308 483 Oct.
2328 448 2375 484 26

495 2880 677 2932 etesiae
726 2883 1033 2950 proprium,
1095 2882 1158 2933 ab
1206 2881 1456 2934 Heinrieo
1492 2880 1585 2933 IV
1628 2899 1747 2950 reye
1813 2878 1862 2931 T
1860 2880 2210 2930 eutonicorum

495 2978 789 3047 susceperit,
829 2977 1169 3047 reprehendit.
1218 2977 1390 3030 Addit
1415 2978 1477 3029 de
1504 2977 1684 3029 lancea
1710 2993 2002 3044 coronaque
2034 2974 2208 3044 Unqa-

494 3075 607 3125 riae
633 3074 696 3125 ab
723 3073 972 3125 Heinrioo
994 3073 1096 3125 III
1113 3075 1423 3143 imperatore
1450 3074 1674 3126 Romam
1699 3074 1886 3125 missis.
1937 3070 2210 3140 Sceptram

494 3172 645 3240 reqnz'
699 3170 1013 3240 apostolieae
1063 3188 1168 3222 non
1222 3172 1397 3240 reqiae
1439 3171 1720 3222 maiestatis
1779 3168 2071 3235 beneficium
2125 3185 2207 3219 re-

498 3277 785 3337 coynosoat.
845 3330 851 3333 ᾖ

425 3377 705 3446 Gregorius
761 3376 1035 3446 episcopus
1093 3392 1270 3428 servus
1329 3391 1596 3429 servorum
1642 3374 1742 3427 Dei
1790 3372 2054 3427 Salomoni
2100 3373 2212 3441 regi

277 3472 606 3543 Ungarorum
643 3474 864 3527 salutem
903 3476 955 3526 et
992 3471 1329 3542 apostolicam
1366 3471 1792 3525 benedictionem.

424 3570 653 3624 Litterae
689 3575 811 3624 tuae
850 3570 917 3623 ad
952 3586 1048 3623 nos
1087 3569 1235 3622 tarde
1261 3572 1474 3638 propter
1499 3585 1702 3621 moram
1725 3566 1895 3620 nuntii
1918 3565 1998 3619 tui
2025 3565 2211 3619 allatae

394 3700 426 3725 a.
462 3689 696 3737 cupientibus
723 3690 908 3727 excidisse
934 3688 1088 3725 videtur.
1215 3687 1253 3724 b.
1290 3698 1395 3735 Spem
1422 3702 1452 3724 c.

2257 3387 2372 3431 1074

2240 3447 2319 3485 Oct.
2341 3449 2390 3485 28
