2730 4198
867 282 1141 321 GREGORII
1177 283 1257 318 vn
1293 280 1558 319 REGISTRI
1594 281 1631 316 v
1660 279 1720 315 17.
2159 264 2265 316 313

473 399 605 463 Quia
630 399 946 452 consuetudo
974 402 1184 452 sanctae
1209 398 1474 451 Romanae
1507 396 1771 463 ecclesiae,
1811 395 1895 448 cui
1918 393 2030 446 Deo
2059 397 2267 446 auctore
2317 398 2429 441 1078

323 496 445 550 licet
481 495 682 563 indigni
709 495 1046 562 deservimUS,
1088 498 1217 547 est⁰2
1261 493 1510 562 quaedam
1553 492 1776 545 tolerare
1816 489 2071 560 quaedam
2110 489 2270 542 etiam
2298 457 2405 494 Mart
2426 458 2448 494 9

325 590 677 656 dissimulare3
719 590 1044 643 discretionis
1083 588 1487 658 temperantiam
1516 588 1690 657 potius
1731 603 1887 654 quam
1917 586 2144 652 rigorem
2184 601 2269 637 ca-

325 704 521 740 nonum
548 690 838 754 sequenteS,
867 703 1050 739 causas
1078 685 1440 754 episcoporum
1465 682 1718 735 Franciae
1746 685 1899 749 atque
1918 679 2268 748 Burgundiae,

325 783 415 851 qui
454 783 694 852 suspensi
721 799 811 835 seu
837 781 1072 834 damnati
1108 798 1137 833 a
1170 780 1340 846 legato
1367 781 1545 830 nostro
1573 777 1792 844 Hugone
1818 776 2003 828 Diensi
2028 776 2270 845 episcopo

323 879 548 946 fuerant,
588 895 690 930 non
732 878 843 931 sine
883 877 1030 945 gravi
1066 876 1243 929 labore
1282 873 1635 926 discussimus
1787 871 2025 939 Denique
2063 870 2271 923 Manas-

326 970 465 1028 sem¹
483 973 792 1027 Remensem
832 971 1274 1041 archiepiscopum
1306 999 1375 1005 —
1404 968 1493 1036 qui
1518 968 1574 1020 in
1599 967 1779 1020 multis
1807 970 2078 1020 accusatus
2102 966 2274 1019 fuerat

326 1087 541 1139 seseque
581 1087 612 1122 a
651 1069 886 1139 synodis,
938 1067 1004 1120 ad
1053 1083 1180 1135 quas
1219 1065 1370 1132 Hugo
1409 1063 1620 1117 Diensis
1671 1064 1944 1133 episcopus
1984 1079 2102 1116 eum
2138 1062 2273 1116 invi-

326 1167 472 1233 tavit,
501 1166 833 1219 subtraxerat
854 1194 921 1200 -
947 1163 1070 1232 quia
1095 1161 1354 1214 sententia
1375 1176 1533 1229 super
1560 1177 1678 1212 eum
1705 1159 1828 1212 data
1852 1158 1988 1212 non¹³
2008 1158 2273 1212 Romanae

327 1261 574 1315 ecclesiae
613 1261 869 1329 gravitate
908 1262 960 1312 et
985 1257 1139 1311 solita
1165 1256 1564 1310 mansuetudine
1589 1256 1880 1323 videbatur,
1919 1255 1976 1307 in
2001 1256 2271 1324 proprium

326 1357 545 1425 gradum
591 1356 919 1424 officiumque
966 1353 1315 1419 restituimus3
1368 1369 1430 1406 ea
1479 1351 1688 1421 quidem
1736 1351 1964 1419 ratione,
2010 1355 2071 1404 ut
2115 1367 2276 1420 supra

326 1469 514 1522 corpus
554 1452 721 1505 sancti
757 1449 902 1503 Petri
938 1450 1136 1502 iuraret
1174 1449 1273 1502 hoc
1311 1449 1491 1502 modo:

472 1549 589 1619 Eyo
629 1549 901 1600 Manasees
950 1547 1217 1599 Remensis
1266 1547 1685 1616 archiepiscopus
1724 1562 1829 1613 pro
1879 1543 2124 1614 superbia
2169 1562 2274 1596 non
2302 1556 2489 1592 Iuramen-

326 1647 530 1710 dimisi,
575 1646 716 1714 quod
752 1662 858 1695 non
895 1645 1121 1695 venerim
1169 1644 1240 1694 ad
1286 1644 1543 1712 synodum
1581 1640 2134 1714 Auqustadunensem⁰
2136 1679 2152 1704 ,
2204 1641 2276 1692 ad
2353 1609 2444 1643 tum

327 1760 485 1812 quam
510 1760 589 1793 me
615 1741 830 1793 Diensis
860 1742 1128 1809 episeopus
1155 1741 1371 1790 vocavit.
1433 1737 1501 1791 Si
1530 1746 1739 1789 vocatus
1770 1737 1960 1787 nuncio
1986 1736 2067 1786 vel
2093 1735 2275 1788 litteris

328 1838 644 1908 apostolieae
682 1838 816 1888 sedis
841 1835 1032 1904 fuero,
1081 1835 1225 1885 nullo
1274 1833 1412 1884 malo
1452 1835 1661 1902 inqenio
1703 1843 1750 1884 et
1784 1832 1933 1883 nulla
1955 1831 2161 1900 fraude
2197 1849 2276 1883 me

328 1934 657 1994 subtrabam5
696 1933 787 1983 sed
823 1933 1028 1983 veniens
1068 1930 1378 1999 diffinitioni
1402 1939 1449 1981 et
1471 1930 1668 1980 iudicio
1696 1928 1848 1979 buius
1876 1927 2114 1979 ecelesiae
2137 1927 2274 1994 fide-

330 2030 448 2082 liter
497 2029 779 2081 oboediam.
856 2026 1060 2092 Quodsi
1107 2027 1296 2077 domno
1335 2042 1517 2094 papae
1569 2021 1823 2094 Greyorio
1870 2023 1950 2074 vel
1996 2025 2280 2075 successori

329 2144 422 2177 suo
441 2125 720 2194 placuerit,
762 2141 841 2174 me
867 2124 930 2174 de
957 2123 1162 2174 obiectis
1189 2132 1307 2173 ante
1343 2121 1564 2190 Zeqatum
1599 2138 1750 2172 suum
1774 2121 2100 2190 respondere,
2140 2120 2278 2170 idem

322 2239 424 2290 per
463 2222 638 2272 omnia
660 2219 887 2288 faciam.
955 2217 1248 2270 Thesauros
1287 2228 1456 2269 autem
1497 2226 1800 2268 ornamenta
1839 2227 1886 2268 et
1914 2216 2143 2285 praedia
2171 2215 2276 2267 Re-

327 2318 516 2368 mensis
558 2316 795 2367 ecelesiae
831 2315 964 2366 mibi
1001 2315 1302 2366 commissae
1327 2314 1399 2365 ad
1423 2313 1669 2364 honorem
1693 2313 1862 2382 ipsius
1889 2312 2128 2363 ecelesiae
2139 2311 2276 2378 flde-

331 2412 447 2464 Ziter
485 2412 734 2476 tractabo,
778 2422 825 2463 et
861 2412 932 2461 ad
968 2411 1307 2461 resistendum
1345 2411 1575 2462 iustitiae
1614 2427 1673 2460 ea
1708 2426 1813 2459 non
1853 2407 2174 2459 abalienabo.

475 2505 646 2572 Ugoni
687 2521 889 2574 quoque
913 2504 1186 2557 Bisontino
1227 2504 1636 2574 archiepiscopO,
1677 2503 1800 2571 quia
1827 2502 2050 2570 litterae,
2092 2501 2278 2570 quibus

330 2601 649 2654 invitabatur
676 2601 742 2654 ad
769 2601 1042 2670 synodum,
1085 2617 1116 2653 a
1151 2601 1350 2654 clericis
1379 2600 1486 2653 suis
1512 2602 1712 2652 retente
1739 2602 1791 2652 et
1814 2615 1921 2651 non
1947 2597 2045 2651 sibi
2073 2602 2280 2651 ostense

330 2697 552 2763 fuerant,
595 2713 845 2765 suspenso
884 2696 940 2748 in
979 2696 1158 2749 eadem
1200 2696 1414 2766 synode,
1455 2694 1750 2765 episcopale
1789 2692 2014 2747 officium
2050 2693 2279 2746 reddidi-

330 2809 473 2858 mus3
514 2792 611 2844 hac
651 2791 1001 2858 condictione,
1043 2792 1178 2860 quod
1219 2791 1405 2844 debeat
1443 2809 1498 2844 se
1538 2791 1602 2844 de
1641 2790 1854 2844 obiectis
1893 2806 2068 2843 coram
2107 2789 2278 2856 legato

331 2892 537 2956 nostr0,
579 2887 623 2940 si
663 2887 710 2940 ei
747 2887 918 2939 visum
955 2886 1138 2954 fuerit,
1180 2903 1299 2939 cum
1339 2885 1678 2955 suffraganeis
1720 2890 1810 2940 aut
1847 2885 2130 2939 convicinis
2170 2885 2279 2954 epi—

332 2984 501 3053 scopis
547 2998 853 3052 expurgare.

478 3078 718 3132 Richerio
757 3094 879 3131 vero
920 3076 1207 3130 Senonensi
1246 3077 1635 3147 archiepiscopo
1675 3076 2011 3130 interdictum
2047 3075 2277 3129 reddidi-

332 3192 448 3228 mus
488 3174 730 3228 officium.
787 3173 1038 3229 Promisit
1078 3173 1214 3226 enim
1252 3173 1308 3225 in
1345 3190 1506 3226 manu
1530 3177 1736 3225 nostra:
1779 3172 1917 3240 quod
1943 3172 2051 3224 sive
2089 3188 2184 3241 per
2222 3188 2278 3224 se

333 3271 441 3324 sive
480 3288 574 3340 per
610 3270 860 3324 nuncium
899 3286 1049 3322 suum
1088 3284 1325 3336 causam,
1374 3285 1470 3337 pro
1514 3284 1616 3335 qua
1655 3268 1721 3319 ad
1759 3267 2016 3336 synodum
2054 3267 2278 3336 praefati

332 3366 492 3433 legati
527 3368 694 3420 nostri
731 3384 836 3420 non
874 3366 1033 3433 venit,
1074 3381 1247 3417 coram
1276 3363 1458 3417 eodem
1489 3363 1660 3430 legato
1689 3362 1873 3415 debeat
1901 3379 2185 3431 exponere3
2227 3367 2280 3416 et

332 3462 388 3513 in
419 3462 648 3529 negociis
676 3461 1037 3516 ecclesiasticis
1063 3477 1159 3530 pro
1185 3476 1339 3530 posse
1367 3476 1458 3512 suo
1487 3458 1760 3511 consilium
1796 3461 1847 3511 et
1874 3457 2126 3511 auxilium
2151 3457 2278 3511 fide-

334 3556 454 3609 liter
493 3561 544 3610 et
581 3557 846 3611 humiliter
885 3558 984 3612 sibi
1021 3555 1323 3626 impendere
1364 3555 1575 3623 eiusque
1616 3555 1843 3607 animum
1884 3554 2109 3624 placare.

453 3665 492 3707 1.
525 3665 560 3707 I.
706 3685 738 3711 a.
758 3677 817 3712 est
836 3689 904 3712 om.
925 3676 1008 3711 cod.
1115 3674 1151 3710 b.
1172 3673 1284 3719 digna
1302 3673 1486 3709 excidisse
1502 3673 1655 3709 videtur.
1766 3683 1796 3709 c.
1816 3672 2170 3719 Agustudunensem
2190 3672 2274 3709 cod.
