<?xml version="1.0" encoding="UTF-8"?>
<!DOCTYPE html PUBLIC "-//W3C//DTD XHTML 1.0 Transitional//EN"
    "http://www.w3.org/TR/xhtml1/DTD/xhtml1-transitional.dtd">
<html xmlns="http://www.w3.org/1999/xhtml" xml:lang="en" lang="en">
 <head>
  <title>
</title>
<meta http-equiv="Content-Type" content="text/html;charset=utf-8" />
  <meta name='ocr-system' content='tesseract 3.04.00' />
  <meta name='ocr-capabilities' content='ocr_page ocr_carea ocr_par ocr_line ocrx_word'/>
</head>
<body>
  <div class='ocr_page' id='page_1' title='image "bibliothecarerum02wattuoft_0314.png"; bbox 0 0 2730 4198; ppageno 0'>
   <div class='ocr_carea' id='block_1_1' title="bbox 357 433 480 532">
    <p class='ocr_par' dir='ltr' id='par_1_1' title="bbox 357 433 480 532">
     <span class='ocr_line' id='line_1_1' title="bbox 365 433 478 478; baseline 0.018 -2"><span class='ocrx_word' id='word_1_1' title='bbox 365 433 478 478; x_wconf 88' lang='lat'>1077</span> 
     </span>
     <span class='ocr_line' id='line_1_2' title="bbox 357 493 480 532; baseline 0.008 -1"><span class='ocrx_word' id='word_1_2' title='bbox 357 493 438 532; x_wconf 85' lang='lat' dir='ltr'>Oct.</span> <span class='ocrx_word' id='word_1_3' title='bbox 457 495 480 532; x_wconf 88' lang='lat'>6</span> 
     </span>
    </p>
   </div>
   <div class='ocr_carea' id='block_1_2' title="bbox 325 3470 467 3568">
    <p class='ocr_par' dir='ltr' id='par_1_2' title="bbox 325 3470 467 3568">
     <span class='ocr_line' id='line_1_3' title="bbox 344 3470 457 3513; baseline 0 0"><span class='ocrx_word' id='word_1_4' title='bbox 344 3470 457 3513; x_wconf 84' lang='lat'>1077</span> 
     </span>
     <span class='ocr_line' id='line_1_4' title="bbox 325 3530 467 3568; baseline 0.007 -1"><span class='ocrx_word' id='word_1_5' title='bbox 325 3530 421 3567; x_wconf 82' lang='lat' dir='ltr'>Nov.</span> <span class='ocrx_word' id='word_1_6' title='bbox 445 3531 467 3568; x_wconf 90' lang='lat'>6</span> 
     </span>
    </p>
   </div>
   <div class='ocr_carea' id='block_1_3' title="bbox 512 297 1930 350">
    <p class='ocr_par' dir='ltr' id='par_1_3' title="bbox 512 297 1930 350">
     <span class='ocr_line' id='line_1_5' title="bbox 512 297 1930 350; baseline -0.001 0"><span class='ocrx_word' id='word_1_7' title='bbox 512 297 618 350; x_wconf 80' lang='lat'>298</span> <span class='ocrx_word' id='word_1_8' title='bbox 1018 310 1291 350; x_wconf 77' lang='lat' dir='ltr'>GREGORn</span> <span class='ocrx_word' id='word_1_9' title='bbox 1328 312 1407 348; x_wconf 86' lang='lat' dir='ltr'>vn</span> <span class='ocrx_word' id='word_1_10' title='bbox 1443 310 1707 349; x_wconf 70' lang='lat' dir='ltr'>REGIs&#39;rm</span> <span class='ocrx_word' id='word_1_11' title='bbox 1743 312 1780 348; x_wconf 93' lang='lat' dir='ltr'>v</span> <span class='ocrx_word' id='word_1_12' title='bbox 1806 311 1841 349; x_wconf 83' lang='lat'>9.</span> <span class='ocrx_word' id='word_1_13' title='bbox 1870 312 1930 349; x_wconf 92' lang='lat'>10.</span> 
     </span>
    </p>
   </div>
   <div class='ocr_carea' id='block_1_4' title="bbox 495 425 2445 3080">
    <p class='ocr_par' dir='ltr' id='par_1_4' title="bbox 495 425 2445 3080">
     <span class='ocr_line' id='line_1_6' title="bbox 509 425 2445 499; baseline 0.002 -19"><span class='ocrx_word' id='word_1_14' title='bbox 509 428 684 482; x_wconf 80' lang='lat' dir='ltr'><strong>nensis</strong></span> <span class='ocrx_word' id='word_1_15' title='bbox 735 427 1111 498; x_wconf 90' lang='lat' dir='ltr'>archiepiscopi</span> <span class='ocrx_word' id='word_1_16' title='bbox 1161 431 1213 481; x_wconf 90' lang='lat' dir='ltr'>et</span> <span class='ocrx_word' id='word_1_17' title='bbox 1248 426 1494 480; x_wconf 86' lang='lat' dir='ltr'>Richardi</span> <span class='ocrx_word' id='word_1_18' title='bbox 1530 425 1875 496; x_wconf 91' lang='lat' dir='ltr'>Biturigensis</span> <span class='ocrx_word' id='word_1_19' title='bbox 1920 445 2016 483; x_wconf 90' lang='lat' dir='ltr'>nec</span> <span class='ocrx_word' id='word_1_20' title='bbox 2053 445 2158 484; x_wconf 95' lang='lat' dir='ltr'>non</span> <span class='ocrx_word' id='word_1_21' title='bbox 2195 428 2445 499; x_wconf 84' lang='lat' dir='ltr'>suffraga-</span> 
     </span>
     <span class='ocr_line' id='line_1_7' title="bbox 508 522 2444 595; baseline 0.002 -19"><span class='ocrx_word' id='word_1_22' title='bbox 508 540 724 577; x_wconf 90' lang='lat' dir='ltr'>neorum</span> <span class='ocrx_word' id='word_1_23' title='bbox 763 539 974 576; x_wconf 90' lang='lat' dir='ltr'>suorum</span> <span class='ocrx_word' id='word_1_24' title='bbox 1012 527 1064 576; x_wconf 89' lang='lat' dir='ltr'>et</span> <span class='ocrx_word' id='word_1_25' title='bbox 1103 522 1325 576; x_wconf 89' lang='lat' dir='ltr'>aliorum</span> <span class='ocrx_word' id='word_1_26' title='bbox 1362 522 1727 590; x_wconf 88' lang='lat' dir='ltr'>religiosorum</span> <span class='ocrx_word' id='word_1_27' title='bbox 1765 524 1855 592; x_wconf 90' lang='lat' dir='ltr'>qui</span> <span class='ocrx_word' id='word_1_28' title='bbox 1878 523 2050 578; x_wconf 91' lang='lat' dir='ltr'>Deum</span> <span class='ocrx_word' id='word_1_29' title='bbox 2087 526 2324 595; x_wconf 79' lang='lat' dir='ltr'>timeant,</span> <span class='ocrx_word' id='word_1_30' title='bbox 2362 543 2444 581; x_wconf 88' lang='lat' dir='ltr'>re-</span> 
     </span>
     <span class='ocr_line' id='line_1_8' title="bbox 508 618 2443 692; baseline 0.002 -21"><span class='ocrx_word' id='word_1_31' title='bbox 508 634 793 688; x_wconf 86' lang='lat' dir='ltr'>sponsurus</span> <span class='ocrx_word' id='word_1_32' title='bbox 835 618 897 671; x_wconf 90' lang='lat' dir='ltr'>de</span> <span class='ocrx_word' id='word_1_33' title='bbox 937 618 1169 686; x_wconf 83' lang='lat' dir='ltr'>obiectiS,</span> <span class='ocrx_word' id='word_1_34' title='bbox 1212 618 1404 672; x_wconf 77' lang='lat' dir='ltr'>venias,</span> <span class='ocrx_word' id='word_1_35' title='bbox 1471 618 1667 682; x_wconf 83' lang='lat' dir='ltr'>Quibus</span> <span class='ocrx_word' id='word_1_36' title='bbox 1705 618 1907 672; x_wconf 78' lang='lat' dir='ltr'>litteras</span> <span class='ocrx_word' id='word_1_37' title='bbox 1943 624 2150 674; x_wconf 90' lang='lat' dir='ltr'>nostras</span> <span class='ocrx_word' id='word_1_38' title='bbox 2187 622 2443 692; x_wconf 84' lang='lat' dir='ltr'>misimus,</span> 
     </span>
     <span class='ocr_line' id='line_1_9' title="bbox 506 713 2442 787; baseline 0.003 -21"><span class='ocrx_word' id='word_1_39' title='bbox 506 716 564 766; x_wconf 95' lang='lat' dir='ltr'>ut</span> <span class='ocrx_word' id='word_1_40' title='bbox 609 713 712 783; x_wconf 92' lang='lat' dir='ltr'>ipsi</span> <span class='ocrx_word' id='word_1_41' title='bbox 757 714 812 766; x_wconf 91' lang='lat' dir='ltr'>in</span> <span class='ocrx_word' id='word_1_42' title='bbox 862 730 921 767; x_wconf 91' lang='lat' dir='ltr'>eo</span> <span class='ocrx_word' id='word_1_43' title='bbox 959 713 1102 781; x_wconf 81' lang='lat' dir='ltr'>locO,</span> <span class='ocrx_word' id='word_1_44' title='bbox 1152 730 1306 783; x_wconf 86' lang='lat' dir='ltr'>quem</span> <span class='ocrx_word' id='word_1_45' title='bbox 1343 714 1509 782; x_wconf 88' lang='lat' dir='ltr'>magis</span> <span class='ocrx_word' id='word_1_46' title='bbox 1550 713 1742 768; x_wconf 91' lang='lat' dir='ltr'>abilem</span> <span class='ocrx_word' id='word_1_47' title='bbox 1779 719 1832 768; x_wconf 91' lang='lat' dir='ltr'>et</span> <span class='ocrx_word' id='word_1_48' title='bbox 1870 719 2051 785; x_wconf 91' lang='lat' dir='ltr'>aptum</span> <span class='ocrx_word' id='word_1_49' title='bbox 2089 717 2442 787; x_wconf 82' lang='lat' dir='ltr'>probaverint,</span> 
     </span>
     <span class='ocr_line' id='line_1_10' title="bbox 506 809 2444 879; baseline 0.004 -18"><span class='ocrx_word' id='word_1_50' title='bbox 506 809 817 862; x_wconf 87' lang='lat' dir='ltr'>conveniant</span> <span class='ocrx_word' id='word_1_51' title='bbox 874 813 925 863; x_wconf 91' lang='lat' dir='ltr'>et</span> <span class='ocrx_word' id='word_1_52' title='bbox 981 826 1192 863; x_wconf 89' lang='lat' dir='ltr'>causam</span> <span class='ocrx_word' id='word_1_53' title='bbox 1246 813 1392 863; x_wconf 90' lang='lat' dir='ltr'>tuam</span> <span class='ocrx_word' id='word_1_54' title='bbox 1450 810 1727 878; x_wconf 82' lang='lat' dir='ltr'>diligenter</span> <span class='ocrx_word' id='word_1_55' title='bbox 1774 811 2102 879; x_wconf 84' lang='lat' dir='ltr'>perquirant3</span> <span class='ocrx_word' id='word_1_56' title='bbox 2161 814 2444 868; x_wconf 86' lang='lat' dir='ltr'>terminum</span> 
     </span>
     <span class='ocr_line' id='line_1_11' title="bbox 507 905 2443 978; baseline 0.004 -22"><span class='ocrx_word' id='word_1_57' title='bbox 507 907 679 958; x_wconf 89' lang='lat' dir='ltr'>autem</span> <span class='ocrx_word' id='word_1_58' title='bbox 719 905 1052 958; x_wconf 84' lang='lat' dir='ltr'>examinandi</span> <span class='ocrx_word' id='word_1_59' title='bbox 1090 905 1243 958; x_wconf 92' lang='lat' dir='ltr'>huius</span> <span class='ocrx_word' id='word_1_60' title='bbox 1281 906 1484 973; x_wconf 78' lang='lat' dir='ltr'>negocii</span> <span class='ocrx_word' id='word_1_61' title='bbox 1513 906 1650 959; x_wconf 89' lang='lat' dir='ltr'>infra</span> <span class='ocrx_word' id='word_1_62' title='bbox 1689 906 2033 974; x_wconf 90' lang='lat' dir='ltr'>quadraginta</span> <span class='ocrx_word' id='word_1_63' title='bbox 2071 907 2181 961; x_wconf 89' lang='lat' dir='ltr'>dies</span> <span class='ocrx_word' id='word_1_64' title='bbox 2215 912 2336 978; x_wconf 90' lang='lat' dir='ltr'>post</span> <span class='ocrx_word' id='word_1_65' title='bbox 2360 926 2443 964; x_wconf 88' lang='lat' dir='ltr'>re-</span> 
     </span>
     <span class='ocr_line' id='line_1_12' title="bbox 506 999 2443 1071; baseline 0.003 -19"><span class='ocrx_word' id='word_1_66' title='bbox 506 1000 798 1070; x_wconf 79' lang='lat' dir='ltr'>ceptionem</span> <span class='ocrx_word' id='word_1_67' title='bbox 834 1001 1128 1054; x_wconf 87' lang='lat' dir='ltr'>litterarum</span> <span class='ocrx_word' id='word_1_68' title='bbox 1152 1003 1450 1053; x_wconf 88' lang='lat' dir='ltr'>nostrarum</span> <span class='ocrx_word' id='word_1_69' title='bbox 1474 999 1825 1071; x_wconf 79' lang='lat' dir='ltr'>praefigimus,</span> <span class='ocrx_word' id='word_1_70' title='bbox 1885 1001 1956 1055; x_wconf 90' lang='lat' dir='ltr'>Et</span> <span class='ocrx_word' id='word_1_71' title='bbox 1982 1003 2104 1071; x_wconf 92' lang='lat' dir='ltr'>quia</span> <span class='ocrx_word' id='word_1_72' title='bbox 2128 1003 2193 1056; x_wconf 91' lang='lat' dir='ltr'>de</span> <span class='ocrx_word' id='word_1_73' title='bbox 2217 1003 2443 1058; x_wconf 92' lang='lat' dir='ltr'>obicien-</span> 
     </span>
     <span class='ocr_line' id='line_1_13' title="bbox 506 1095 2444 1166; baseline 0.003 -18"><span class='ocrx_word' id='word_1_74' title='bbox 506 1095 584 1148; x_wconf 92' lang='lat' dir='ltr'>dis</span> <span class='ocrx_word' id='word_1_75' title='bbox 623 1096 719 1149; x_wconf 91' lang='lat' dir='ltr'>tibi</span> <span class='ocrx_word' id='word_1_76' title='bbox 758 1100 967 1150; x_wconf 91' lang='lat' dir='ltr'>cautum</span> <span class='ocrx_word' id='word_1_77' title='bbox 1006 1100 1057 1150; x_wconf 89' lang='lat' dir='ltr'>te</span> <span class='ocrx_word' id='word_1_78' title='bbox 1098 1100 1251 1165; x_wconf 90' lang='lat' dir='ltr'>atque</span> <span class='ocrx_word' id='word_1_79' title='bbox 1277 1096 1554 1166; x_wconf 87' lang='lat' dir='ltr'>providum</span> <span class='ocrx_word' id='word_1_80' title='bbox 1579 1096 1794 1151; x_wconf 88' lang='lat' dir='ltr'>reddere</span> <span class='ocrx_word' id='word_1_81' title='bbox 1819 1098 2075 1166; x_wconf 89' lang='lat' dir='ltr'>volumus,</span> <span class='ocrx_word' id='word_1_82' title='bbox 2116 1115 2178 1151; x_wconf 91' lang='lat' dir='ltr'>ea</span> <span class='ocrx_word' id='word_1_83' title='bbox 2201 1099 2298 1152; x_wconf 90' lang='lat' dir='ltr'>tibi</span> <span class='ocrx_word' id='word_1_84' title='bbox 2323 1104 2444 1155; x_wconf 90' lang='lat' dir='ltr'>ante</span> 
     </span>
     <span class='ocr_line' id='line_1_14' title="bbox 502 1191 2444 1263; baseline 0.003 -19"><span class='ocrx_word' id='word_1_85' title='bbox 502 1193 961 1262; x_wconf 80' lang='lat' dir='ltr'>pertractationem</span> <span class='ocrx_word' id='word_1_86' title='bbox 999 1191 1202 1260; x_wconf 86' lang='lat' dir='ltr'>negocii</span> <span class='ocrx_word' id='word_1_87' title='bbox 1239 1192 1580 1245; x_wconf 76' lang='lat' dir='ltr'>insinuamus</span> <span class='ocrx_word' id='word_1_88' title='bbox 1709 1193 1912 1246; x_wconf 89' lang='lat' dir='ltr'>Diceris</span> <span class='ocrx_word' id='word_1_89' title='bbox 1951 1194 2233 1263; x_wconf 84' lang='lat' dir='ltr'>siquidem,</span> <span class='ocrx_word' id='word_1_90' title='bbox 2271 1194 2444 1263; x_wconf 87' lang='lat' dir='ltr'>legiti-</span> 
     </span>
     <span class='ocr_line' id='line_1_15' title="bbox 503 1288 2444 1360; baseline 0.003 -20"><span class='ocrx_word' id='word_1_91' title='bbox 503 1304 644 1340; x_wconf 91' lang='lat' dir='ltr'>mam</span> <span class='ocrx_word' id='word_1_92' title='bbox 683 1291 904 1341; x_wconf 90' lang='lat' dir='ltr'>aetatem</span> <span class='ocrx_word' id='word_1_93' title='bbox 942 1305 1048 1341; x_wconf 91' lang='lat' dir='ltr'>non</span> <span class='ocrx_word' id='word_1_94' title='bbox 1080 1288 1293 1356; x_wconf 85' lang='lat' dir='ltr'>habenS,</span> <span class='ocrx_word' id='word_1_95' title='bbox 1334 1292 1515 1341; x_wconf 90' lang='lat' dir='ltr'>contra</span> <span class='ocrx_word' id='word_1_96' title='bbox 1541 1288 1747 1342; x_wconf 88' lang='lat' dir='ltr'>decreta</span> <span class='ocrx_word' id='word_1_97' title='bbox 1773 1293 2071 1342; x_wconf 90' lang='lat' dir='ltr'>sanctorum</span> <span class='ocrx_word' id='word_1_98' title='bbox 2096 1293 2306 1360; x_wconf 91' lang='lat' dir='ltr'>patrum</span> <span class='ocrx_word' id='word_1_99' title='bbox 2331 1292 2444 1346; x_wconf 91' lang='lat' dir='ltr'>sine</span> 
     </span>
     <span class='ocr_line' id='line_1_16' title="bbox 503 1381 2442 1453; baseline 0.003 -17"><span class='ocrx_word' id='word_1_100' title='bbox 503 1383 692 1437; x_wconf 91' lang='lat' dir='ltr'>idonea</span> <span class='ocrx_word' id='word_1_101' title='bbox 743 1383 868 1436; x_wconf 91' lang='lat' dir='ltr'>cleri</span> <span class='ocrx_word' id='word_1_102' title='bbox 908 1387 959 1436; x_wconf 93' lang='lat' dir='ltr'>et</span> <span class='ocrx_word' id='word_1_103' title='bbox 995 1383 1176 1453; x_wconf 93' lang='lat' dir='ltr'>populi</span> <span class='ocrx_word' id='word_1_104' title='bbox 1206 1381 1464 1437; x_wconf 68' lang='lat' dir='ltr'>&#39;electione</span> <span class='ocrx_word' id='word_1_105' title='bbox 1503 1388 1555 1437; x_wconf 92' lang='lat' dir='ltr'>te</span> <span class='ocrx_word' id='word_1_106' title='bbox 1595 1384 1668 1438; x_wconf 91' lang='lat' dir='ltr'>eis</span> <span class='ocrx_word' id='word_1_107' title='bbox 1705 1384 1962 1438; x_wconf 89' lang='lat' dir='ltr'>iniecisse.</span> <span class='ocrx_word' id='word_1_108' title='bbox 2039 1384 2243 1440; x_wconf 91' lang='lat' dir='ltr'>Diceris</span> <span class='ocrx_word' id='word_1_109' title='bbox 2283 1388 2442 1441; x_wconf 89' lang='lat' dir='ltr'>etiam</span> 
     </span>
     <span class='ocr_line' id='line_1_17' title="bbox 501 1478 2442 1551; baseline 0.003 -20"><span class='ocrx_word' id='word_1_110' title='bbox 501 1478 621 1532; x_wconf 91' lang='lat' dir='ltr'>huic</span> <span class='ocrx_word' id='word_1_111' title='bbox 657 1479 923 1547; x_wconf 88' lang='lat' dir='ltr'>iniquitati</span> <span class='ocrx_word' id='word_1_112' title='bbox 959 1478 1090 1531; x_wconf 91' lang='lat' dir='ltr'>illud</span> <span class='ocrx_word' id='word_1_113' title='bbox 1130 1478 1407 1547; x_wconf 89' lang='lat' dir='ltr'>addidisse,</span> <span class='ocrx_word' id='word_1_114' title='bbox 1448 1483 1506 1532; x_wconf 90' lang='lat' dir='ltr'>ut</span> <span class='ocrx_word' id='word_1_115' title='bbox 1532 1480 1585 1532; x_wconf 90' lang='lat' dir='ltr'>in</span> <span class='ocrx_word' id='word_1_116' title='bbox 1610 1480 1968 1550; x_wconf 71' lang='lat' dir='ltr'>promotione³</span> <span class='ocrx_word' id='word_1_117' title='bbox 1996 1480 2317 1551; x_wconf 88' lang='lat' dir='ltr'>clericorum,</span> <span class='ocrx_word' id='word_1_118' title='bbox 2359 1500 2442 1537; x_wconf 91' lang='lat' dir='ltr'>ar-</span> 
     </span>
     <span class='ocr_line' id='line_1_18' title="bbox 502 1574 2442 1646; baseline 0.003 -20"><span class='ocrx_word' id='word_1_119' title='bbox 502 1574 890 1627; x_wconf 90' lang='lat' dir='ltr'>chidiaconatus</span> <span class='ocrx_word' id='word_1_120' title='bbox 940 1577 992 1627; x_wconf 89' lang='lat' dir='ltr'>et</span> <span class='ocrx_word' id='word_1_121' title='bbox 1040 1574 1275 1628; x_wconf 85' lang='lat' dir='ltr'>abbatias</span> <span class='ocrx_word' id='word_1_122' title='bbox 1319 1592 1414 1645; x_wconf 93' lang='lat' dir='ltr'>per</span> <span class='ocrx_word' id='word_1_123' title='bbox 1452 1576 1859 1643; x_wconf 89' lang='lat' dir='ltr'>negociationem</span> <span class='ocrx_word' id='word_1_124' title='bbox 1901 1576 2196 1646; x_wconf 82' lang='lat' dir='ltr'>vendendO,</span> <span class='ocrx_word' id='word_1_125' title='bbox 2243 1576 2442 1632; x_wconf 88' lang='lat' dir='ltr'>nullam</span> 
     </span>
     <span class='ocr_line' id='line_1_19' title="bbox 499 1669 2440 1744; baseline 0.004 -23"><span class='ocrx_word' id='word_1_126' title='bbox 499 1669 824 1723; x_wconf 88' lang='lat' dir='ltr'>honestatem</span> <span class='ocrx_word' id='word_1_127' title='bbox 858 1669 1162 1739; x_wconf 90' lang='lat' dir='ltr'>nullumque</span> <span class='ocrx_word' id='word_1_128' title='bbox 1187 1669 1288 1723; x_wconf 92' lang='lat' dir='ltr'>Dei</span> <span class='ocrx_word' id='word_1_129' title='bbox 1323 1670 1564 1724; x_wconf 89' lang='lat' dir='ltr'>timorem</span> <span class='ocrx_word' id='word_1_130' title='bbox 1591 1688 1850 1725; x_wconf 89' lang='lat' dir='ltr'>servasses</span> <span class='ocrx_word' id='word_1_131' title='bbox 1862 1671 1897 1725; x_wconf 70' lang='lat' dir='ltr'>b.</span> <span class='ocrx_word' id='word_1_132' title='bbox 1949 1671 2117 1742; x_wconf 87' lang='lat' dir='ltr'>Super</span> <span class='ocrx_word' id='word_1_133' title='bbox 2141 1673 2240 1728; x_wconf 93' lang='lat' dir='ltr'>hoc</span> <span class='ocrx_word' id='word_1_134' title='bbox 2264 1675 2440 1744; x_wconf 91' lang='lat' dir='ltr'>etiam,</span> 
     </span>
     <span class='ocr_line' id='line_1_20' title="bbox 499 1765 2440 1839; baseline 0.003 -21"><span class='ocrx_word' id='word_1_135' title='bbox 499 1769 557 1818; x_wconf 91' lang='lat' dir='ltr'>ut</span> <span class='ocrx_word' id='word_1_136' title='bbox 602 1765 752 1818; x_wconf 93' lang='lat' dir='ltr'>nobis</span> <span class='ocrx_word' id='word_1_137' title='bbox 802 1765 1032 1834; x_wconf 87' lang='lat' dir='ltr'>videtur,</span> <span class='ocrx_word' id='word_1_138' title='bbox 1081 1765 1162 1819; x_wconf 94' lang='lat' dir='ltr'>bis</span> <span class='ocrx_word' id='word_1_139' title='bbox 1214 1773 1266 1819; x_wconf 88' lang='lat' dir='ltr'>et</span> <span class='ocrx_word' id='word_1_140' title='bbox 1310 1771 1390 1819; x_wconf 85' lang='lat' dir='ltr'>ter</span> <span class='ocrx_word' id='word_1_141' title='bbox 1427 1766 1660 1819; x_wconf 82' lang='lat' dir='ltr'>fraterna</span> <span class='ocrx_word' id='word_1_142' title='bbox 1698 1767 1913 1820; x_wconf 87' lang='lat' dir='ltr'>caritate</span> <span class='ocrx_word' id='word_1_143' title='bbox 1953 1784 1984 1820; x_wconf 91' lang='lat' dir='ltr'>a</span> <span class='ocrx_word' id='word_1_144' title='bbox 2019 1768 2170 1822; x_wconf 93' lang='lat' dir='ltr'>nobis</span> <span class='ocrx_word' id='word_1_145' title='bbox 2208 1774 2440 1839; x_wconf 79' lang='lat' dir='ltr'>vocatuS,</span> 
     </span>
     <span class='ocr_line' id='line_1_21' title="bbox 498 1861 2442 1933; baseline 0.003 -20"><span class='ocrx_word' id='word_1_146' title='bbox 498 1878 603 1914; x_wconf 93' lang='lat' dir='ltr'>non</span> <span class='ocrx_word' id='word_1_147' title='bbox 653 1861 822 1914; x_wconf 90' lang='lat' dir='ltr'>solum</span> <span class='ocrx_word' id='word_1_148' title='bbox 874 1861 941 1913; x_wconf 92' lang='lat' dir='ltr'>ad</span> <span class='ocrx_word' id='word_1_149' title='bbox 986 1878 1080 1914; x_wconf 92' lang='lat' dir='ltr'>nos</span> <span class='ocrx_word' id='word_1_150' title='bbox 1129 1878 1235 1914; x_wconf 93' lang='lat' dir='ltr'>non</span> <span class='ocrx_word' id='word_1_151' title='bbox 1272 1862 1485 1930; x_wconf 87' lang='lat' dir='ltr'>venisti,</span> <span class='ocrx_word' id='word_1_152' title='bbox 1536 1862 1627 1915; x_wconf 92' lang='lat' dir='ltr'>sed</span> <span class='ocrx_word' id='word_1_153' title='bbox 1666 1862 1824 1916; x_wconf 89' lang='lat' dir='ltr'>etiam</span> <span class='ocrx_word' id='word_1_154' title='bbox 1862 1862 2113 1932; x_wconf 89' lang='lat' dir='ltr'>aliquem,</span> <span class='ocrx_word' id='word_1_155' title='bbox 2162 1864 2251 1933; x_wconf 90' lang='lat' dir='ltr'>qui</span> <span class='ocrx_word' id='word_1_156' title='bbox 2286 1869 2339 1918; x_wconf 90' lang='lat' dir='ltr'>te</span> <span class='ocrx_word' id='word_1_157' title='bbox 2377 1865 2442 1920; x_wconf 92' lang='lat' dir='ltr'>de</span> 
     </span>
     <span class='ocr_line' id='line_1_22' title="bbox 499 1957 2442 2029; baseline 0.003 -19"><span class='ocrx_word' id='word_1_158' title='bbox 499 1957 713 2011; x_wconf 92' lang='lat' dir='ltr'>obiectis</span> <span class='ocrx_word' id='word_1_159' title='bbox 752 1958 888 2011; x_wconf 92' lang='lat' dir='ltr'>iuste</span> <span class='ocrx_word' id='word_1_160' title='bbox 928 1961 1215 2026; x_wconf 85' lang='lat' dir='ltr'>excusaret,</span> <span class='ocrx_word' id='word_1_161' title='bbox 1255 1958 1464 2011; x_wconf 89' lang='lat' dir='ltr'>mittere</span> <span class='ocrx_word' id='word_1_162' title='bbox 1503 1958 1880 2028; x_wconf 88' lang='lat' dir='ltr'>contempsisti.</span> <span class='ocrx_word' id='word_1_163' title='bbox 1949 1957 2244 2029; x_wconf 86' lang='lat' dir='ltr'>Suspensus</span> <span class='ocrx_word' id='word_1_164' title='bbox 2284 1960 2442 2015; x_wconf 91' lang='lat' dir='ltr'>etiam</span> 
     </span>
     <span class='ocr_line' id='line_1_23' title="bbox 499 2052 2442 2124; baseline 0.002 -18"><span class='ocrx_word' id='word_1_165' title='bbox 499 2053 563 2107; x_wconf 91' lang='lat' dir='ltr'>ab</span> <span class='ocrx_word' id='word_1_166' title='bbox 603 2053 887 2124; x_wconf 91' lang='lat' dir='ltr'>episcopali</span> <span class='ocrx_word' id='word_1_167' title='bbox 926 2052 1093 2107; x_wconf 84' lang='lat' dir='ltr'>officio</span> <span class='ocrx_word' id='word_1_168' title='bbox 1134 2057 1186 2107; x_wconf 91' lang='lat' dir='ltr'>et</span> <span class='ocrx_word' id='word_1_169' title='bbox 1224 2070 1256 2107; x_wconf 93' lang='lat' dir='ltr'>a</span> <span class='ocrx_word' id='word_1_170' title='bbox 1293 2054 1655 2107; x_wconf 92' lang='lat' dir='ltr'>communione</span> <span class='ocrx_word' id='word_1_171' title='bbox 1694 2054 1925 2124; x_wconf 91' lang='lat' dir='ltr'>corporis</span> <span class='ocrx_word' id='word_1_172' title='bbox 1966 2059 2018 2109; x_wconf 92' lang='lat' dir='ltr'>et</span> <span class='ocrx_word' id='word_1_173' title='bbox 2042 2056 2309 2123; x_wconf 90' lang='lat' dir='ltr'>sanguinis</span> <span class='ocrx_word' id='word_1_174' title='bbox 2334 2056 2442 2110; x_wconf 92' lang='lat' dir='ltr'>Do-</span> 
     </span>
     <span class='ocr_line' id='line_1_24' title="bbox 496 2149 2439 2221; baseline 0.002 -19"><span class='ocrx_word' id='word_1_175' title='bbox 496 2150 655 2218; x_wconf 90' lang='lat' dir='ltr'>mini,</span> <span class='ocrx_word' id='word_1_176' title='bbox 703 2149 942 2220; x_wconf 91' lang='lat' dir='ltr'>publicas</span> <span class='ocrx_word' id='word_1_177' title='bbox 980 2149 1167 2202; x_wconf 90' lang='lat' dir='ltr'>missas</span> <span class='ocrx_word' id='word_1_178' title='bbox 1207 2149 1469 2203; x_wconf 90' lang='lat' dir='ltr'>celebrare</span> <span class='ocrx_word' id='word_1_179' title='bbox 1507 2166 1614 2202; x_wconf 94' lang='lat' dir='ltr'>non</span> <span class='ocrx_word' id='word_1_180' title='bbox 1650 2150 1889 2203; x_wconf 91' lang='lat' dir='ltr'>timuisti.</span> <span class='ocrx_word' id='word_1_181' title='bbox 1968 2150 2227 2205; x_wconf 90' lang='lat' dir='ltr'>Clericum</span> <span class='ocrx_word' id='word_1_182' title='bbox 2265 2152 2439 2221; x_wconf 90' lang='lat' dir='ltr'>etiam,</span> 
     </span>
     <span class='ocr_line' id='line_1_25' title="bbox 498 2245 2440 2315; baseline 0.001 -16"><span class='ocrx_word' id='word_1_183' title='bbox 498 2245 817 2300; x_wconf 89' lang='lat' dir='ltr'>deferentem</span> <span class='ocrx_word' id='word_1_184' title='bbox 854 2245 1056 2299; x_wconf 90' lang='lat' dir='ltr'>litteras</span> <span class='ocrx_word' id='word_1_185' title='bbox 1095 2249 1318 2313; x_wconf 79' lang='lat' dir='ltr'>nostraS,</span> <span class='ocrx_word' id='word_1_186' title='bbox 1360 2245 1450 2298; x_wconf 92' lang='lat' dir='ltr'>diu</span> <span class='ocrx_word' id='word_1_187' title='bbox 1487 2245 1544 2298; x_wconf 93' lang='lat' dir='ltr'>in</span> <span class='ocrx_word' id='word_1_188' title='bbox 1582 2245 1822 2315; x_wconf 91' lang='lat' dir='ltr'>captione</span> <span class='ocrx_word' id='word_1_189' title='bbox 1859 2249 2068 2299; x_wconf 87' lang='lat' dir='ltr'>tuorum</span> <span class='ocrx_word' id='word_1_190' title='bbox 2108 2247 2174 2299; x_wconf 93' lang='lat' dir='ltr'>ad</span> <span class='ocrx_word' id='word_1_191' title='bbox 2212 2251 2440 2301; x_wconf 92' lang='lat' dir='ltr'>contem-</span> 
     </span>
     <span class='ocr_line' id='line_1_26' title="bbox 497 2339 2441 2412; baseline 0.001 -18"><span class='ocrx_word' id='word_1_192' title='bbox 497 2345 647 2411; x_wconf 90' lang='lat' dir='ltr'>ptum</span> <span class='ocrx_word' id='word_1_193' title='bbox 696 2341 1013 2411; x_wconf 92' lang='lat' dir='ltr'>apostolicae</span> <span class='ocrx_word' id='word_1_194' title='bbox 1061 2341 1198 2394; x_wconf 90' lang='lat' dir='ltr'>sedis</span> <span class='ocrx_word' id='word_1_195' title='bbox 1237 2341 1318 2394; x_wconf 80' lang='lat' dir='ltr'>vi⁰</span> <span class='ocrx_word' id='word_1_196' title='bbox 1359 2339 1495 2393; x_wconf 87' lang='lat' dir='ltr'>affici</span> <span class='ocrx_word' id='word_1_197' title='bbox 1542 2340 1843 2410; x_wconf 90' lang='lat' dir='ltr'>permisisti.</span> <span class='ocrx_word' id='word_1_198' title='bbox 1995 2341 2346 2412; x_wconf 77' lang='lat' dir='ltr'>Quapropter,</span> <span class='ocrx_word' id='word_1_199' title='bbox 2394 2343 2441 2396; x_wconf 89' lang='lat' dir='ltr'>si</span> 
     </span>
     <span class='ocr_line' id='line_1_27' title="bbox 498 2435 2440 2507; baseline 0.001 -17"><span class='ocrx_word' id='word_1_200' title='bbox 498 2437 765 2504; x_wconf 90' lang='lat' dir='ltr'>cognoscis</span> <span class='ocrx_word' id='word_1_201' title='bbox 805 2440 857 2490; x_wconf 92' lang='lat' dir='ltr'>te</span> <span class='ocrx_word' id='word_1_202' title='bbox 896 2454 1051 2507; x_wconf 91' lang='lat' dir='ltr'>super</span> <span class='ocrx_word' id='word_1_203' title='bbox 1087 2437 1168 2490; x_wconf 91' lang='lat' dir='ltr'>his</span> <span class='ocrx_word' id='word_1_204' title='bbox 1197 2436 1436 2489; x_wconf 91' lang='lat' dir='ltr'>omnibus</span> <span class='ocrx_word' id='word_1_205' title='bbox 1462 2435 1848 2505; x_wconf 86' lang='lat' dir='ltr'>inculpabilem,</span> <span class='ocrx_word' id='word_1_206' title='bbox 1889 2436 1956 2489; x_wconf 93' lang='lat' dir='ltr'>ad</span> <span class='ocrx_word' id='word_1_207' title='bbox 1982 2441 2294 2491; x_wconf 88' lang='lat' dir='ltr'>conventum</span> <span class='ocrx_word' id='word_1_208' title='bbox 2319 2455 2440 2492; x_wconf 92' lang='lat' dir='ltr'>con-</span> 
     </span>
     <span class='ocr_line' id='line_1_28' title="bbox 497 2531 2440 2603; baseline 0.002 -18"><span class='ocrx_word' id='word_1_209' title='bbox 497 2532 720 2585; x_wconf 88' lang='lat' dir='ltr'>fratrum</span> <span class='ocrx_word' id='word_1_210' title='bbox 757 2535 1053 2585; x_wconf 89' lang='lat' dir='ltr'>nostrorum</span> <span class='ocrx_word' id='word_1_211' title='bbox 1094 2532 1238 2585; x_wconf 89' lang='lat' dir='ltr'>adire</span> <span class='ocrx_word' id='word_1_212' title='bbox 1277 2535 1431 2600; x_wconf 89' lang='lat' dir='ltr'>atque</span> <span class='ocrx_word' id='word_1_213' title='bbox 1469 2531 1785 2601; x_wconf 88' lang='lat' dir='ltr'>respondere</span> <span class='ocrx_word' id='word_1_214' title='bbox 1810 2532 1955 2585; x_wconf 90' lang='lat' dir='ltr'>nulla</span> <span class='ocrx_word' id='word_1_215' title='bbox 1979 2533 2182 2586; x_wconf 90' lang='lat' dir='ltr'>ratione</span> <span class='ocrx_word' id='word_1_216' title='bbox 2206 2537 2440 2603; x_wconf 88' lang='lat' dir='ltr'>praeter—</span> 
     </span>
     <span class='ocr_line' id='line_1_29' title="bbox 498 2627 2440 2697; baseline 0.002 -17"><span class='ocrx_word' id='word_1_217' title='bbox 498 2628 694 2681; x_wconf 89' lang='lat' dir='ltr'>mittas.</span> <span class='ocrx_word' id='word_1_218' title='bbox 772 2627 992 2696; x_wconf 83' lang='lat' dir='ltr'>Quodsi,</span> <span class='ocrx_word' id='word_1_219' title='bbox 1038 2627 1096 2680; x_wconf 92' lang='lat' dir='ltr'>in</span> <span class='ocrx_word' id='word_1_220' title='bbox 1144 2627 1388 2697; x_wconf 88' lang='lat' dir='ltr'>superbia</span> <span class='ocrx_word' id='word_1_221' title='bbox 1436 2631 1528 2680; x_wconf 93' lang='lat' dir='ltr'>tua</span> <span class='ocrx_word' id='word_1_222' title='bbox 1571 2644 1910 2697; x_wconf 79' lang='lat' dir='ltr'>permanenS,</span> <span class='ocrx_word' id='word_1_223' title='bbox 1961 2632 2050 2682; x_wconf 92' lang='lat' dir='ltr'>aut</span> <span class='ocrx_word' id='word_1_224' title='bbox 2094 2628 2219 2683; x_wconf 91' lang='lat' dir='ltr'>illuc</span> <span class='ocrx_word' id='word_1_225' title='bbox 2262 2630 2440 2684; x_wconf 87' lang='lat' dir='ltr'>venire</span> 
     </span>
     <span class='ocr_line' id='line_1_30' title="bbox 498 2723 2438 2793; baseline 0.002 -17"><span class='ocrx_word' id='word_1_226' title='bbox 498 2723 872 2793; x_wconf 88' lang='lat' dir='ltr'>contempseris</span> <span class='ocrx_word' id='word_1_227' title='bbox 925 2726 1015 2776; x_wconf 90' lang='lat' dir='ltr'>aut</span> <span class='ocrx_word' id='word_1_228' title='bbox 1059 2723 1271 2776; x_wconf 87' lang='lat' dir='ltr'>veniens</span> <span class='ocrx_word' id='word_1_229' title='bbox 1321 2723 1384 2776; x_wconf 93' lang='lat' dir='ltr'>de</span> <span class='ocrx_word' id='word_1_230' title='bbox 1432 2723 1514 2776; x_wconf 91' lang='lat' dir='ltr'>his</span> <span class='ocrx_word' id='word_1_231' title='bbox 1554 2723 1793 2777; x_wconf 91' lang='lat' dir='ltr'>omnibus</span> <span class='ocrx_word' id='word_1_232' title='bbox 1833 2724 2078 2778; x_wconf 91' lang='lat' dir='ltr'>canonice</span> <span class='ocrx_word' id='word_1_233' title='bbox 2115 2728 2168 2778; x_wconf 91' lang='lat' dir='ltr'>te</span> <span class='ocrx_word' id='word_1_234' title='bbox 2205 2741 2310 2778; x_wconf 92' lang='lat' dir='ltr'>non</span> <span class='ocrx_word' id='word_1_235' title='bbox 2350 2742 2438 2779; x_wconf 87' lang='lat' dir='ltr'>ex-</span> 
     </span>
     <span class='ocr_line' id='line_1_31' title="bbox 495 2816 2438 2890; baseline 0.001 -18"><span class='ocrx_word' id='word_1_236' title='bbox 495 2819 819 2889; x_wconf 80' lang='lat' dir='ltr'>purgaveriS,</span> <span class='ocrx_word' id='word_1_237' title='bbox 859 2818 1050 2872; x_wconf 93' lang='lat' dir='ltr'>iudicio</span> <span class='ocrx_word' id='word_1_238' title='bbox 1091 2818 1259 2872; x_wconf 89' lang='lat' dir='ltr'>sancti</span> <span class='ocrx_word' id='word_1_239' title='bbox 1286 2816 1512 2887; x_wconf 86' lang='lat' dir='ltr'>Spiritus</span> <span class='ocrx_word' id='word_1_240' title='bbox 1546 2822 1598 2872; x_wconf 90' lang='lat' dir='ltr'>et</span> <span class='ocrx_word' id='word_1_241' title='bbox 1625 2820 1931 2873; x_wconf 91' lang='lat' dir='ltr'>auctoritate</span> <span class='ocrx_word' id='word_1_242' title='bbox 1958 2820 2273 2890; x_wconf 90' lang='lat' dir='ltr'>apostolicae</span> <span class='ocrx_word' id='word_1_243' title='bbox 2299 2820 2438 2873; x_wconf 88' lang='lat' dir='ltr'>sedis</span> 
     </span>
     <span class='ocr_line' id='line_1_32' title="bbox 498 2914 2436 2986; baseline -0.001 -17"><span class='ocrx_word' id='word_1_244' title='bbox 498 2916 809 2969; x_wconf 90' lang='lat' dir='ltr'>sententiam</span> <span class='ocrx_word' id='word_1_245' title='bbox 850 2914 1199 2968; x_wconf 90' lang='lat' dir='ltr'>damnationis</span> <span class='ocrx_word' id='word_1_246' title='bbox 1239 2914 1352 2967; x_wconf 85' lang='lat' dir='ltr'>sine</span> <span class='ocrx_word' id='word_1_247' title='bbox 1392 2914 1534 2966; x_wconf 92' lang='lat' dir='ltr'>omni</span> <span class='ocrx_word' id='word_1_248' title='bbox 1561 2931 1652 2984; x_wconf 91' lang='lat' dir='ltr'>spe</span> <span class='ocrx_word' id='word_1_249' title='bbox 1678 2916 2023 2969; x_wconf 88' lang='lat' dir='ltr'>restitutionis</span> <span class='ocrx_word' id='word_1_250' title='bbox 2048 2916 2103 2969; x_wconf 94' lang='lat' dir='ltr'>in</span> <span class='ocrx_word' id='word_1_251' title='bbox 2129 2920 2181 2969; x_wconf 90' lang='lat' dir='ltr'>te</span> <span class='ocrx_word' id='word_1_252' title='bbox 2205 2915 2436 2986; x_wconf 92' lang='lat' dir='ltr'>promul-</span> 
     </span>
     <span class='ocr_line' id='line_1_33' title="bbox 497 3009 2121 3080; baseline -0.001 -15"><span class='ocrx_word' id='word_1_253' title='bbox 497 3028 696 3079; x_wconf 91' lang='lat' dir='ltr'>gamus.</span> <span class='ocrx_word' id='word_1_254' title='bbox 756 3011 897 3065; x_wconf 91' lang='lat' dir='ltr'>Data</span> <span class='ocrx_word' id='word_1_255' title='bbox 932 3010 1128 3063; x_wconf 88' lang='lat' dir='ltr'>Romae</span> <span class='ocrx_word' id='word_1_256' title='bbox 1168 3012 1199 3063; x_wconf 80' lang='lat'><strong>2</strong></span> <span class='ocrx_word' id='word_1_257' title='bbox 1240 3010 1416 3063; x_wconf 90' lang='lat' dir='ltr'>Nonas</span> <span class='ocrx_word' id='word_1_258' title='bbox 1456 3009 1712 3080; x_wconf 91' lang='lat' dir='ltr'>Octobris,</span> <span class='ocrx_word' id='word_1_259' title='bbox 1751 3011 2034 3065; x_wconf 89' lang='lat' dir='ltr'>indictione</span> <span class='ocrx_word' id='word_1_260' title='bbox 2077 3015 2121 3063; x_wconf 86' lang='lat'>1.</span> 
     </span>
    </p>
   </div>
   <div class='ocr_carea' id='block_1_5' title="bbox 495 3181 2438 3530">
    <p class='ocr_par' dir='ltr' id='par_1_5' title="bbox 495 3181 2434 3435">
     <span class='ocr_line' id='line_1_34' title="bbox 495 3181 2434 3258; baseline -0.003 -15"><span class='ocrx_word' id='word_1_261' title='bbox 495 3181 548 3243; x_wconf 90' lang='lat' dir='ltr'><strong>V</strong></span> <span class='ocrx_word' id='word_1_262' title='bbox 580 3186 677 3243; x_wconf 89' lang='grc'>10.</span> <span class='ocrx_word' id='word_1_263' title='bbox 718 3187 962 3240; x_wconf 76' lang='lat' dir='ltr'>Haraldo</span> <span class='ocrx_word' id='word_1_264' title='bbox 1001 3187 1142 3240; x_wconf 71' lang='lat' dir='ltr'>Heia</span> <span class='ocrx_word' id='word_1_265' title='bbox 1179 3190 1294 3258; x_wconf 63' lang='grc' dir='ltr'>φερέ</span> <span class='ocrx_word' id='word_1_266' title='bbox 1329 3188 1611 3241; x_wconf 72' lang='lat' dir='ltr'>Danomcm</span> <span class='ocrx_word' id='word_1_267' title='bbox 1647 3189 1827 3241; x_wconf 76' lang='lat' dir='ltr'>sem‘bit</span> <span class='ocrx_word' id='word_1_268' title='bbox 1862 3190 1925 3240; x_wconf 80' lang='lat' dir='ltr'>de</span> <span class='ocrx_word' id='word_1_269' title='bbox 1961 3188 2152 3239; x_wconf 75' lang='lat' dir='ltr'>mutuis</span> <span class='ocrx_word' id='word_1_270' title='bbox 2177 3188 2312 3239; x_wconf 72' lang='lat' dir='ltr'>inter</span> <span class='ocrx_word' id='word_1_271' title='bbox 2328 3206 2434 3257; x_wconf 76' lang='lat' dir='ltr'>pa-</span> 
     </span>
     <span class='ocr_line' id='line_1_35' title="bbox 716 3275 2434 3346; baseline 0 -18"><span class='ocrx_word' id='word_1_272' title='bbox 716 3287 843 3329; x_wconf 73' lang='lat' dir='ltr'>trem</span> <span class='ocrx_word' id='word_1_273' title='bbox 871 3278 978 3329; x_wconf 72' lang='lat' dir='ltr'>eius</span> <span class='ocrx_word' id='word_1_274' title='bbox 998 3277 1360 3346; x_wconf 75' lang='lat' dir='ltr'>ecclesiamque</span> <span class='ocrx_word' id='word_1_275' title='bbox 1380 3278 1676 3330; x_wconf 79' lang='lat' dir='ltr'>Romanam</span> <span class='ocrx_word' id='word_1_276' title='bbox 1697 3276 1898 3345; x_wconf 73' lang='lat' dir='ltr'>officiis,</span> <span class='ocrx_word' id='word_1_277' title='bbox 1929 3275 2203 3339; x_wconf 71' lang='lat' dir='ltr'>Hortatur,</span> <span class='ocrx_word' id='word_1_278' title='bbox 2225 3286 2284 3328; x_wconf 74' lang='lat' dir='ltr'>ut</span> <span class='ocrx_word' id='word_1_279' title='bbox 2294 3294 2434 3345; x_wconf 78' lang='lat' dir='ltr'>pau-</span> 
     </span>
     <span class='ocr_line' id='line_1_36' title="bbox 708 3365 2434 3435; baseline -0.001 -17"><span class='ocrx_word' id='word_1_280' title='bbox 708 3366 943 3435; x_wconf 61' lang='lat' dir='ltr'>per-ibae,</span> <span class='ocrx_word' id='word_1_281' title='bbox 965 3366 1210 3435; x_wconf 68' lang='lat' dir='ltr'>pupillis,</span> <span class='ocrx_word' id='word_1_282' title='bbox 1241 3367 1463 3418; x_wconf 75' lang='lat' dir='ltr'>ecelesiis</span> <span class='ocrx_word' id='word_1_283' title='bbox 1490 3366 1740 3429; x_wconf 71' lang='lat' dir='ltr'>consulat,</span> <span class='ocrx_word' id='word_1_284' title='bbox 1772 3365 2064 3433; x_wconf 70' lang='lat' dir='ltr'>leyatosqae</span> <span class='ocrx_word' id='word_1_285' title='bbox 2088 3365 2161 3415; x_wconf 82' lang='lat' dir='ltr'>ad</span> <span class='ocrx_word' id='word_1_286' title='bbox 2177 3381 2231 3415; x_wconf 76' lang='lat' dir='ltr'>se</span> <span class='ocrx_word' id='word_1_287' title='bbox 2249 3366 2434 3418; x_wconf 73' lang='lat' dir='ltr'>mittat.</span> 
     </span>
    </p>

    <p class='ocr_par' dir='ltr' id='par_1_6' title="bbox 645 3453 2438 3530">
     <span class='ocr_line' id='line_1_37' title="bbox 645 3453 2438 3530; baseline 0 -18"><span class='ocrx_word' id='word_1_288' title='bbox 645 3457 925 3527; x_wconf 86' lang='lat' dir='ltr'>Gregorius</span> <span class='ocrx_word' id='word_1_289' title='bbox 965 3460 1237 3530; x_wconf 91' lang='lat' dir='ltr'>episcopus</span> <span class='ocrx_word' id='word_1_290' title='bbox 1277 3478 1456 3514; x_wconf 89' lang='lat' dir='ltr'>servus</span> <span class='ocrx_word' id='word_1_291' title='bbox 1484 3475 1750 3514; x_wconf 88' lang='lat' dir='ltr'>servorum</span> <span class='ocrx_word' id='word_1_292' title='bbox 1775 3458 1876 3511; x_wconf 93' lang='lat' dir='ltr'>Dei</span> <span class='ocrx_word' id='word_1_293' title='bbox 1999 3457 2113 3525; x_wconf 89' lang='lat' dir='ltr'>regi</span> <span class='ocrx_word' id='word_1_294' title='bbox 2138 3453 2408 3512; x_wconf 84' lang='lat' dir='ltr'>Danorum</span> <span class='ocrx_word' id='word_1_295' title='bbox 2425 3455 2438 3479; x_wconf 84' lang='lat'>¹</span> 
     </span>
    </p>
   </div>
   <div class='ocr_carea' id='block_1_6' title="bbox 498 3553 1655 3625">
    <p class='ocr_par' dir='ltr' id='par_1_7' title="bbox 498 3553 1655 3625">
     <span class='ocr_line' id='line_1_38' title="bbox 498 3553 1655 3625; baseline 0.002 -18"><span class='ocrx_word' id='word_1_296' title='bbox 498 3553 718 3608; x_wconf 86' lang='lat' dir='ltr'>salutem</span> <span class='ocrx_word' id='word_1_297' title='bbox 758 3559 810 3608; x_wconf 92' lang='lat' dir='ltr'>et</span> <span class='ocrx_word' id='word_1_298' title='bbox 847 3555 1188 3625; x_wconf 90' lang='lat' dir='ltr'>apostolicam</span> <span class='ocrx_word' id='word_1_299' title='bbox 1224 3556 1655 3610; x_wconf 89' lang='lat' dir='ltr'>benedictionem.</span> 
     </span>
    </p>
   </div>
   <div class='ocr_carea' id='block_1_7' title="bbox 615 3655 1891 3703">
    <p class='ocr_par' dir='ltr' id='par_1_8' title="bbox 615 3655 1891 3703">
     <span class='ocr_line' id='line_1_39' title="bbox 615 3655 1891 3703; baseline -0.002 -10"><span class='ocrx_word' id='word_1_300' title='bbox 615 3667 647 3693; x_wconf 83' lang='lat' dir='ltr'>a.</span> <span class='ocrx_word' id='word_1_301' title='bbox 682 3657 937 3703; x_wconf 85' lang='lat' dir='ltr'>promotiones</span> <span class='ocrx_word' id='word_1_302' title='bbox 965 3658 1049 3694; x_wconf 83' lang='lat' dir='ltr'>cocl.</span> <span class='ocrx_word' id='word_1_303' title='bbox 1203 3657 1240 3695; x_wconf 89' lang='lat' dir='ltr'>b.</span> <span class='ocrx_word' id='word_1_304' title='bbox 1268 3668 1438 3695; x_wconf 85' lang='lat' dir='ltr'>servasse</span> <span class='ocrx_word' id='word_1_305' title='bbox 1466 3659 1550 3696; x_wconf 86' lang='lat' dir='ltr'>cod.</span> <span class='ocrx_word' id='word_1_306' title='bbox 1706 3667 1737 3693; x_wconf 83' lang='lat' dir='ltr'>c.</span> <span class='ocrx_word' id='word_1_307' title='bbox 1766 3655 1831 3692; x_wconf 84' lang='lat' dir='ltr'>diu</span> <span class='ocrx_word' id='word_1_308' title='bbox 1860 3670 1891 3692; x_wconf 87' lang='lat' dir='ltr'>c.</span> 
     </span>
    </p>
   </div>
   <div class='ocr_carea' id='block_1_8' title="bbox 614 3720 1044 3764">
    <p class='ocr_par' dir='ltr' id='par_1_9' title="bbox 614 3720 1044 3764">
     <span class='ocr_line' id='line_1_40' title="bbox 614 3720 1044 3764; baseline 0.005 -2"><span class='ocrx_word' id='word_1_309' title='bbox 614 3720 655 3763; x_wconf 88' lang='grc'>1.</span> <span class='ocrx_word' id='word_1_310' title='bbox 686 3720 883 3764; x_wconf 90' lang='lat' dir='ltr'>Haraldo</span> <span class='ocrx_word' id='word_1_311' title='bbox 913 3720 1044 3764; x_wconf 90' lang='lat' dir='ltr'>Hein.</span> 
     </span>
    </p>
   </div>
  </div>
 </body>
</html>
