2730 4198
894 261 1168 301 GREGORII
1204 264 1283 300 v11
1319 262 1584 301 meo-ls‘rm
1621 263 1722 300 vm
1748 262 1810 299 21.
2210 250 2319 303 453

374 370 505 433 VIII
531 375 632 432 21.
674 379 1000 433 Herimanno
1042 383 1281 452 episcopo
1308 381 1536 433 Mettensi
1570 382 1848 452 respondet
1884 382 1948 432 de
1983 381 2069 444 iis,
2113 382 2207 449 qui
2241 399 2318 432 se-

559 476 675 527 dem
723 477 1065 546 apostolicam
1112 477 1356 529 Heinrici
1403 476 1442 528 I
1446 476 1496 529 V
1523 478 1661 546 reyis
1712 476 2195 528 excommunicandi
2237 478 2319 527 ius

559 571 799 624 habuisse
835 580 1061 642 neqenffl.

375 678 649 733 Contrab
687 680 870 750 illos,
912 682 1017 751 qui
1058 681 1260 734 stulte
1287 680 1536 747 dicunt,
1575 679 2039 749 imperatorem
2067 695 2319 733 excom-

605 777 926 830 municari
964 794 1086 830 non
1126 793 1317 846 posse
1358 793 1390 828 a
1426 774 1711 828 Romano
1749 774 2085 844 pontifice.

523 870 806 940 Gregorius
847 873 1122 943 episcopus
1162 887 1341 924 servus
1381 886 1648 923 servorum
1676 868 1777 922 Dei
1817 868 2003 922 dilecto
2029 869 2085 922 in
2111 869 2319 924 Christo

371 967 524 1021 fratri
550 967 899 1022 Herimanno⁰
925 966 1177 1021 Metensi‘¹
1198 965 1443 1036 episcopo
1471 964 1693 1018 salutem
1721 968 1774 1018 et
1799 963 2140 1034 apostolicam
2165 965 2321 1019 bene-

373 1063 668 1117 dictionem.

521 1159 669 1223 Quod
726 1159 791 1212 ad
846 1157 1182 1228 perferendos
1239 1155 1442 1209 labores
1493 1172 1553 1208 ac
1599 1155 1833 1226 pericula
1876 1172 1973 1226 pro
2022 1155 2320 1211 defensione

375 1254 612 1308 veritatis
650 1258 702 1308 te
741 1258 986 1324 paratum
1022 1252 1361 1319 intelligimus
1373 1259 1406 1319 ⁹,
1458 1251 1622 1304 divini
1660 1252 1891 1305 muneris
1932 1268 2045 1305 esse
2082 1269 2188 1305 non
2227 1252 2319 1305 du-

373 1349 615 1403 bitamus„
695 1349 853 1403 Cuius
892 1349 1020 1402 haec
1065 1347 1168 1401 est‘
1205 1346 1483 1401 ineffabilis
1523 1347 1695 1415 gratia
1734 1351 1786 1401 et
1822 1348 1958 1400 mira
1996 1347 2271 1401 clementia
2283 1356 2318 1416 ⁸,

373 1445 510 1514 quod
548 1462 815 1514 nunquam
855 1444 1043 1499 electos
1084 1461 1203 1497 suos
1229 1443 1438 1513 penitus
1468 1443 1710 1497 aberrare
1737 1444 2012 1513 permittit,
2050 1460 2319 1512 nunquam

371 1541 605 1594 funditus
643 1540 982 1594 labefactarih
1011 1544 1101 1594 aut
1138 1540 1270 1592 deici
1298 1540 1447 1606 sinit3
1489 1541 1609 1594 dum
1640 1558 1745 1609 eOS,
1783 1540 2160 1610 persecutionis
2186 1543 2318 1594 tem-

372 1653 499 1707 pore
540 1636 763 1705 quadam
791 1635 908 1690 utili
932 1635 1240 1706 probatione
1269 1636 1546 1704 discussos,
1588 1637 1746 1689 etiam
1771 1639 1892 1706 post
1916 1636 2318 1706 trepidationem

374 1731 604 1801 aliquam
632 1735 796 1785 semet
820 1732 971 1801 ipsisi
998 1732 1240 1784 fortiores
1266 1731 1407 1784 facit.
1449 1731 1705 1795 Quoniam
1734 1735 1909 1785 autem
1930 1761 1997 1768 —--
2025 1731 2160 1785 sicut
2183 1732 2320 1786 inter

371 1828 587 1895 ignavos
619 1827 795 1895 alium,
820 1845 919 1897 quo
946 1823 1151 1897 turpius
1176 1827 1277 1880 alio
1303 1827 1487 1895 fugiat,
1510 1827 1667 1881 timor
1688 1827 1956 1881 exanimat
1975 1857 2044 1863 —-
2065 1827 2141 1881 ita
2161 1828 2320 1881 etiam

372 1923 510 1977 inter
548 1926 784 1977 strenuos
826 1923 982 1976 alium
999 1965 1013 1991 ,
1055 1940 1155 1993 quo
1194 1924 1380 1977 fortius
1423 1922 1524 1976 alio
1564 1928 1686 1992 agat
1724 1922 1856 1992 quo¹¹
1891 1923 2158 1977 ardentius
2197 1941 2319 1994 pro-

372 2023 598 2089 rumpat,
637 2019 788 2073 virile
826 2023 1007 2089 pectus
1045 2018 1362 2088 inflammat,
1401 2019 1500 2073 hoc
1538 2019 1746 2073 caritati
1783 2023 1903 2073 tuae
1942 2019 2317 2075 exhortationis

371 2131 496 2168 voce
535 2115 830 2168 curavimus
880 2115 1288 2169 commendare¹z
1340 2119 1399 2168 ut
1447 2132 1506 2168 eo
1555 2115 1723 2183 magis
1761 2114 1817 2168 in
1856 2115 1966 2169 acie
2003 2115 2318 2172 christianae

2382 687 2494 731 1081

2347 747 2456 785 Mart.
2478 747 2525 784 15

370 2208 636 2277 religionis
687 2214 826 2264 stare
874 2214 926 2264 te
977 2210 1198 2264 delectet
1242 2211 1380 2264 inter
1426 2210 1652 2280 primOS,
1700 2227 1800 2280 quo
1842 2227 1928 2264 eos
1966 2228 2072 2265 non
2110 2212 2317 2267 dubitas
2365 2291 2367 2293 ι

368 2305 554 2358 victori
590 2304 702 2359 Deo
740 2306 1009 2376 proximos
1049 2310 1203 2375 atque
1242 2306 1590 2374 dignissimos

519 2400 666 2464 Quod
717 2406 887 2454 autem
940 2401 1242 2471 postulasti,
1291 2406 1342 2455 te
1382 2402 1531 2471 quasi
1567 2403 1761 2457 nostris
1801 2403 2011 2474 scriptis
2047 2404 2218 2458 iuvari
2258 2422 2318 2459 ac

370 2497 697 2566 praemuniri
735 2502 916 2550 contra
952 2497 1159 2550 illorum
1201 2497 1488 2566 insaniam,
1532 2499 1620 2567 qui
1658 2500 1883 2553 nefando
1922 2517 2013 2554 ore
2049 2501 2313 2568 garriunt:

371 2591 730 2646 auctoritatem
772 2597 981 2646 sanctae
1031 2597 1125 2647 et'n
1165 2593 1481 2663 apostolicae
1530 2595 1667 2648 sedis
1713 2612 1818 2649 non
1867 2596 2103 2666 potuisse
2139 2613 2315 2664 regem

369 2687 671 2756 Henricum,
705 2688 969 2742 hominem
995 2689 1309 2743 christianae
1333 2689 1464 2758 legis
1490 2695 1919 2762 contemptorem,
1949 2692 2314 2746 ecclesiarum¹¹

368 2783 613 2838 videlicet
651 2787 703 2837 et
740 2784 949 2854 imperii
987 2784 1363 2839 destructorem
1403 2790 1557 2856 atque
1596 2787 1945 2841 hereticorum
1973 2792 2236 2842 auctorem
2264 2792 2317 2842 et

369 2883 793 2948 consentaneum,
826 2881 1290 2949 excommunicare,
1317 2898 1414 2935 nec
1440 2899 1754 2952 quemquam
1781 2901 1813 2937 a
1838 2888 2162 2938 sacramento
2188 2883 2314 2938 fide-

365 2974 530 3029 litatis
572 2977 682 3030 eius
724 2975 1008 3044 absolvere,
1048 2992 1153 3030 non
1193 2976 1320 3030 adeo
1359 2979 1713 3032 necessarium
1742 2979 1892 3032 nobis
1919 2979 2153 3046 videtur3
2194 2996 2313 3034 cum

366 3071 519 3125 huius
545 3072 623 3126 rei
648 3075 758 3125 tam
783 3071 950 3125 multa
977 3089 1036 3126 ac
1060 3072 1354 3126 certissima
1379 3073 1690 3128 documenta
1713 3074 1770 3127 in
1796 3091 2062 3128 sacrarum
2089 3076 2312 3146 scriptu-

366 3184 543 3220 rarum
581 3169 787 3238 paginis
825 3167 1169 3237 reperiantur.
1235 3167 1416 3236 Neque
1455 3169 1624 3222 enim⁰
1655 3170 1931 3239 credimuS,
1972 3186 2076 3239 eOS,
2117 3171 2206 3240 qui
2246 3171 2312 3224 ad

483 3333 516 3359 a.
543 3320 696 3373 'Legitur
722 3323 834 3359 etiam
862 3320 899 3368 2)
922 3323 1192 3371 ap-Hugonem
1220 3322 1443 3364 Flaviniac„
1473 3325 1578 3360 Mon.
1594 3324 1795 3362 Germ.SS.
1814 3324 1914 3362 VIII
1935 3324 2025 3370 453,
2054 3323 2091 3371 3)
2112 3338 2173 3372 ap.
2190 3325 2297 3362 Udal

366 3387 480 3421 rictam
507 3387 735 3438 Babenberg.
762 3402 797 3424 n.
819 3388 913 3432 156,
950 3388 1118 3424 Eccardi
1145 3390 1252 3434 Corp.
1277 3388 1356 3424 hist.
1384 3390 1427 3425 II
1452 3389 1546 3434 158,
1590 3389 1631 3433 4)
1660 3404 1720 3438 ap.
1747 3392 1954 3428 Brunonem
1990 3391 2037 3427 de
2071 3391 2166 3427 bello
2198 3391 2310 3436 Sam,

369 3453 473 3487 Mon.
501 3454 619 3489 Germ.
645 3454 714 3491 SS.
746 3454 785 3490 V
806 3454 894 3491 356.
1048 3453 1084 3490 b.
1122 3452 1259 3490 Contra
1289 3472 1330 3477 —
1359 3453 1539 3502 pontifice
1576 3469 1642 3491 om.
1666 3457 1703 3493 2.
1725 3457 1760 3493 3.
1781 3456 1819 3494 4.
1975 3466 2007 3493 c.
2043 3469 2113 3493 om.
2138 3457 2174 3502 2,
2200 3456 2250 3494 N.
2272 3457 2309 3494 4.

367 3514 404 3551 d.
432 3529 500 3552 om.
517 3517 553 3554 4.
683 3530 716 3555 e.
742 3518 995 3556 intelleximus
1024 3521 1059 3556 3.
1198 3519 1224 3556 f.
1253 3521 1291 3556 et
1319 3520 1413 3556 add.
1434 3521 1469 3556 3.
1600 3531 1634 3568 g.
1664 3535 1731 3558 om.
1748 3523 1784 3558 2.
1911 3521 1951 3559 h.
1976 3520 2197 3559 labefactori
2224 3524 2309 3559 cod.

366 3579 392 3616 i.
426 3579 532 3628 ipsos
559 3582 643 3620 cod.
797 3584 836 3622 k.
872 3595 946 3633 quo
979 3604 1019 3610 -
1049 3586 1270 3634 prorumpat
1297 3600 1365 3623 om.
1390 3587 1425 3623 3.
1579 3586 1604 3623 l.
1639 3586 1812 3624 intonare
1840 3588 1876 3624 2.
2031 3598 2080 3625 m.
2116 3589 2154 3624 et
2180 3602 2250 3626 om.
2272 3588 2309 3626 4.

367 3655 406 3681 n.
441 3645 682 3686 eeclesiamm
713 3669 753 3675 —
785 3650 1057 3689 destructorem
1084 3665 1153 3688 om.
1169 3653 1205 3688 2.
1362 3663 1397 3689 0.
1432 3652 1558 3689 autem
1584 3653 1620 3690 3.
