2730 4198
368 389 481 433 1079

368 449 446 487 Ian.
466 452 489 487 2

520 254 627 307 352
991 266 1265 306 GREGORII
1301 266 1382 303 vn
1417 264 1682 304 REGISTRI
1718 266 1778 303 V1
1813 265 1987 303 17.17a.

519 401 650 455 quae
687 386 741 438 in
778 387 830 438 te
871 383 1002 437 solet
1037 382 1300 450 habitare,
1346 398 1430 435 me
1468 381 1797 449 vindicandO,
1837 398 1925 435 cor
1961 386 2109 436 tuum
2147 383 2460 441 transfodiet

519 484 597 548 et,
648 483 869 549 quantus
916 477 1074 531 michi
1121 476 1267 531 dolor
1314 493 1426 530 esse
1475 476 1659 530 debeat
1709 477 1771 530 de
1818 477 1952 531 bono
1999 478 2235 549 principe
2285 478 2457 533 ablato

516 575 674 628 matri
711 591 852 643 suae,
894 573 1144 627 ostendet.
1204 572 1399 636 Quodsi
1436 589 1539 626 non
1577 572 1666 626 illo
1693 572 1841 642 peior
1867 573 1915 626 ei
1942 571 2216 628 successit¹
2242 574 2297 627 in
2322 573 2459 642 regi-

515 670 671 738 mine,
711 686 989 739 possumus
1027 669 1218 723 habere
1257 668 1680 722 consolationem.
1742 666 2019 722 Praeterea
2053 686 2324 723 monemus
2349 670 2456 723 fra-

517 766 814 819 ternitatem
862 769 1032 818 tuam:
1081 768 1140 818 ut
1184 764 1241 817 in
1288 764 1480 818 talibus
1519 764 1720 818 cautius
1759 767 1812 817 te
1850 763 2072 832 habeas3
2117 765 2458 835 omnibusque

515 861 795 915 virtutibus
836 860 1166 915 dilectionem
1192 859 1293 913 Dei
1332 864 1384 913 et
1420 860 1650 930 proximi
1686 876 1994 930 praeponas
2054 859 2197 914 Haec
2223 861 2380 914 etiam
2406 865 2459 915 te

516 956 847 1027 compellant,
887 961 946 1010 ut
983 973 1198 1010 manum
1236 956 1483 1009 orationis
1522 955 1671 1009 nobis
1699 956 1936 1025 porrigas
1965 972 2245 1024 omnesque
2270 956 2459 1010 fratres

515 1052 613 1106 tibi
660 1052 883 1106 creditos
932 1052 999 1106 ad
1035 1052 1134 1105 hoc
1170 1068 1452 1122 provocare
1492 1051 1728 1120 studeaS,
1778 1055 1838 1105 ut
1874 1051 2125 1105 merearis
2165 1051 2228 1105 de
2265 1051 2459 1106 virtute

515 1148 571 1201 in
609 1148 859 1202 virtutem
906 1146 1156 1218 proficere
1205 1151 1257 1201 et
1305 1147 1371 1201 ad
1417 1148 1790 1218 perfectionem
1828 1164 2030 1201 summe
2069 1147 2304 1202 caritatis
2342 1164 2461 1218 per-

516 1243 708 1297 venire.
767 1243 908 1297 Data
942 1243 1138 1298 Romae
1177 1245 1212 1296 4
1250 1243 1426 1296 Nonas
1465 1243 1709 1313 Ianuarii,
1750 1244 2033 1298 indictione
2073 1245 2122 1298 2.

430 1477 446 1495 ·
515 1412 596 1476 VI
625 1417 768 1473 l7a.
810 1418 949 1472 Acta
986 1421 1179 1490 synodi
1215 1421 1532 1474 Romanae&

341 1541 454 1584 1079

310 1602 416 1638 Febr.
438 1601 483 1637 11

662 1527 818 1581 Anno
860 1528 923 1582 ab
953 1529 1312 1584 incarnatione
1340 1531 1643 1601 sempiterni
1669 1530 1918 1601 principii
1943 1530 2221 1585 millesimo
2249 1535 2459 1602 septua-

515 1623 712 1692 gesimo
732 1640 886 1692 ncnc,
908 1641 1088 1678 mense
1107 1624 1396 1694 Februarii,
1417 1627 1700 1680 indictione
1721 1627 1962 1695 secunda,
1983 1626 2315 1697 pontificatus
2336 1644 2458 1681 vero

515 1720 693 1772 domni
719 1718 957 1788 Gregorii
984 1720 1294 1774 universalis
1322 1720 1584 1791 pontificis
1613 1723 1823 1792 septimi
1849 1739 1983 1775 anno
2011 1726 2158 1776 sexto
2197 1723 2264 1776 ad
2300 1723 2461 1776 hono-2

514 1833 627 1870 rem
653 1815 753 1870 Dei
792 1821 843 1870 et
881 1814 1298 1870 hedificationem
1333 1821 1543 1871 sanctae
1571 1818 1835 1887 ecclesiae,
1877 1818 2096 1872 salutem
2126 1835 2327 1887 quoque
2351 1823 2463 1872 tam

517 1928 795 1982 corporum
835 1929 992 1982 quam
1032 1913 1343 1983 animarum,
1386 1930 1452 1967 ex
1489 1918 1769 1984 praecepto
1810 1914 1947 1967 sedis
1988 1913 2304 1984 apostolicae
2342 1929 2464 1966 con-

516 2012 771 2062 venerunt
807 2007 1020 2062 finitimi
1059 2013 1111 2063 et
1150 2009 1474 2063 diversarum
1504 2010 1894 2080 provinciarum
1923 2009 2314 2081 archiepiscopi,
2355 2009 2464 2080 epi-

517 2105 661 2175 scopi
698 2102 1075 2174 religiosaeque
1113 2123 1383 2176 personae,
1421 2110 1482 2160 -ut
1520 2110 1756 2160 sanctam
1794 2106 2050 2177 synodum
2088 2106 2426 2174 celebrarent.

665 2200 917 2254 Omnibus
948 2201 1109 2269 igitur
1132 2202 1187 2255 in
1221 2202 1438 2256 ecclesia
1460 2201 1746 2256 Salvatoris
1776 2202 2119 2271 congregatiS,
2149 2202 2357 2255 habitus
2385 2204 2465 2255 est

517 2314 686 2350 sermo
727 2297 790 2350 de
829 2313 1045 2367 corpore
1086 2301 1137 2351 et
1178 2298 1430 2366 sanguine
1470 2298 1666 2351 domini
1695 2298 1863 2351 nostri
1887 2297 2004 2351 Iesu
2031 2297 2243 2366 Christi,
2283 2297 2461 2350 multis

515 2393 659 2460 haec,
700 2393 964 2446 nonnullis
1003 2393 1095 2446 illa
1131 2394 1279 2463 prius
1320 2394 1677 2447 sentientibus
1756 2393 1989 2446 Maxima
2026 2393 2282 2462 siquidem
2320 2410 2461 2463 parS,

515 2506 707 2559 panem
756 2493 807 2542 et
844 2489 1025 2542 vinum
1072 2507 1167 2560 per
1216 2506 1395 2543 sacrae
1441 2490 1691 2543 orationis
1730 2490 1892 2543 verba
1929 2494 1981 2543 et
2019 2490 2302 2543 sacerdotis
2341 2505 2464 2542 con-

517 2584 882 2653 secrationem,
926 2584 1127 2655 Spiritu
1167 2590 1347 2639 sancto
1385 2586 1718 2640 invisibiliter
1758 2589 2031 2656 operante,
2072 2585 2304 2639 converti
2343 2584 2464 2640 sub—

517 2680 831 2734 stantialiter
868 2681 924 2734 in
965 2697 1153 2752 corpus
1193 2681 1511 2736 dominicum
1551 2682 1614 2736 de
1651 2682 1854 2750 virgine
1892 2685 2101 2750 natum,
2143 2681 2281 2751 quod
2320 2684 2371 2734 et
2407 2681 2464 2733 in

516 2793 667 2830 cruce
705 2777 981 2847 pependit,
1029 2781 1081 2831 et
1116 2778 1172 2830 in
1212 2778 1547 2848 sanguinem,
1589 2779 1679 2848 qui
1717 2779 1779 2831 de
1819 2778 1929 2831 eius
1967 2777 2130 2831 latere
2169 2777 2350 2831 militis
2389 2776 2462 2830 ef-

514 2872 660 2925 fusus
709 2876 789 2926 est
834 2873 1041 2941 lancea,
1094 2873 1359 2927 asserebat
1398 2877 1552 2943 atque
1592 2874 2019 2928 auctoritatibusb
2058 2873 2462 2927 orthodoxorum

517 2973 815 3022 sanctorum
840 2974 1067 3039 patrum,
1106 2974 1218 3023 tam
1244 2969 1528 3023 Grecorum
1557 2988 1713 3040 quam
1737 2969 2063 3038 Latinorum,
2101 2968 2269 3022 modis
2297 2967 2461 3020 omni-

515 3064 610 3117 bus
651 3064 975 3119 defendebat.
1036 3064 1259 3128 Quidam
1297 3083 1436 3134 vere,
1478 3067 1694 3120 cecitate
1732 3067 1895 3120 nimia
1936 3069 1988 3120 et
2024 3065 2180 3132 longa
2215 3062 2460 3133 perculsi,

515 3158 710 3228 figura⁰
747 3161 983 3215 tantumd
1010 3169 1167 3230 essee,
1209 3179 1264 3216 se
1304 3162 1536 3232 aliosque
1577 3163 1912 3233 decipienteS,
1957 3160 2263 3230 quibusdam
2303 3158 2461 3212 cavil-

633 3319 665 3344 a.
701 3310 890 3358 Leguntur
925 3311 1129 3346 maximam
1160 3317 1305 3357 partem
1343 3313 1455 3347 etiam
1491 3308 1529 3356 2)
1560 3323 1620 3357 ap.
1642 3312 1790 3347 Petrum
1818 3310 1999 3346 Pisanum
2008 3335 2020 3351 ,
2056 3310 2165 3344 Pont.
2187 3309 2294 3344 Rom.
2317 3308 2381 3343 vit.
2403 3306 2461 3343 ed.

521 3374 727 3409 Watterich
756 3377 777 3411 l
803 3374 1038 3420 299—3013
1068 3378 1118 3420 cf.
1148 3374 1185 3421 3)
1211 3378 1358 3426 Hagen.
1379 3378 1499 3420 Flav.,
1530 3379 1635 3412 Mon.
1655 3378 1772 3413 Germ.
1795 3376 1861 3413 SS.
1885 3375 1984 3410 Vll!
2005 3373 2092 3410 443.
2235 3372 2271 3409 b.
2301 3373 2462 3410 auctori-

515 3437 656 3474 tatibus
689 3458 729 3463 —
759 3438 977 3476 Latinorum
1012 3443 1050 3477 in
1083 3443 1251 3491 margine
1287 3442 1393 3488 cod„-
1427 3444 1463 3478 in
1500 3449 1624 3478 tea-tu.-
1658 3440 1865 3478 rationibus
1899 3440 1977 3475 tam
2005 3439 2134 3475 Grecis
2171 3450 2281 3486 quam
2305 3438 2460 3475 Latinis.

517 3510 558 3539 c.'
583 3503 740 3548 figuram
768 3506 803 3541 3.
917 3505 955 3541 d.
988 3514 1187 3555 sequuntur
1214 3508 1251 3543 in
1279 3508 1388 3544 cod..·
1420 3518 1514 3555 quae
1542 3505 1787 3544 substantiale
1814 3505 1908 3542 illud
1936 3516 2070 3552 corpus
2097 3505 2138 3541 in
2164 3505 2318 3541 dextera
2342 3505 2463 3552 patris

518 3567 667 3613 sedens,
694 3570 763 3605 sed
781 3571 873 3606 haec
898 3572 1053 3608 inducta
1071 3579 1167 3610 sunt.
1274 3584 1306 3609 e.
1335 3581 1421 3610 ante
1448 3583 1532 3610 esse
1551 3574 1736 3609 excidisse
1753 3571 1920 3608 videtur.-
1945 3570 2241 3617 intelligendum.

637 3647 677 3689 1.
711 3646 807 3691 Odo
838 3649 860 3692 I
891 3648 984 3693 dux
1014 3649 1320 3707 Burgundiae,
1352 3649 1492 3694 frater
1520 3650 1727 3706 Hugonis
1757 3649 1792 3693 Ι.
