2730 4198
816 302 1091 340 GREGORII
1127 302 1206 339 v11
1242 301 1507 339 REGISTRI
1544 301 1624 338 vn
1658 299 1707 335 14
1717 309 1749 335 a.
2150 282 2257 335 399

317 423 508 487 locum,
560 438 710 491 quem
757 421 849 473 sub
901 422 1117 473 crimine
1165 430 1271 472 tam
1319 419 1616 471 ambitionis
1669 435 1826 487 quam
1861 416 2254 478 inobedientiae,
2306 418 2420 461 1080

317 519 459 589 quod·
482 527 556 571 est
578 518 739 569 scelus
765 517 1045 570 idolatriae
1060 512 1089 581 ¹,
1132 518 1282 586 cepit,
1324 515 1672 584 resipiscendo
1699 531 1804 565 non
1830 514 2032 565 deserit.
2093 509 2257 564 Simi-
2288 478 2396 515 Mart.
2416 479 2438 515 ⁷

316 615 432 667 liter
469 616 624 667 etiam
663 614 726 665 de
761 612 1101 682 inferioribus
1141 612 1494 663 ecclesiasticis
1521 610 1860 679 diqnitatibus
1887 608 2256 660 constituimus.

462 709 593 762 Item
630 711 680 760 si
716 711 833 778 quis
871 711 1245 778 imperatorum
1282 724 1463 775 reyum
1500 706 1690 756 ducum
1713 705 2075 756 marchionum
2100 704 2259 754 comi-

314 812 424 859 tum
460 805 542 858 vel
579 805 819 874 quilibet⁸
846 804 1193 856 saecularium
1222 811 1539 871 potestatum
1565 810 1658 853 aut
1672 817 2024 870 personarum
2048 799 2259 850 investi-

314 912 488 955 turam
515 903 906 971 episcopatuum
930 900 1012 951 vel
1030 899 1253 951 alicuius
1273 897 1643 949 ecclesiasticae
1664 897 1936 965 diqnitatis
1957 896 2084 946 dare
2102 911 2259 963 prae-

314 999 616 1068 sumpserit,
668 998 893 1048 eiusdem
942 997 1218 1047 sententiae
1262 993 1469 1045 vinculo
1520 1010 1573 1044 se
1620 992 1918 1043 obstrictum
1969 1008 2075 1042 esse
2113 992 2258 1042 sciat.

315 1091 568 1163 Insuperb
609 1094 787 1157 etiam,
835 1093 944 1144 nisi
987 1092 1262 1161 resipiscat
1299 1099 1346 1141 et
1385 1088 1625 1140 ecclesiae
1657 1089 1940 1157 propriam
1980 1087 2262 1138 libertatem

315 1191 556 1254 dimittat,
598 1190 808 1241 divinae
845 1187 1314 1240 animadversionis
1351 1185 1600 1236 ultionem
1636 1186 1695 1236 in
1733 1184 1830 1235 hac
1860 1185 2132 1253 praesenti
2153 1185 2262 1235 vita

315 1296 422 1341 tam
467 1287 525 1338 in
574 1303 791 1355 corpore
827 1302 922 1337 suo
963 1301 1121 1353 quam
1158 1283 1336 1335 ceteris
1374 1281 1525 1333 rebus
1563 1282 1672 1332 suis
1710 1282 1924 1341 sentiat,·
1973 1289 2031 1332 ut
2066 1281 2124 1331 in
2163 1279 2260 1330 ad-

313 1392 468 1434 ventu
504 1381 730 1433 Domini
764 1382 980 1450 spiritus
1019 1379 1195 1431 salvus
1220 1377 1341 1445 fiat.

463 1477 593 1530 Item
631 1478 933 1529 sententiam
971 1476 1308 1545 depositionis
1341 1483 1387 1526 et
1412 1473 1974 1537 excommunicationis,
2015 1473 2125 1523 iam
2141 1471 2260 1541 ple-

314 1590 532 1643 rumque
570 1574 748 1625 datam
785 1574 842 1624 in
883 1570 1175 1624 Tedaldum
1201 1569 1644 1623 Mediolanensem
1682 1570 1876 1620 dictum
1913 1567 2260 1637 archiepisco-

313 1687 443 1740 pum
481 1679 528 1721 et
569 1666 874 1723 Guibertum
900 1668 1254 1720 Ravennatem
1293 1677 1339 1720 et
1365 1666 1668 1719 Rolandum
1700 1662 2097 1729 Tarvisiensem,
2139 1682 2260 1716 con-

304 1765 582 1833 firmamus
632 1775 679 1817 et
726 1765 1135 1816 corroboramus.
1287 1763 1362 1815 Et
1397 1763 1642 1825 Petrum,
1697 1760 1821 1812 olim
1861 1761 2263 1813 Rotonensem⁰²

319 1863 644 1931 episcopum,
700 1879 838 1912 nunc
885 1870 1055 1912 autem
1091 1859 1452 1912 Narbonensis
1493 1858 1731 1910 ecclesiae
1768 1859 2087 1922 invasorem,
2135 1859 2266 1927 pari

320 1959 571 2010 sententia
609 1957 934 2008 damnamus.

468 2052 598 2105 Item
635 2054 684 2103 si
721 2053 837 2121 quis
863 2050 1294 2103 Normannorum
1332 2060 1499 2103 terras
1538 2050 1708 2101 sancti
1730 2049 1895 2113 Petri,
1936 2048 2172 2100 videlicet
2193 2048 2261 2100 il-

321 2149 426 2201 lam
468 2158 672 2218 partem
707 2147 996 2199 Firmanae
1032 2147 1319 2211 marchiae,
1371 2164 1504 2215 quae
1540 2146 1773 2197 nondum
1803 2163 2032 2214 pervasa
2072 2155 2166 2209 est,
2219 2153 2266 2196 et

318 2245 563 2297 ducatum
610 2242 959 2312 Spoletanumv
999 2252 1046 2294 et
1084 2240 1429 2312 Campaniam
1475 2259 1567 2293 nec
1614 2259 1720 2292 non
1758 2242 2060 2293 Maritimas
2110 2250 2265 2309 atque

321 2339 579 2394 Sabinum
617 2349 665 2392 et
702 2340 1000 2391 comitatum
1045 2336 1378 2390 Tiburtinum
1415 2355 1508 2389 nec
1544 2355 1650 2389 non
1688 2339 2058 2389 monasterium
2096 2338 2267 2389 sancti

317 2436 591 2488 Benedicti
614 2435 811 2487 Montis
839 2432 1047 2486 Cassini
1083 2444 1130 2487 et
1166 2443 1332 2486 terras
1371 2434 1474 2485 sibi
1493 2435 1828 2503 pertinentes,
1869 2434 2087 2503 insuper
2112 2434 2265 2484 etiam

319 2531 666 2583 Beneventum
690 2532 935 2583 invadere
959 2530 1040 2582 vel
1064 2531 1381 2600 depraedari
1389 2531 1821 2600 praesumpserit,
1847 2531 2079 2598 qratiam
2098 2530 2268 2581 sancti

320 2626 471 2679 Petri
515 2637 563 2679 et
607 2628 877 2678 introitum
926 2627 1164 2679 ecclesiae
1203 2628 1252 2678 ei
1286 2644 1449 2696 usque
1487 2627 1559 2678 ad
1596 2625 2007 2694 satisfactionem
2043 2626 2263 2677 interdi-

321 2724 498 2774 cimus.
561 2721 936 2787 Verumtamen,
979 2725 1028 2775 si
1065 2724 1181 2792 quis
1218 2723 1431 2775 illorum
1469 2723 1716 2774 adversus
1741 2722 2052 2774 habitatores
2079 2721 2267 2774 harum

319 2827 578 2870 terrarum
615 2818 850 2887 aliquam
887 2821 1079 2871 iustam
1116 2837 1327 2870 causam
1365 2819 1626 2883 habuerit,
1659 2820 1817 2888 prius
1857 2837 1891 2869 a
1928 2818 2077 2870 nobis
2114 2817 2196 2869 vel
2233 2837 2267 2869 a

317 2912 631 2968 rectoribusd
662 2933 752 2966 seu
789 2916 1041 2966 ministris
1078 2914 1214 2966 inibi
1238 2916 1523 2967 constitutis
1551 2915 1805 2966 iustitiam
1830 2915 2068 2983 requirat
2076 2932 2094 2975 ,·
2135 2930 2267 2982 quae

318 3012 368 3063 si
405 3013 454 3063 ei
489 3011 742 3080 deneqata
764 3011 966 3080 fuerit,
1008 3011 1358 3062 concedimus.-
1397 3019 1455 3062 ut
1483 3027 1588 3080 pro
1626 3011 2016 3079 recuperatione
2053 3027 2267 3061 suarum

318 3125 494 3159 rerum
532 3108 595 3158 de
633 3117 773 3159 terra
811 3107 907 3159 illa
946 3108 1199 3176 accipiam·
1237 3124 1343 3158 non
1374 3116 1545 3158 tamen
1583 3106 1724 3158 ultra
1761 3106 1972 3158 modum
2009 3123 2101 3157 nec
2124 3122 2267 3156 more

312 3204 668 3273 praedonum,
719 3204 810 3255 sed
860 3213 916 3255 ut
961 3203 1100 3254 decet
1147 3202 1487 3254 christianum
1534 3211 1581 3253 et
1628 3219 1770 3266 eum,
1823 3203 1917 3270 qui
1962 3219 2059 3253 sua
2095 3202 2265 3270 ma9is

321 3301 491 3369 querit
525 3301 771 3369 recipere,
816 3316 974 3368 quam
1005 3297 1184 3358 ,aliena
1224 3299 1469 3367 diripere,
1513 3308 1559 3350 et
1597 3299 1692 3366 qui
1727 3299 1870 3350 timet
1901 3298 2133 3366 qratiam
2159 3296 2269 3348 Dei

321 3397 551 3448 amittere
589 3405 635 3448 et
671 3396 1084 3448 maledictionem
1122 3394 1261 3446 beati
1295 3393 1449 3446 Petri
1483 3395 1763 3445 incurrere.

467 3492 740 3545 Preterea⁰
775 3493 1108 3543 admonemus
1149 3507 1338 3555 omnes,
1381 3491 1474 3558 qui
1499 3500 1737 3542 aeternae
1763 3489 2116 3541 damnationis
2139 3505 2264 3558 poe-

440 3603 474 3630 a.
502 3607 572 3630 om.
591 3595 628 3630 2.
739 3592 778 3630 b.
803 3593 963 3641 Insuper
993 3611 1034 3617 —
1063 3591 1132 3628 fiat
1157 3605 1227 3628 om.
1247 3592 1284 3629 2.
1395 3601 1427 3627 c.
1454 3589 1717 3628 Redonensem
1743 3591 1779 3627 2.
1884 3589 1920 3627 d.
1947 3588 2088 3627 nostris
2116 3589 2210 3627 add.
2230 3590 2267 3626 2.

322 3668 355 3695 e.
382 3657 558 3696 Preterea
588 3678 629 3683 —
661 3658 825 3706 eligendi
848 3659 1039 3707 potestate
1064 3657 1234 3706 privatur
1260 3671 1330 3694 om.
1347 3658 1382 3694 2.

439 3722 480 3766 1.
515 3722 539 3766 1
562 3722 674 3778 Reg.
698 3722 767 3779 15,
790 3723 861 3767 23.
1012 3723 1053 3766 2.
1085 3720 1435 3766 Ruthenensem.
