2782 4198
831 293 1106 333 GREGORII
1143 294 1223 332 vn
1257 291 1522 332 REGISTRI
1557 292 1602 330 11
1627 290 1688 328 es.
1715 289 1777 327 67.
2172 275 2274 328 187

333 429 513 467 eorum
550 411 810 465 ullatenus
852 411 1092 479 audiant3
1131 415 1215 479 ut,
1256 427 1384 480 quos
1420 425 1517 463 neo
1553 409 1712 462 timor
1747 423 1844 460 nec
1882 422 2028 460 amor
2072 405 2278 460 divinus
2338 411 2453 455 1075

332 509 651 580 compungit,
690 508 860 579 pudor
899 508 1084 562 saltem
1121 507 1380 561 humanus
1418 505 1653 558 retrahat
1679 503 1744 557 ad
1771 503 2122 557 sobrietatem.
2181 501 2277 555 His

333 606 379 660 si
415 605 694 674 vigilanter
730 604 1002 673 institeriS,
1044 608 1096 658 et
1132 602 1547 657 inoboedientiae
1586 600 1791 670 culpam
1829 598 2026 670 poteris
2061 597 2280 652 evadere

333 705 386 756 et
424 719 456 756 a
483 701 709 755 Domino
749 702 1042 773 praemium
1079 700 1174 753 tibi
1214 697 1490 768 multiplex
1531 700 1582 750 et
1618 694 1919 750 indeficiens
1959 710 2278 766 comparare.

331 798 472 852 Data
506 797 703 852 Romae
741 800 776 850 4
814 797 1076 852 Kalendas
1113 794 1332 866 ApriliS,
1371 793 1653 846 indictione
1697 794 1779 845 13.

331 970 384 1032 ῙῙ
418 973 518 1032 67.
555 975 776 1029 Annoni
812 976 1202 1046 archiepiscopo
1243 971 1542 1028 Coloniensi
1575 971 1819 1036 mandat,
1872 980 1952 1035 ut,
2005 980 2280 1024 convocato

556 1076 915 1144 episcoporum
954 1071 1189 1136 concilio,
1231 1089 1327 1123 sua
1366 1070 1429 1121 de
1467 1069 1700 1121 castitate
1739 1066 2043 1120 clericorum
2079 1067 2282 1120 decreta

544 1170 858 1240 promulqet.

482 1278 763 1348 Gregorius
802 1278 1076 1348 episcopus
1116 1293 1296 1331 servus
1323 1292 1594 1329 servorum
1618 1273 1719 1328 Dei
1743 1273 1958 1327 Annoni
1984 1272 2282 1328 Coloniensi

333 1375 720 1445 archiepiscopo
760 1374 981 1428 salutem
1021 1376 1074 1426 et
1111 1371 1452 1442 apostolicam
1488 1370 1920 1426 benedictionem.

479 1470 721 1540 Constat,
772 1470 1045 1525 ecclesiam
1082 1467 1443 1523 Coloniensem
1490 1469 1628 1522 inter
1667 1471 1865 1521 ceteras
1903 1466 2052 1534 regni
2091 1466 2282 1520 Teuto-

330 1567 434 1621 nici
473 1567 715 1621 ecclesias
756 1570 966 1620 sanctae
1005 1570 1058 1620 et
1096 1565 1411 1636 apostolicae
1451 1565 1580 1632 sedi,
1621 1564 1706 1617 cui
1730 1563 1841 1617 Deo
1869 1566 2079 1617 auctore
2106 1562 2280 1617 deser-

331 1663 524 1732 vimuS,
563 1664 640 1717 ita
677 1662 778 1718 fide
819 1667 870 1717 et
909 1663 1184 1716 dilectione
1225 1666 1380 1731 atque
1419 1661 1682 1731 obsequiis
1724 1660 1788 1714 ab
1829 1659 1979 1713 annis
2016 1658 2279 1730 prioribus

330 1777 442 1814 esse
480 1760 791 1829 devinctam,
831 1763 891 1813 ut
930 1759 1182 1827 singulari
1206 1758 1563 1812 familiaritate
1600 1762 1653 1812 et
1676 1757 1847 1826 gratia
1872 1755 2113 1810 karitatis
2142 1755 2281 1826 apud

330 1873 463 1926 eam,
501 1861 772 1925 tamquam
799 1855 937 1926 apud
963 1859 1186 1909 matrem
1212 1854 1514 1908 dulcissima
1550 1853 1674 1923 filia,
1714 1852 2052 1924 praepolleat.
2115 1851 2281 1916 Quem

328 1952 719 2007 benevolentiae
756 1952 1032 2006 laudabilis
1071 1968 1251 2020 usum,
1293 1950 1356 2005 ab
1397 1950 1809 2004 antecessoribus
1847 1949 2040 2003 nostris
2081 1949 2147 2002 ad
2183 1965 2278 2003 nos

327 2066 493 2118 usque
542 2032 845 2118 deductum,
893 2065 1000 2102 non
1046 2048 1215 2101 solum
1263 2046 1540 2102 observare
1589 2047 1681 2101 sed
1719 2046 1878 2101 etiam
1926 2045 2180 2116 ampliare
2227 2049 2280 2099 et

329 2149 664 2214 augmentare
703 2162 800 2215 pro
838 2161 1016 2198 rerum
1055 2145 1406 2214 oportunitate
1444 2149 1496 2198 et
1521 2147 1817 2214 temporum
1843 2142 2010 2196 modis
2038 2142 2278 2196 omnibus

328 2259 444 2295 sum
480 2246 713 2312 paratus.
772 2240 910 2294 Hinc
949 2241 1109 2294 etiam
1146 2241 1423 2294 karissime
1459 2241 1622 2294 frater
1649 2241 1712 2293 de
1740 2239 2070 2294 oboedientia
2093 2239 2172 2292 tui
2198 2255 2278 2292 se-

326 2339 517 2407 curior,
552 2336 844 2391 fiducialius
873 2337 1121 2391 adhortor
1149 2341 1230 2391 te*
1266 2340 1318 2390 et
1350 2354 1535 2391 moneo
1575 2340 1730 2406 atque
1765 2336 2053 2389 communis
2080 2335 2280 2389 domini

326 2433 496 2488 beatib
534 2433 678 2488 Petri
717 2434 1024 2488 auctoritate
1070 2434 1364 2505 praecipio:
1411 2437 1470 2487 ut
1517 2433 1584 2487 ad
1632 2434 1926 2486 castitatem
1974 2432 2278 2486 clericorum

327 2531 733 2600 praedicandam
772 2534 927 2599 atque
963 2531 1328 2584 inculcandam
1363 2531 1514 2583 iuxta
1548 2533 1762 2601 patrum
1788 2529 1996 2583 decreta
2024 2533 2076 2583 et
2102 2532 2278 2582 aucto-

327 2627 538 2680 ritatem
577 2643 834 2680 canonum
872 2644 990 2681 cum
1029 2627 1369 2696 suffraganeis
1395 2627 1502 2680 tuis
1528 2626 1768 2680 omnibus
1795 2626 2080 2680 studiosius
2108 2625 2278 2679 accin-

327 2723 495 2790 garis3
536 2727 595 2776 ut
633 2740 855 2793 sponsae
882 2723 1092 2793 Christi,
1134 2741 1266 2794 quae
1291 2722 1554 2777 maculam
1577 2723 1747 2776 nescit
1772 2726 1863 2776 aut
1886 2740 2072 2791 rugam
2088 2718 2115 2791 ¹,
2157 2739 2278 2776 can-

327 2819 535 2872 didatae
586 2823 638 2873 et
684 2819 1051 2874 immaculatae
1087 2820 1319 2874 familiae
1357 2820 1647 2888 gratiosum
1686 2819 1993 2874 exhibeatur
2031 2817 2275 2872 officium.

325 2915 485 2970 Novit
524 2916 662 2970 enim
699 2916 1001 2970 fraternitas
1040 2920 1157 2984 tua,
1209 2917 1331 2985 quia
1367 2919 1650 2987 praecepta
1686 2915 1815 2969 haec
1851 2932 1958 2968 non
1997 2915 2060 2968 de
2097 2918 2276 2968 nostro

327 3028 483 3066 sensu
533 3012 883 3082 exculpimus3
940 3012 1032 3065 sed
1080 3012 1412 3082 antiquorum
1450 3017 1662 3083 patrum
1702 3012 2022 3079 sanctioneS,
2077 3010 2277 3080 Spiritu

327 3113 505 3162 sancto
542 3109 877 3179 praedicante
915 3107 1165 3178 prolataS,
1206 3107 1363 3161 officii
1399 3109 1566 3162 nostri
1603 3108 1912 3162 necessitate
1951 3107 2007 3160 in
2045 3106 2277 3159 medium

324 3205 680 3275 propalamuS,
716 3222 781 3258 ne
807 3205 944 3274 pigri
972 3204 1109 3258 servi
1135 3203 1411 3258 subeamus
1436 3204 1744 3275 periculum,
1774 3204 1819 3257 si
1845 3203 2158 3257 dominicam
2183 3219 2277 3272 pe-

325 3302 550 3370 cuniam,
588 3319 719 3371 quae
756 3287 874 3355 cum
907 3301 1116 3354 foenore
1145 3296 1481 3370 reposcitur2,
1519 3300 1614 3353 sub
1638 3299 1845 3353 silentio
1870 3298 2273 3365 abscondamus3

326 3413 643 3466 quamquam
689 3398 810 3451 huic
857 3401 1067 3450 sanctae
1104 3395 1371 3449 Romanae
1421 3395 1669 3449 ecclesiae
1708 3412 1915 3465 semper
1952 3394 2102 3448 licuit
2139 3411 2275 3448 sem-

324 3509 520 3562 perque
557 3494 751 3562 licebit,
792 3498 974 3548 contra
1010 3492 1215 3546 noviter
1251 3492 1599 3546 increscentes
1639 3508 1880 3546 excessus
1909 3507 2046 3545 nova
2072 3507 2275 3561 quoque

441 3628 474 3654 a.
507 3619 546 3655 te
574 3619 725 3656 addidi.
878 3618 915 3655 b.
941 3618 1044 3655 beati
1072 3617 1227 3654 addidit
1251 3630 1384 3653 manus
1414 3617 1507 3653 alia.

443 3696 483 3739 1.
516 3695 682 3751 Ephes.
705 3696 745 3754 5,
767 3697 839 3741 27.
990 3697 1030 3740 2.
1062 3695 1220 3740 Matth.
1241 3696 1283 3753 5,
1307 3695 1363 3739 15
1384 3707 1451 3751 sq.

2306 471 2415 509 Mart.
2435 473 2482 509 29

2343 1280 2458 1324 1075

2309 1341 2418 1378 Mart.
2437 1341 2485 1378 29
