2730 4198
512 282 619 336 686
996 295 1342 335 BONITHONIS
1381 296 1457 332 AD
1497 293 1724 332 AMICUM
1759 294 1868 331 ΠΒ.
1895 293 1960 329 rx

510 412 788 481 heresium,
827 412 1163 483 pugnandum
1203 427 1333 478 esse,
1373 409 1503 463 nulli
1541 409 1756 462 dubium
1794 411 1888 461 est.
2035 405 2143 460 Nec
2182 405 2374 460 milites
2415 423 2446 460 a

510 523 670 575 regno
707 506 808 561 Dei
852 507 1046 560 alienos
1085 523 1197 560 esse
1234 504 1606 572 iudicabimuS,
1658 519 1785 573 quos
1823 502 2054 572 baptista
2091 501 2304 555 Domini
2340 518 2446 555 non

511 602 678 656 solum
716 610 849 655 non‘
889 602 1173 671 abhorruit,
1214 605 1293 655 set
1329 601 1527 671 pocius,
1567 604 1627 653 ut
1651 598 1939 652 militarent
1964 598 2194 651 contenti
2220 597 2327 650 suis
2353 597 2446 651 sti-

508 698 713 768 pendiis
730 694 758 765 ¹,
797 698 1046 767 precepit.
1161 696 1416 750 Dominus
1455 712 1578 749 vero
1617 699 1794 748 noster
1831 693 1974 747 Iesus
2001 692 2237 746 Christus
2274 709 2447 747 11011116

509 792 824 846 centurionis
861 791 1017 846 fidem
1057 792 1353 862 anteposuit
1389 790 1540 845 fideib
1575 789 1769 844 Israel?
1827 793 1907 843 set
1945 793 1996 842 et
2034 789 2144 843 eius
2184 788 2446 842 servulum

510 904 691 942 curare
729 904 835 941 non
873 888 1181 955 dedignatus
1223 883 1343 940 est2.
1408 886 1535 940 Post
1571 886 1852 954 gloriosam
1890 902 2013 938 vero
2054 885 2163 938 eius
2205 884 2271 937 ad
2309 884 2445 938 celos

511 983 880 1051 ascensionem,
900 983 1171 1053 primiciae
1198 983 1447 1051 gentium,
1470 991 1593 1051 (1116’ὖ
1616 982 1896 1050 credidere,
1919 998 1983 1035 ex
1999 979 2254 1034 militibus
2274 980 2444 1047 fuere3

510 1082 563 1131 et
598 1078 654 1130 in
691 1082 895 1131 tantum
934 1094 1112 1131 eorum
1152 1079 1464 1132 elemosinae
1504 1083 1556 1132 et
1581 1078 1840 1131 orationes
1870 1081 2112 1147 acceptae
2139 1071 2329 1145 fuere³,
2370 1079 2446 1144 ut,

511 1171 737 1243 Symone
761 1172 915 1226 Petro
953 1173 1010 1226 in
1048 1174 1259 1239 domum
1286 1173 1513 1227 Cornelii
1550 1174 1794 1241 intrante,
1837 1177 2116 1242 antequam
2142 1173 2189 1226 ei
2214 1171 2298 1225 vel
2324 1172 2399 1225 eis
2409 1170 2446 1240 ἀ,

509 1269 597 1337 (1111
635 1285 752 1321 611111
788 1285 846 1322 60
875 1272 1038 1337 erant,
1078 1286 1263 1322 manus
1290 1269 1584 1339 imponeret
1608 1269 1691 1323 vel
1718 1277 1832 1323 608θ
1859 1268 2110 1340 baptismi
2136 1284 2271 1337 aqua
2296 1283 2447 1320 mun-

508 1362 679 1430 daret,
730 1363 898 1415 sancti
938 1362 1165 1433 Spiritus
1214 1364 1560 1434 susciperent‘
1598 1362 1919 1418 carismata⁴.
2070 1363 2142 1417 Et
2186 1380 2304 1417 cum
2343 1363 2450 1417 sint

508 1457 730 1526 quedam
769 1456 965 1526 officia,
1018 1458 1084 1511 ad
1123 1475 1222 1527 que
1259 1459 1431 1513 redire
1467 1464 1589 1530 post
1625 1460 1889 1531 baptisma
1927 1500 2309 1513 ...........
2351 1458 2447 1513 sub

506 1553 784 1620 gentilibus
825 1553 1039 1607 ducibus
1077 1554 1348 1607 militasse.
1409 1554 1518 1618 Que
1556 1557 1602 1609 si
1638 1556 1786 1609 licuit
1810 1573 1905 1626 pro
1932 1560 2138 1609 terreno
2164 1572 2303 1624 rege,
2343 1571 2448 1608 non

504 1647 683 1701 licebit
728 1661 824 1718 pro
873 1649 1083 1703 celesti?
1142 1650 1188 1702 si
1232 1649 1381 1703 licuit
1428 1667 1524 1721 pro
1572 1668 1629 1704 re
1666 1652 1923 1721 publicag,
1978 1668 2084 1704 non
2127 1650 2306 1704 licebit
2350 1667 2447 1721 pro

505 1743 744 1797 iusticia?
785 1745 830 1797 si
866 1744 1015 1798 licuit
1053 1749 1234 1799 contra
1267 1744 1543 1815 BarbarOS,
1583 1763 1691 1799 non
1728 1746 1904 1801 licebit
1942 1750 2123 1800 contra
2160 1744 2448 1800 hereticos?

504 1839 689 1893 Nonne
727 1844 935 1893 sanctus
961 1840 1227 1910 HylariUS,
1267 1845 1326 1894 ut
1362 1842 1419 1894 in
1455 1842 1692 1912 hystoria
1728 1842 1920 1910 legitur
1955 1841 2292 1910 Francorum,
2330 1840 2449 1895 Clo-

507 1936 759 1990 doveumh
785 1953 962 2004 regem
988 1941 1170 1990 contra
1195 1937 1450 1991 hereticos
1477 1937 1731 1991 Arrianos
1760 1938 2012 1991 armavit?
2072 1936 2163 1991 Set
2188 1941 2239 1991 et
2263 1935 2447 1991 beatus

505 2031 829 2099 Augustinus
876 2032 1098 2100 insignis
1148 2033 1327 2086 doctor
1364 2033 1692 2087 Bonifacium
1730 2034 1992 2101 hortatur,
2039 2037 2099 2086 ut
2136 2032 2447 2087 Circumcel-

503 2127 668 2181 liones
709 2131 760 2180 et
785 2126 1089 2181 Donatistas
1129 2128 1439 2198 depredetur
1467 2133 1620 2198 atque
1645 2134 2003 2200 persequatur,
2045 2130 2194 2199 eique
2221 2130 2296 2183 sic
2321 2129 2447 2182 scri-

505 2222 582 2276 bit
626 2223 764 2276 inter
802 2227 997 2277 cetera:
1046 2226 1336 2294 Bonefacio
1388 2227 1660 2297 spectabili
1703 2229 1817 2279 viro
1856 2227 1925 2278 A.
1966 2227 2197 2278 salutem.
2280 2223 2449 2280 Gravi

506 2320 568 2370 de
611 2338 795 2388 puyna
833 2324 1161 2390 conquereris
1172 2361 1187 2386 ,
1241 2322 1438 2374 dubites
1476 2322 1627 2384 nolo;
1675 2323 1800 2374 utile
1838 2323 1935 2375 tibi
1970 2324 2173 2390 tuisque
2211 2322 2447 2391 daboque

507 2415 794 2466 consilium.
854 2416 1054 2486 Arripe
1091 2417 1332 2469 manibus
1373 2435 1539 2482 arma,
1584 2420 1750 2470 oratio
1791 2436 1942 2470 aures
1973 2417 2150 2487 pulset
2178 2415 2443 2469 Auctoris.

510 2509 649 2575 Quia
689 2511 897 2579 quando
929 2522 1221 2580 picena-tur,
1264 2513 1412 2564 Deus
1452 2515 1646 2582 apertis
1675 2514 1835 2565 oculis
1858 2515 2132 2583 prospicit,
2175 2522 2222 2564 et
2242 2522 2448 2581 partem

507 2623 665 2674 quam
702 2607 906 2675 aspicit,
948 2608 1140 2660 iustam
1177 2608 1263 2660 illi
1300 2593 1462 2661 dona‘t
1493 2609 1730 2678 palmam
1760 2619 1807 2661 et
1830 2611 2118 2660 victoriam.
2178 2607 2313 2660 Noli
2337 2610 2445 2660 exi-

505 2703 730 2766 stimare,
778 2703 837 2752 in
884 2704 1046 2754 armis
1096 2703 1290 2756 bellicis
1338 2723 1444 2756 non
1480 2722 1633 2774 posse
1670 2704 1786 2757 Deo
1815 2705 2043 2773 placere.
2122 2702 2190 2755 In
2227 2703 2307 2755 bis
2329 2703 2449 2772 fuit

505 2807 712 2849 sanctus
738 2796 938 2863 David,
982 2800 1069 2851 cui
1090 2799 1353 2851 Dominus
1393 2810 1592 2853 tantum
1614 2800 1880 2870 perbibuit
1905 2801 2275 2852 testimonium.-
2315 2837 2345 2863 ,,
2360 2799 2448 2851 De

490 2893 679 2961 fructu
725 2895 917 2947 ventris
965 2894 1060 2947 luii
1096 2913 1294 2965 ponam
1339 2914 1495 2966 super
1541 2898 1709 2949 sedem
1746 2906 1889 2949 tuam
1905 2895 1950 2947 “.
2029 2895 2097 2947 In
2143 2895 2223 2947 bis
2246 2895 2366 2963 fuit
2401 2903 2448 2946 et

620 3087 653 3113 a.
687 3087 763 3113 non
791 3090 860 3114 om.
879 3092 908 3114 c.
1041 3077 1079 3114 b.
1111 3077 1203 3115 fidei
1235 3081 1373 3126 scripsi
1400 3093 1471 3127 pro
1505 3078 1615 3125 filii83
1654 3082 1706 3125 cf.
1725 3078 1862 3116 Matth.
1883 3078 2008 3124 8,10:
2041 3088 2118 3114 non
2152 3076 2278 3114 inveni
2303 3076 2445 3113 tantam

504 3141 617 3178 fidem
642 3142 683 3178 in
709 3142 836 3179 Israel.
942 3153 973 3179 c.
1001 3143 1066 3190 qui
1093 3158 1125 3180 c.
1239 3144 1276 3181 d.
1312 3145 1366 3181 eis
1395 3145 1546 3181 addidi.
1659 3156 1692 3181 e.
1725 3155 1790 3181 eos
1819 3144 1968 3181 addidi.
2077 3142 2104 3180 f.
2133 3153 2331 3190 suscepere
2359 3142 2445 3179 cod.

505 3218 539 3253 g.
566 3218 606 3243 re
633 3206 674 3243 P.
702 3222 734 3244 c.
836 3207 874 3244 h.
903 3207 1133 3245 Clodoneum
1161 3224 1192 3246 c.
1294 3210 1320 3246 i.
1355 3211 1383 3246 t.
1409 3222 1447 3258 p.
1476 3221 1506 3247 8.
1536 3221 1566 3247 8.
1593 3211 1621 3246 t.
1649 3211 1733 3247 cod.

503 3299 730 3355 piaculare
760 3298 1023 3355 flagitium“.
1070 3300 1227 3356 Neque
1256 3313 1365 3346 vero
1396 3302 1587 3347 inveniri
1616 3302 1729 3347 haec
1755 3303 1801 3346 in
1823 3301 2029 3358 Gregorii
2048 3300 2070 3344 Ι
2098 3298 2323 3357 operibus,
2353 3300 2444 3344 iam

504 3375 778 3416 correctores
807 3373 999 3418 Romani
1028 3373 1371 3418 adnotaverunt.

622 3446 662 3489 1.
701 3445 811 3489 Luc.
834 3447 875 3502 3,
899 3447 968 3490 14.
1104 3448 1144 3491 2.
1186 3447 1343 3491 Matth.
1366 3448 1407 3504 8,
1430 3447 1525 3492 5—
1540 3449 1609 3492 13.
1744 3448 1786 3492 3.
1826 3445 1930 3490 Act.
1953 3449 2096 3501 apost.
2122 3446 2190 3502 10,
2212 3446 2264 3489 4:
2309 3479 2330 3503 „
2346 3458 2442 3490 ora-

504 3517 650 3561 tiones
679 3521 787 3562 tuae
818 3522 864 3562 et
893 3520 1210 3578 eleemosynae
1247 3524 1354 3564 tuae
1396 3519 1747 3565 ascenderunt“.
1896 3518 1939 3562 4.
1978 3517 2082 3562 Act.
2106 3522 2249 3574 apost.
2273 3519 2342 3575 10,
2362 3519 2442 3563 47:

508 3590 769 3646 „Numquid
807 3604 970 3647 aquam
1001 3593 1101 3648 quis
1131 3592 1369 3649 prohibere
1399 3597 1571 3651 potest,
1611 3597 1663 3637 ut
1697 3605 1787 3638 non
1815 3591 2101 3648 baptizentur
2130 3590 2197 3648 hi,
2238 3591 2315 3648 qui
2345 3590 2443 3648 Spi-

503 3662 638 3705 ritum
669 3667 874 3707 sanctum
906 3666 1227 3721 acceperunt“.
