2722 4172
530 282 601 335 64
1036 295 1308 334 GREGonn
1345 295 1424 330 vn
1460 293 1723 331 REGISTRI
1758 296 1780 331 1
1805 295 1867 332 45.
1895 296 1955 332 46.

370 417 485 461 1074
529 412 775 467 ecclesiae
814 412 943 466 nihil
981 413 1028 466 ei
1064 412 1120 464 in
1157 415 1248 464 tua
1284 413 1541 481 potestate
1581 411 1824 479 denegari
1849 413 2065 482 patiaris
2094 418 2183 467 aut
2209 412 2460 481 subtrahi,

350 476 427 515 Im
451 479 497 515 31
528 526 622 563 nec
671 509 896 578 aliquam
943 508 1042 561 sibi
1089 507 1510 560 contrarietatem
1555 507 1742 577 faciaS,
1791 525 1885 578 per
1924 526 2105 579 quam,
2152 514 2210 563 ut
2259 509 2325 562 ad
2367 525 2461 562 nos

527 606 703 659 venire
751 621 856 657 non
901 603 1093 674 possit,
1142 603 1518 674 impedimenta
1564 603 1663 657 sibi
1713 603 1961 659 obsistere
2006 606 2198 659 iterum
2241 621 2462 673 conque-

526 706 687 755 ratur.
744 700 822 754 Eo
861 703 1035 753 autem
1059 703 1308 770 tempore,
1351 717 1451 769 quo
1478 700 1607 770 ipse,
1650 700 1784 753 sicut
1811 717 1904 771 per
1930 701 2205 771 epistolam
2229 704 2462 755 nostram

528 797 868 851 commonitus
909 799 1011 864 est,
1063 796 1404 866 apostolicam
1443 796 1617 850 sedem
1658 796 1801 850 adire
1842 797 2100 866 debuerit,
2152 802 2203 851 te
2243 814 2460 867 quoque,

528 893 573 946 si
618 891 732 946 fieri
776 895 978 962 posset,
1025 896 1352 962 praesentem
1400 893 1509 946 fore
1557 893 1786 947 maxime
1833 910 2154 963 cuperemus.
2233 893 2381 957 Quod
2418 893 2464 947 si

525 1006 699 1042 rerum
747 993 837 1042 aut
883 991 1176 1058 temporum
1216 993 1428 1042 eventus
1474 988 1827 1059 prohibuerit,
1875 989 2200 1043 nobilitatem
2238 994 2464 1043 vestram

524 1085 747 1138 multum
774 1085 1126 1153 admonemUS,
1151 1088 1210 1137 ut
1237 1085 1533 1154 episcopum
1556 1084 1916 1139 Moravensem
1941 1086 2292 1156 praesentiam
2317 1102 2466 1138 suam

523 1181 673 1235 nobis
700 1181 942 1235 exhibere
969 1181 1356 1250 commoneatiS,
1398 1185 1448 1234 et
1473 1186 1744 1251 praeterea
1770 1183 1832 1236 de
1858 1184 2043 1237 vestris
2069 1181 2306 1236 fidelibus
2332 1181 2463 1235 tales

527 1278 594 1331 ad
628 1295 722 1331 nos
761 1278 971 1331 nuntios
1010 1277 1273 1345 dirigatis,
1314 1294 1432 1331 cum
1471 1278 1655 1346 quibus
1695 1297 1872 1333 rerum
1911 1281 2131 1333 veritate
2171 1278 2349 1332 solerti
2384 1278 2465 1332 in-

526 1374 801 1443 dagatione
846 1374 1136 1445 perquisita
1182 1378 1233 1427 et
1281 1374 1507 1443 undique
1559 1376 1856 1446 explorata,
1905 1377 2110 1430 favente
2149 1376 2326 1429 divina
2363 1375 2465 1429 cle-

525 1471 721 1524 mentia
747 1488 923 1524 omnes
951 1470 1332 1523 dissensionum
1358 1487 1539 1525 causas
1569 1473 1832 1526 abscidere
1860 1478 1927 1541 et,
1964 1472 2215 1542 quidquid
2241 1488 2464 1540 aequum

525 1568 706 1636 fuerit,
759 1567 1102 1621 determinata
1158 1567 1414 1620 sententia
1471 1572 1697 1622 statuere
1748 1570 2030 1623 valeamus,
2120 1568 2258 1622 Data
2302 1567 2464 1621 Rome

528 1665 560 1718 2
596 1663 855 1717 Kalendas
893 1663 1181 1732 Februarii,
1219 1663 1503 1717 indictione
1543 1666 1625 1718 12.

526 1836 686 1897 146.
734 1839 1068 1897 Guilielmum
1104 1843 1144 1895 I
1192 1845 1423 1896 comitem
1469 1844 1815 1913 Buryundz'ae
1867 1823 2059 1908 monet,
2117 1853 2175 1894 ut
2230 1842 2465 1894 ecclesiae

730 1940 999 1992 Romanae
1038 1939 1236 1992 auxilio
1275 1942 1449 1993 veniat
1485 1941 1717 2010 aliosque
1753 1941 1825 1991 ad
1848 1941 1984 1991 idem
2005 1939 2317 2008 faciendum
2342 1939 2463 1991 hor-

729 2047 874 2089 tetur.
935 2036 1150 2088 Pacatis
1187 2036 1512 2089 Normannis
1526 2077 1540 2102 ,
1583 2037 1847 2089 subveniri
1883 2034 2464 2106 Constantinopolitanis

730 2143 909 2185 contra
949 2132 1240 2186 Saracenos
1280 2136 1436 2204 cupit.

368 2250 484 2295 1074
676 2241 955 2311 Gregorius
983 2244 1254 2314 episcopus
1282 2261 1460 2297 servus
1491 2260 1759 2296 servorum
1784 2241 1884 2294 Dei
1906 2240 2180 2294 Guilielmo
2197 2237 2210 2262 ¹
2227 2241 2464 2310 Burgun-

348 2312 455 2350 Febr'
478 2313 502 2348 2
531 2339 744 2393 dionum
782 2339 959 2393 comiti
997 2339 1218 2393 salutem
1259 2344 1310 2393 et
1349 2339 1690 2410 apostolicam
1727 2338 2151 2391 benedictionem.

674 2434 973 2490 Meminisse
998 2435 1137 2489 valet
1173 2436 1451 2506 prudentia
1478 2440 1664 2504 vestra,
1705 2451 1861 2504 quam
1898 2434 2046 2502 larga
2084 2432 2349 2487 affluentia
2386 2433 2464 2487 di-

528 2531 764 2587 lectionis
790 2532 1023 2585 Romana
1063 2531 1281 2586 ecclesia
1318 2532 1600 2586 valentiam
1627 2535 1852 2585 vestram
1893 2532 1999 2584 iam
2038 2530 2234 2583 dudum
2269 2530 2467 2600 recepit

530 2634 582 2684 et
619 2646 776 2699 quam
814 2629 1027 2700 speciali
1065 2629 1280 2682 caritate
1320 2634 1548 2683 vestram
1585 2628 1996 2682 familiaritatem
2034 2627 2230 2680 dilexit.
2285 2626 2465 2696 Neque

530 2726 669 2780 enim
707 2743 762 2780 se
801 2726 1046 2779 condecet
1084 2725 1318 2779 oblivisci
1354 2725 1733 2796 promissioniS,
1775 2742 1876 2794 qua
1900 2724 2012 2778 Deo
2052 2741 2106 2777 se
2133 2727 2253 2776 ante
2279 2740 2464 2793 corpus

531 2823 882 2894 apostolorum
925 2821 1177 2893 principis
1216 2820 1359 2875 Petri
1398 2853 1466 2858 ——
1506 2826 1781 2893 praesente
1819 2821 2104 2876 venerabili
2142 2824 2465 2873 antecessore

527 2924 705 2974 nostro
751 2919 1050 2972 Alexandro
1106 2935 1245 2988 papa
1304 2923 1354 2972 et
1402 2919 1657 2989 episcopis
1707 2919 1976 2972 abbatibus
2024 2917 2261 2987 plurimis
2311 2919 2463 2984 atque

529 3018 852 3071 diversarum
903 3016 1135 3083 gentium
1185 3015 1517 3068 multitudine
1566 3032 1786 3084 quarum
1831 3032 1936 3068 non
1987 3019 2065 3067 est
2110 3028 2354 3065 numerus
2393 3041 2462 3046 —-

530 3114 802 3182 obligavit:
842 3117 915 3181 ut,
958 3128 1278 3181 quacumque
1317 3111 1445 3164 hora
1481 3128 1690 3165 necesse
1728 3112 1926 3178 fuisset,
1967 3113 2140 3163 vestra
2175 3124 2359 3160 manus
2399 3107 2464 3160 ad

531 3211 882 3265 dimicandum
929 3226 1023 3279 pro
1064 3208 1360 3261 defensione
1399 3225 1574 3261 rerum
1614 3208 1779 3261 sancti
1815 3207 1958 3259 Petri
1995 3223 2099 3258 non
2138 3204 2366 3271 deesset,
2419 3204 2464 3256 si

533 3307 741 3377 quidem
765 3306 1020 3376 requisita
1043 3305 1242 3357 fuisset.
1302 3304 1466 3372 Unde,
1508 3321 1762 3358 memores
1789 3302 2073 3356 nobilitatis
2099 3305 2300 3353 vestrae
2324 3298 2461 3367 fidei,

531 3421 774 3471 rogamus
810 3407 863 3456 et
886 3384 1226 3456 'admonemus
1254 3401 1576 3454 strenuitatis
1602 3404 1805 3453 vestrae
1829 3397 2181 3468 prudentiam:
2211 3399 2462 3464 quatenus

532 3500 854 3569 praeparetis
893 3505 1097 3552 vestrae
1144 3497 1362 3550 militiae
1409 3496 1767 3550 fortitudinem
1814 3493 1879 3546 ad
1925 3491 2326 3546 succurrendum
2362 3491 2463 3544 Ro-

533 3611 718 3647 manae
757 3594 1000 3648 ecclesiae
1036 3594 1282 3662 libertati,
1325 3593 1534 3661 scilicet,
1576 3593 1621 3645 si
1657 3606 1864 3644 necesse
1901 3589 2074 3657 fuerit,
2113 3587 2332 3641 veniatis
2364 3587 2464 3640 huc

655 3703 693 3746 1.
725 3702 759 3745 Ι.
