2730 4198
835 273 1109 312 GREGORII
1147 275 1226 311 vn
1262 274 1528 313 REGIsrRI
1564 275 1663 312 vm
1691 274 1726 311 7.
1753 274 1790 312 8.
2177 262 2284 316 437

341 390 614 445 curitatem
657 422 725 428 —
767 392 925 460 sicut,
977 392 1040 446 de
1088 392 1264 446 divina
1312 391 1589 445 clementia
1635 390 1976 462 confidenteS‚
2024 392 2288 462 promitti·

338 503 455 541 mus
491 517 560 523 -—
596 487 834 558 proxime
873 487 1254 542 stabiliendam.

338 658 468 722 VIII
494 664 550 721 8.
602 665 804 735 AZfomo
855 666 1245 736 archiepiscopo
1297 664 1635 718 Salernitano
1685 665 1748 716 de
1794 683 2010 734 corpore
2057 665 2104 717 b.
2140 665 2284 719 Mat-

523 762 663 814 thaei
706 773 909 833 reperto
954 762 1269 831 qratulatur.
1329 761 1533 824 Monet,
1587 769 1646 812 ut
1685 759 1970 812 Robertum
2015 761 2196 813 ducem
2241 771 2286 814 et

525 860 632 910 eius
672 860 940 928 com‘uyem
979 859 1051 910 ad
1089 857 1358 910 colendum
1396 865 1631 908 sanctum
1669 855 1987 908 adhortetur.

486 966 766 1036 Gregorius
817 968 1090 1037 episcopus
1139 982 1319 1019 servus
1368 981 1636 1018 servorum
1675 963 1775 1018 Dei
1823 964 1975 1018 fratri
2023 968 2075 1018 et
2112 966 2285 1036 coepi-

337 1081 492 1135 scopo
535 1063 861 1118 Salernitano
891 1063 1083 1116 Alfano
1123 1061 1343 1115 salutem
1385 1064 1437 1114 et
1474 1059 1813 1131 apostolicam
1851 1060 2281 1115 benedictionem.

484 1161 708 1214 Divinae
746 1160 957 1230 pietatis
995 1157 1256 1228 respectui
1294 1157 1488 1225 gratias
1528 1157 1766 1225 ingentes
1803 1157 2096 1226 referimus,
2136 1158 2283 1211 cuius

336 1257 570 1325 dignatio
618 1256 921 1309 thesaurum
966 1271 1214 1322 magnum
1252 1253 1451 1322 totique
1490 1253 1684 1306 mundo
1722 1253 2053 1323 profuturum
2090 1254 2283 1308 nostris

334 1353 658 1423 temporibus
697 1350 1106 1404 misericorditer
1142 1349 1409 1404 revelavit.
1468 1349 1587 1403 Non
1623 1349 1887 1402 immerito
1926 1353 2047 1403 tuae
2079 1366 2283 1419 quoque

335 1449 601 1503 dilectioni
656 1446 1005 1515 gratulamur,
1066 1464 1198 1516 quae
1252 1451 1429 1500 tantae
1476 1445 1733 1514 laetitiae,
1792 1445 2007 1499 coelitus
2054 1462 2112 1500 re
2157 1463 2284 1500 vera

334 1549 600 1612 ostensae,
647 1543 931 1614 participes
979 1560 1074 1596 nos
1125 1542 1328 1596 efficere
1375 1542 1593 1596 sollicite
1631 1541 1948 1612 procuravit.
2009 1540 2281 1595 Credimus

334 1640 592 1710 siquidem
632 1643 684 1693 01
721 1640 1084 1692 incunctanter
1124 1639 1431 1692 asserimus:
1474 1639 1536 1692 de
1563 1638 1697 1691 tanti
1723 1638 1956 1708 corporis
1981 1638 2282 1692 inventione

332 1754 438 1790 non
476 1736 645 1790 solum
682 1737 855 1806 ipsum
892 1735 1102 1788 beatum
1129 1734 1396 1788 Matheum
1426 1735 1719 1804 apostolum
1756 1751 1939 1788 verum
1970 1734 2128 1787 etiam
2165 1750 2281 1788 cae-

332 1837 472 1886 teros
513 1831 837 1902 coapostolos
877 1847 994 1885 cum
1034 1831 1227 1884 sanctis
1269 1830 1507 1884 omnibus
1546 1831 1779 1901 ipsisque
1818 1829 2093 1885 celestibus
2125 1830 2281 1900 spiri-

333 1929 472 1983 tibus
511 1933 563 1982 et
600 1927 825 1996 gloriosa
853 1926 953 1980 Dei
990 1927 1240 1995 genitrice
1266 1926 1435 1980 Maria
1471 1927 1779 1980 mortalibus
1818 1926 2160 1995 congaudere,
2201 1929 2279 1980 at-

335 2043 433 2095 que
470 2026 707 2095 ipsorum
745 2024 978 2077 omnium
1017 2023 1190 2076 studia
1228 2023 1367 2077 circa
1402 2023 1689 2076 humanum
1727 2040 1889 2091 genus
1920 2022 2018 2076 hoc
2043 2026 2279 2093 tempore

333 2138 487 2190 quam
530 2121 645 2174 aliis
683 2119 847 2173 multo
886 2120 1228 2189 propensiora
1256 2119 1580 2188 multumque
1612 2136 1723 2173 0880
1751 2119 2167 2173 exuberantiora.
2222 2117 2279 2173 Si

331 2218 471 2271 enim
511 2216 729 2270 caeteris
768 2216 1090 2285 temporibus
1131 2219 1429 2269 sanctorum
1467 2232 1562 2269 nos
1599 2215 1892 2285 patrocinia
1931 2214 2020 2285 pia
2056 2232 2162 2269 non
2189 2215 2277 2270 de-

330 2315 526 2381 serunt,
566 2312 854 2366 certissime
892 2316 1017 2365 tunc
1054 2311 1387 2381 potissimum
1421 2311 1682 2381 speranda
1709 2315 1830 2364 sunt
1855 2328 2036 2365 eorum
2063 2311 2276 2380 auxilia,

329 2425 447 2462 cum
494 2408 825 2462 sanctissima
873 2407 1108 2477 ipsorum
1157 2424 1378 2478 corpora
1423 2407 1573 2461 nobis
1624 2407 1774 2476 quasi
1821 2407 2057 2480 rediviva
2097 2407 2274 2461 divino

327 2508 459 2559 nutu
496 2504 921 2571 manifestantur3
962 2508 1014 2557 et
1052 2504 1187 2558 sicut
1215 2520 1310 2574 per
1336 2503 1573 2574 corporei
1600 2508 1840 2574 aspectus
1865 2503 2113 2557 intuitum
2141 2506 2275 2557 tam-

330 2617 486 2670 quam
505 2599 632 2654 fides
654 2600 898 2668 0011111111,
920 2600 1120 2670 species
1143 2600 1332 2653 animi¹²
1345 2603 1566 2668 tenetur,
1587 2600 1662 2654 ita
1681 2617 1860 2654 eorum
1879 2598 2131 2654 beneficia
2149 2603 2275 2654 111110

329 2714 453 2765 erga
480 2697 692 2749 devotos
717 2696 959 2749 renovari
983 2696 1298 2765 uberiusque
1323 2696 1615 2750 redundare
1643 2696 1958 2751 credendum
1985 2701 2078 2751 081.
2124 2696 2274 2751 Unde

328 2792 489 2847 etiam
528 2796 707 2846 sancta
743 2791 1052 2845 universalis
1092 2792 1357 2861 aecclesia,
1398 2792 1595 2845 dudum
1629 2793 1834 2860 magnis
1861 2793 2156 2848 turbinibus
2181 2812 2273 2848 va-

326 2889 522 2957 riisque
568 2891 940 2958 tempestatum
986 2888 1229 2957 procellis
1275 2888 1526 2958 impulsa,
1575 2888 1856 2942 clamorem
1904 2907 2054 2943 suum
2095 2907 2126 2943 a
2163 2890 2272 2944 Do-

325 2985 467 3038 mino
507 2984 811 3038 exauditum
849 3000 952 3037 non
993 2983 1220 3050 dubitet3
1263 2984 1380 3053 sed,
1422 2984 1488 3037 ad
1529 2984 1691 3053 quieti
1726 2984 1896 3038 litoris
1936 2985 2270 3040 securitatem

327 3080 524 3134 alacres
563 3080 736 3135 oculos
778 3097 804 3133 e
842 3080 1014 3133 vicino
1052 3080 1352 3148 111101111οῃ8,
1399 3079 1537 3134 beati
1575 3079 1772 3134 Mathei
1811 3081 2034 3151 apostoli
2069 3082 2275 3151 praesi-.

327 3177 469 3230 dium
507 3177 657 3230 iuxta
694 3176 1096 3246 contempletur3
1140 3176 1386 3245 quoniam
1410 3176 1518 3229 iam
1555 3192 1694 3229 nunc
1730 3193 1836 3230 non
1876 3176 2030 3231 dubie
2071 3177 2180 3245 agit
2213 3177 2269 3231 in

324 3275 496 3342 portu,
536 3273 619 3326 cui
657 3290 806 3326 suam
843 3272 1195 3351 praesentiam
1224 3272 1451 3325 ostendit
1476 3272 1792 3340 gubernator
1818 3273 2078 3341 antiquus,
2132 3272 2268 3337 Qua-

323 3371 540 3438 propter
586 3369 650 3422 de
697 3369 834 3422 tanti
880 3369 1111 3423 thesauri
1154 3367 1472 3422 revelatione
1510 3372 1602 3421 tua
1637 3367 1940 3422 fraternitas
1979 3368 2177 3424 exultet
2212 3370 2268 3423 in

323 3462 577 3531 Domin03
628 3468 704 3533 01,
744 3465 1074 3519 beatissimas
1112 3464 1359 3534 reliquias
1399 3463 1571 3518 debite
1609 3464 1960 3518 venerationis
2005 3465 2267 3534 obsequiis

325 3558 493 3626 dignis
533 3560 866 3631 amplectenS‚
906 3561 1188 3629 gloriosum
1223 3560 1406 3614 ducem
1430 3559 1756 3628 R(obertum)
1775 3557 1787 3581 ¹
1810 3561 2080 3631 ipsiusque
2117 3561 2266 3615 nobi-

442 3668 483 3710 1.
516 3666 827 3712 Guiscardum.
1207 3689 1238 3716 a.
1268 3678 1414 3726 specics
1441 3677 1554 3715 animi
1580 3680 1717 3727 scripsi
1737 3692 1806 3727 pro
1835 3689 1923 3727 spes
1949 3678 2024 3716 iam
2051 3693 2084 3718 c.

2319 399 2434 444 1080

2348 976 2463 1019 1080

2315 1035 2419 1084 Sept.
2439 1036 2486 1074 18
