<?xml version="1.0" encoding="UTF-8"?>
<!DOCTYPE html PUBLIC "-//W3C//DTD XHTML 1.0 Transitional//EN"
    "http://www.w3.org/TR/xhtml1/DTD/xhtml1-transitional.dtd">
<html xmlns="http://www.w3.org/1999/xhtml" xml:lang="en" lang="en">
 <head>
  <title>
</title>
<meta http-equiv="Content-Type" content="text/html;charset=utf-8" />
  <meta name='ocr-system' content='tesseract 3.04.00' />
  <meta name='ocr-capabilities' content='ocr_page ocr_carea ocr_par ocr_line ocrx_word'/>
</head>
<body>
  <div class='ocr_page' id='page_1' title='image "bibliothecarerum02wattuoft_0448.png"; bbox 0 0 2730 4198; ppageno 0'>
   <div class='ocr_carea' id='block_1_1' title="bbox 351 408 465 452">
    <p class='ocr_par' dir='ltr' id='par_1_1' title="bbox 351 408 465 452">
     <span class='ocr_line' id='line_1_1' title="bbox 351 408 465 452; baseline 0 0"><span class='ocrx_word' id='word_1_1' title='bbox 351 408 465 452; x_wconf 91' lang='grc'>1080</span> 
     </span>
    </p>
   </div>
   <div class='ocr_carea' id='block_1_2' title="bbox 309 468 507 506">
    <p class='ocr_par' dir='ltr' id='par_1_2' title="bbox 309 468 507 506">
     <span class='ocr_line' id='line_1_2' title="bbox 309 468 507 506; baseline 0.005 -1"><span class='ocrx_word' id='word_1_2' title='bbox 309 479 341 505; x_wconf 86' lang='lat' dir='ltr'>c.</span> <span class='ocrx_word' id='word_1_3' title='bbox 360 468 440 506; x_wconf 86' lang='lat' dir='ltr'>Iun.</span> <span class='ocrx_word' id='word_1_4' title='bbox 459 469 507 506; x_wconf 85' lang='grc'>27</span> 
     </span>
    </p>
   </div>
   <div class='ocr_carea' id='block_1_3' title="bbox 350 949 464 992">
    <p class='ocr_par' dir='ltr' id='par_1_3' title="bbox 350 949 464 992">
     <span class='ocr_line' id='line_1_3' title="bbox 350 949 464 992; baseline 0 0"><span class='ocrx_word' id='word_1_5' title='bbox 350 949 464 992; x_wconf 86' lang='grc'>1080</span> 
     </span>
    </p>
   </div>
   <div class='ocr_carea' id='block_1_4' title="bbox 539 273 2003 326">
    <p class='ocr_par' dir='ltr' id='par_1_4' title="bbox 539 273 2003 326">
     <span class='ocr_line' id='line_1_4' title="bbox 539 273 2003 326; baseline -0.005 0"><span class='ocrx_word' id='word_1_6' title='bbox 539 273 648 326; x_wconf 86' lang='grc'>432</span> <span class='ocrx_word' id='word_1_7' title='bbox 1022 285 1296 324; x_wconf 79' lang='lat' dir='ltr'>GREGORII</span> <span class='ocrx_word' id='word_1_8' title='bbox 1336 284 1412 321; x_wconf 85' lang='lat' dir='ltr'>vn</span> <span class='ocrx_word' id='word_1_9' title='bbox 1449 282 1714 321; x_wconf 76' lang='lat' dir='ltr'>REGISTm</span> <span class='ocrx_word' id='word_1_10' title='bbox 1751 283 1850 320; x_wconf 87' lang='lat' dir='ltr'>vm</span> <span class='ocrx_word' id='word_1_11' title='bbox 1877 282 2003 319; x_wconf 87' lang='lat'>3—5.</span> 
     </span>
    </p>
   </div>
   <div class='ocr_carea' id='block_1_5' title="bbox 539 398 2479 565">
    <p class='ocr_par' dir='ltr' id='par_1_5' title="bbox 539 398 2479 565">
     <span class='ocr_line' id='line_1_5' title="bbox 539 398 2479 477; baseline -0.002 -19"><span class='ocrx_word' id='word_1_12' title='bbox 539 403 680 458; x_wconf 91' lang='lat' dir='ltr'>Deus</span> <span class='ocrx_word' id='word_1_13' title='bbox 729 408 900 456; x_wconf 89' lang='lat' dir='ltr'>autem</span> <span class='ocrx_word' id='word_1_14' title='bbox 949 401 1276 470; x_wconf 89' lang='lat' dir='ltr'>omnipotens</span> <span class='ocrx_word' id='word_1_15' title='bbox 1323 415 1416 452; x_wconf 89' lang='lat' dir='ltr'>nos</span> <span class='ocrx_word' id='word_1_16' title='bbox 1466 398 1529 452; x_wconf 91' lang='lat' dir='ltr'>de</span> <span class='ocrx_word' id='word_1_17' title='bbox 1575 402 1666 451; x_wconf 88' lang='lat' dir='ltr'>tua</span> <span class='ocrx_word' id='word_1_18' title='bbox 1713 398 2029 452; x_wconf 89' lang='lat' dir='ltr'>correctione</span> <span class='ocrx_word' id='word_1_19' title='bbox 2075 399 2177 452; x_wconf 93' lang='lat' dir='ltr'>cito</span> <span class='ocrx_word' id='word_1_20' title='bbox 2225 399 2479 477; x_wconf 84' lang='lat' dir='ltr'>exilarare</span> 
     </span>
     <span class='ocr_line' id='line_1_6' title="bbox 540 495 1237 565; baseline -0.006 -13"><span class='ocrx_word' id='word_1_21' title='bbox 540 498 795 565; x_wconf 79' lang='lat' dir='ltr'>dignetur,</span> <span class='ocrx_word' id='word_1_22' title='bbox 835 496 1109 549; x_wconf 80' lang='lat' dir='ltr'><strong>karissime</strong></span> <span class='ocrx_word' id='word_1_23' title='bbox 1148 495 1237 548; x_wconf 90' lang='lat' dir='ltr'>fili.</span> 
     </span>
    </p>
   </div>
   <div class='ocr_carea' id='block_1_6' title="bbox 540 643 2480 893">
    <p class='ocr_par' dir='ltr' id='par_1_6' title="bbox 540 643 2480 893">
     <span class='ocr_line' id='line_1_7' title="bbox 540 643 2478 720; baseline -0.003 -15"><span class='ocrx_word' id='word_1_24' title='bbox 540 643 667 706; x_wconf 84' lang='lat' dir='ltr'>VIII</span> <span class='ocrx_word' id='word_1_25' title='bbox 692 647 750 704; x_wconf 89' lang='lat'>4.</span> <span class='ocrx_word' id='word_1_26' title='bbox 803 649 1126 702; x_wconf 75' lang='lat' dir='ltr'>Richardum</span> <span class='ocrx_word' id='word_1_27' title='bbox 1165 650 1389 720; x_wconf 69' lang='lat' dir='ltr'>leqatum</span> <span class='ocrx_word' id='word_1_28' title='bbox 1427 667 1595 713; x_wconf 67' lang='lat' dir='ltr'>suunt,</span> <span class='ocrx_word' id='word_1_29' title='bbox 1640 649 1974 717; x_wconf 69' lang='lat' dir='ltr'>eoesequendis</span> <span class='ocrx_word' id='word_1_30' title='bbox 2013 650 2276 701; x_wconf 71' lang='lat' dir='ltr'>mandatis</span> <span class='ocrx_word' id='word_1_31' title='bbox 2315 651 2478 720; x_wconf 80' lang='lat' dir='ltr'>impe-</span> 
     </span>
     <span class='ocr_line' id='line_1_8' title="bbox 723 742 2480 816; baseline -0.001 -19"><span class='ocrx_word' id='word_1_32' title='bbox 723 747 910 810; x_wconf 80' lang='lat' dir='ltr'>ditum,</span> <span class='ocrx_word' id='word_1_33' title='bbox 961 747 1032 797; x_wconf 80' lang='lat' dir='ltr'>acl</span> <span class='ocrx_word' id='word_1_34' title='bbox 1075 747 1515 816; x_wconf 72' lang='lat' dir='ltr'>perseverantiam</span> <span class='ocrx_word' id='word_1_35' title='bbox 1562 744 1816 796; x_wconf 73' lang='lat' dir='ltr'>hortatur.</span> <span class='ocrx_word' id='word_1_36' title='bbox 1880 743 2157 812; x_wconf 71' lang='lat' dir='ltr'>Siynisicat</span> <span class='ocrx_word' id='word_1_37' title='bbox 2195 746 2256 796; x_wconf 80' lang='lat' dir='ltr'>de</span> <span class='ocrx_word' id='word_1_38' title='bbox 2297 742 2480 797; x_wconf 72' lang='lat' dir='ltr'>litteris</span> 
     </span>
     <span class='ocr_line' id='line_1_9' title="bbox 722 839 1716 893; baseline -0.003 0"><span class='ocrx_word' id='word_1_39' title='bbox 722 842 794 893; x_wconf 80' lang='lat' dir='ltr'>ad</span> <span class='ocrx_word' id='word_1_40' title='bbox 831 841 1063 893; x_wconf 76' lang='lat' dir='ltr'><strong><em>abbatem</em></strong></span> <span class='ocrx_word' id='word_1_41' title='bbox 1102 839 1488 893; x_wconf 68' lang='lat' dir='ltr'>Cluniacencem</span> <span class='ocrx_word' id='word_1_42' title='bbox 1528 842 1716 891; x_wconf 73' lang='lat' dir='ltr'>missis.</span> 
     </span>
    </p>
   </div>
   <div class='ocr_carea' id='block_1_7' title="bbox 687 937 2482 1012">
    <p class='ocr_par' dir='ltr' id='par_1_7' title="bbox 687 937 2482 1012">
     <span class='ocr_line' id='line_1_10' title="bbox 687 937 2482 1012; baseline -0.001 -16"><span class='ocrx_word' id='word_1_43' title='bbox 687 941 965 1010; x_wconf 79' lang='lat' dir='ltr'>Gregorius</span> <span class='ocrx_word' id='word_1_44' title='bbox 1011 943 1284 1012; x_wconf 91' lang='lat' dir='ltr'>episcopus</span> <span class='ocrx_word' id='word_1_45' title='bbox 1325 959 1504 995; x_wconf 90' lang='lat' dir='ltr'>servus</span> <span class='ocrx_word' id='word_1_46' title='bbox 1545 958 1814 994; x_wconf 88' lang='lat' dir='ltr'>servorum</span> <span class='ocrx_word' id='word_1_47' title='bbox 1853 940 1952 994; x_wconf 93' lang='lat' dir='ltr'>Dei</span> <span class='ocrx_word' id='word_1_48' title='bbox 1991 937 2290 994; x_wconf 76' lang='lat' dir='ltr'>Richardo¹&#39;</span> <span class='ocrx_word' id='word_1_49' title='bbox 2313 940 2482 994; x_wconf 89' lang='lat' dir='ltr'>karis-</span> 
     </span>
    </p>
   </div>
   <div class='ocr_carea' id='block_1_8' title="bbox 308 1010 579 1050">
    <p class='ocr_par' dir='ltr' id='par_1_8' title="bbox 308 1010 579 1050">
     <span class='ocr_line' id='line_1_11' title="bbox 308 1010 579 1050; baseline 0 -4"><span class='ocrx_word' id='word_1_50' title='bbox 308 1021 339 1046; x_wconf 80' lang='grc' dir='ltr'>ο.</span> <span class='ocrx_word' id='word_1_51' title='bbox 359 1010 437 1046; x_wconf 89' lang='lat' dir='ltr'>Iun.</span> <span class='ocrx_word' id='word_1_52' title='bbox 458 1010 506 1046; x_wconf 90' lang='grc'>27</span> <span class='ocrx_word' id='word_1_53' title='bbox 569 1038 579 1050; x_wconf 91' lang='grc'><strong>.</strong></span> 
     </span>
    </p>
   </div>
   <div class='ocr_carea' id='block_1_9' title="bbox 377 3232 506 3329">
    <p class='ocr_par' dir='ltr' id='par_1_9' title="bbox 377 3232 506 3329">
     <span class='ocr_line' id='line_1_12' title="bbox 382 3232 497 3275; baseline -0.009 0"><span class='ocrx_word' id='word_1_54' title='bbox 382 3232 497 3275; x_wconf 86' lang='grc'>1080</span> 
     </span>
     <span class='ocr_line' id='line_1_13' title="bbox 377 3292 506 3329; baseline -0.008 0"><span class='ocrx_word' id='word_1_55' title='bbox 377 3292 442 3329; x_wconf 88' lang='lat' dir='ltr'>Iul.</span> <span class='ocrx_word' id='word_1_56' title='bbox 464 3294 506 3329; x_wconf 86' lang='lat'>21</span> 
     </span>
    </p>
   </div>
   <div class='ocr_carea' id='block_1_10' title="bbox 535 1037 2510 2924">
    <p class='ocr_par' dir='ltr' id='par_1_10' title="bbox 539 1037 2350 1108">
     <span class='ocr_line' id='line_1_14' title="bbox 539 1037 2350 1108; baseline -0.001 -17"><span class='ocrx_word' id='word_1_57' title='bbox 539 1055 670 1092; x_wconf 92' lang='lat' dir='ltr'>s1mo</span> <span class='ocrx_word' id='word_1_58' title='bbox 708 1037 814 1091; x_wconf 91' lang='lat' dir='ltr'>filio</span> <span class='ocrx_word' id='word_1_59' title='bbox 855 1038 1077 1091; x_wconf 88' lang='lat' dir='ltr'>salutem</span> <span class='ocrx_word' id='word_1_60' title='bbox 1117 1042 1168 1091; x_wconf 92' lang='lat' dir='ltr'>et</span> <span class='ocrx_word' id='word_1_61' title='bbox 1207 1038 1545 1108; x_wconf 88' lang='lat' dir='ltr'>apostolicam</span> <span class='ocrx_word' id='word_1_62' title='bbox 1585 1037 2014 1090; x_wconf 76' lang='lat' dir='ltr'>benedictionem.</span> <span class='ocrx_word' id='word_1_63' title='bbox 2348 1104 2350 1107; x_wconf 10' lang='grc' dir='ltr'><strong>Υ</strong></span> 
     </span>
    </p>

    <p class='ocr_par' dir='ltr' id='par_1_11' title="bbox 535 1132 2510 2924">
     <span class='ocr_line' id='line_1_15' title="bbox 687 1132 2481 1202; baseline -0.001 -16"><span class='ocrx_word' id='word_1_64' title='bbox 687 1132 817 1197; x_wconf 82' lang='lat' dir='ltr'>Quia</span> <span class='ocrx_word' id='word_1_65' title='bbox 854 1133 1029 1186; x_wconf 87' lang='lat' dir='ltr'>missis</span> <span class='ocrx_word' id='word_1_66' title='bbox 1067 1134 1256 1187; x_wconf 87' lang='lat' dir='ltr'>litteris</span> <span class='ocrx_word' id='word_1_67' title='bbox 1288 1132 1589 1201; x_wconf 85' lang='lat' dir='ltr'>significasti</span> <span class='ocrx_word' id='word_1_68' title='bbox 1618 1132 1784 1200; x_wconf 81' lang='lat' dir='ltr'>nobiS‚</span> <span class='ocrx_word' id='word_1_69' title='bbox 1827 1133 2095 1200; x_wconf 87' lang='lat' dir='ltr'>antiquum</span> <span class='ocrx_word' id='word_1_70' title='bbox 2124 1132 2324 1200; x_wconf 83' lang='lat' dir='ltr'>hostem</span> <span class='ocrx_word' id='word_1_71' title='bbox 2353 1149 2481 1202; x_wconf 89' lang='lat' dir='ltr'>opus</span> 
     </span>
     <span class='ocr_line' id='line_1_16' title="bbox 538 1220 2482 1298; baseline -0.001 -16"><span class='ocrx_word' id='word_1_72' title='bbox 538 1234 702 1297; x_wconf 79' lang='lat' dir='ltr'>tuum,</span> <span class='ocrx_word' id='word_1_73' title='bbox 743 1228 810 1281; x_wconf 92' lang='lat' dir='ltr'>ad</span> <span class='ocrx_word' id='word_1_74' title='bbox 845 1230 1126 1283; x_wconf 78' lang='lat' dir='ltr'>utilitatem</span> <span class='ocrx_word' id='word_1_75' title='bbox 1158 1230 1494 1282; x_wconf 77' lang='lat' dir='ltr'>christianam</span> <span class='ocrx_word' id='word_1_76' title='bbox 1524 1246 1587 1282; x_wconf 83' lang='lat' dir='ltr'>ex</span> <span class='ocrx_word' id='word_1_77' title='bbox 1614 1234 1789 1298; x_wconf 77' lang='lat' dir='ltr'>parte‘·</span> <span class='ocrx_word' id='word_1_78' title='bbox 1818 1229 2088 1296; x_wconf 78' lang='lat' dir='ltr'>directum,</span> <span class='ocrx_word' id='word_1_79' title='bbox 2128 1220 2223 1298; x_wconf 85' lang='lat' dir='ltr'>per</span> <span class='ocrx_word' id='word_1_80' title='bbox 2248 1228 2482 1282; x_wconf 88' lang='lat' dir='ltr'>membra</span> 
     </span>
     <span class='ocr_line' id='line_1_17' title="bbox 539 1318 2483 1398; baseline 0.002 -22"><span class='ocrx_word' id='word_1_81' title='bbox 539 1341 634 1377; x_wconf 90' lang='lat' dir='ltr'>sua</span> <span class='ocrx_word' id='word_1_82' title='bbox 659 1341 763 1377; x_wconf 89' lang='lat' dir='ltr'>non</span> <span class='ocrx_word' id='word_1_83' title='bbox 791 1330 997 1393; x_wconf 88' lang='lat' dir='ltr'>praeter</span> <span class='ocrx_word' id='word_1_84' title='bbox 1036 1325 1247 1378; x_wconf 92' lang='lat' dir='ltr'>solitum</span> <span class='ocrx_word' id='word_1_85' title='bbox 1273 1325 1570 1395; x_wconf 75' lang='lat' dir='ltr'>impedisse,</span> <span class='ocrx_word' id='word_1_86' title='bbox 1601 1341 1660 1377; x_wconf 92' lang='lat' dir='ltr'>ac</span> <span class='ocrx_word' id='word_1_87' title='bbox 1686 1342 1779 1394; x_wconf 91' lang='lat' dir='ltr'>per</span> <span class='ocrx_word' id='word_1_88' title='bbox 1806 1324 1902 1377; x_wconf 92' lang='lat' dir='ltr'>hoc</span> <span class='ocrx_word' id='word_1_89' title='bbox 1927 1325 2311 1378; x_wconf 84' lang='lat' dir='ltr'>fraternitatem</span> <span class='ocrx_word' id='word_1_90' title='bbox 2337 1318 2483 1398; x_wconf 82' lang='lat' dir='ltr'>tuam</span> 
     </span>
     <span class='ocr_line' id='line_1_18' title="bbox 538 1419 2483 1492; baseline 0.002 -21"><span class='ocrx_word' id='word_1_91' title='bbox 538 1419 808 1472; x_wconf 87' lang='lat' dir='ltr'>tristitiam</span> <span class='ocrx_word' id='word_1_92' title='bbox 856 1420 1073 1473; x_wconf 90' lang='lat' dir='ltr'>nimiam</span> <span class='ocrx_word' id='word_1_93' title='bbox 1120 1420 1425 1488; x_wconf 80' lang='lat' dir='ltr'>incurrisse,</span> <span class='ocrx_word' id='word_1_94' title='bbox 1476 1437 1569 1473; x_wconf 88' lang='lat' dir='ltr'>nos</span> <span class='ocrx_word' id='word_1_95' title='bbox 1619 1437 1847 1489; x_wconf 80' lang='lat' dir='ltr'>quoque,</span> <span class='ocrx_word' id='word_1_96' title='bbox 1898 1420 1993 1473; x_wconf 92' lang='lat' dir='ltr'>tibi</span> <span class='ocrx_word' id='word_1_97' title='bbox 2042 1421 2227 1474; x_wconf 91' lang='lat' dir='ltr'>merito</span> <span class='ocrx_word' id='word_1_98' title='bbox 2274 1437 2483 1492; x_wconf 85' lang='lat' dir='ltr'>compa-</span> 
     </span>
     <span class='ocr_line' id='line_1_19' title="bbox 538 1495 2483 1582; baseline 0.001 -15"><span class='ocrx_word' id='word_1_99' title='bbox 538 1514 752 1582; x_wconf 81' lang='lat' dir='ltr'>tienteS,</span> <span class='ocrx_word' id='word_1_100' title='bbox 804 1515 986 1568; x_wconf 91' lang='lat' dir='ltr'>eodem</span> <span class='ocrx_word' id='word_1_101' title='bbox 1026 1519 1198 1568; x_wconf 89' lang='lat' dir='ltr'>tecum</span> <span class='ocrx_word' id='word_1_102' title='bbox 1238 1504 1494 1568; x_wconf 87' lang='lat' dir='ltr'>afficimur</span> <span class='ocrx_word' id='word_1_103' title='bbox 1533 1533 1752 1568; x_wconf 89' lang='lat' dir='ltr'>merore.</span> <span class='ocrx_word' id='word_1_104' title='bbox 1814 1515 1917 1569; x_wconf 83' lang='lat' dir='ltr'>Sed</span> <span class='ocrx_word' id='word_1_105' title='bbox 1957 1533 2072 1569; x_wconf 93' lang='lat' dir='ltr'>cum</span> <span class='ocrx_word' id='word_1_106' title='bbox 2113 1516 2363 1570; x_wconf 90' lang='lat' dir='ltr'>memorie</span> <span class='ocrx_word' id='word_1_107' title='bbox 2401 1495 2483 1570; x_wconf 84' lang='lat' dir='ltr'>re-</span> 
     </span>
     <span class='ocr_line' id='line_1_20' title="bbox 538 1609 2510 1680; baseline 0.002 -18"><span class='ocrx_word' id='word_1_108' title='bbox 538 1609 759 1677; x_wconf 75' lang='lat' dir='ltr'>ducitur,</span> <span class='ocrx_word' id='word_1_109' title='bbox 811 1614 1005 1679; x_wconf 90' lang='lat' dir='ltr'>quanta</span> <span class='ocrx_word' id='word_1_110' title='bbox 1044 1617 1096 1664; x_wconf 89' lang='lat' dir='ltr'>et</span> <span class='ocrx_word' id='word_1_111' title='bbox 1133 1611 1308 1679; x_wconf 91' lang='lat' dir='ltr'>qualia</span> <span class='ocrx_word' id='word_1_112' title='bbox 1349 1611 1588 1680; x_wconf 86' lang='lat' dir='ltr'>apostoli,</span> <span class='ocrx_word' id='word_1_113' title='bbox 1630 1628 1951 1665; x_wconf 88' lang='lat' dir='ltr'>successores</span> <span class='ocrx_word' id='word_1_114' title='bbox 1993 1612 2150 1665; x_wconf 89' lang='lat' dir='ltr'>etiam</span> <span class='ocrx_word' id='word_1_115' title='bbox 2191 1630 2388 1680; x_wconf 78' lang='lat' dir='ltr'>eorum,</span> <span class='ocrx_word' id='word_1_116' title='bbox 2427 1613 2510 1667; x_wconf 75' lang='lat' dir='ltr'>in¹</span> 
     </span>
     <span class='ocr_line' id='line_1_21' title="bbox 538 1694 2485 1786; baseline 0.001 -27"><span class='ocrx_word' id='word_1_117' title='bbox 538 1703 861 1759; x_wconf 89' lang='lat' dir='ltr'>edificatione</span> <span class='ocrx_word' id='word_1_118' title='bbox 914 1706 1242 1759; x_wconf 86' lang='lat' dir='ltr'>fundamenti</span> <span class='ocrx_word' id='word_1_119' title='bbox 1298 1706 1575 1759; x_wconf 89' lang='lat' dir='ltr'>aecclesiae</span> <span class='ocrx_word' id='word_1_120' title='bbox 1626 1708 1816 1776; x_wconf 87' lang='lat' dir='ltr'>partim</span> <span class='ocrx_word' id='word_1_121' title='bbox 1870 1725 1899 1759; x_wconf 95' lang='lat' dir='ltr'>a</span> <span class='ocrx_word' id='word_1_122' title='bbox 1945 1708 2161 1777; x_wconf 87' lang='lat' dir='ltr'>paganis</span> <span class='ocrx_word' id='word_1_123' title='bbox 2211 1694 2426 1786; x_wconf 20' lang='lat' dir='ltr'>par-tim⁴</span> <span class='ocrx_word' id='word_1_124' title='bbox 2453 1725 2485 1762; x_wconf 87' lang='lat' dir='ltr'>a</span> 
     </span>
     <span class='ocr_line' id='line_1_22' title="bbox 536 1783 2484 1872; baseline 0.003 -19"><span class='ocrx_word' id='word_1_125' title='bbox 536 1800 682 1854; x_wconf 85' lang='lat' dir='ltr'>falsis</span> <span class='ocrx_word' id='word_1_126' title='bbox 723 1800 1020 1855; x_wconf 88' lang='lat' dir='ltr'>christianis</span> <span class='ocrx_word' id='word_1_127' title='bbox 1060 1803 1165 1854; x_wconf 89' lang='lat' dir='ltr'>sint</span> <span class='ocrx_word' id='word_1_128' title='bbox 1203 1802 1360 1871; x_wconf 77' lang='lat' dir='ltr'>passi,</span> <span class='ocrx_word' id='word_1_129' title='bbox 1415 1802 1477 1854; x_wconf 87' lang='lat' dir='ltr'>de</span> <span class='ocrx_word' id='word_1_130' title='bbox 1515 1802 1876 1855; x_wconf 85' lang='lat' dir='ltr'>misericordia</span> <span class='ocrx_word' id='word_1_131' title='bbox 1913 1802 2126 1855; x_wconf 89' lang='lat' dir='ltr'>Domini</span> <span class='ocrx_word' id='word_1_132' title='bbox 2165 1797 2362 1872; x_wconf 83' lang='lat' dir='ltr'>confisi,</span> <span class='ocrx_word' id='word_1_133' title='bbox 2402 1783 2484 1858; x_wconf 81' lang='lat' dir='ltr'>re-</span> 
     </span>
     <span class='ocr_line' id='line_1_23' title="bbox 539 1897 2484 1968; baseline 0.002 -18"><span class='ocrx_word' id='word_1_134' title='bbox 539 1897 791 1950; x_wconf 88' lang='lat' dir='ltr'>sumimus</span> <span class='ocrx_word' id='word_1_135' title='bbox 830 1898 984 1966; x_wconf 82' lang='lat' dir='ltr'>vireS,</span> <span class='ocrx_word' id='word_1_136' title='bbox 1024 1898 1272 1951; x_wconf 89' lang='lat' dir='ltr'>victoriae</span> <span class='ocrx_word' id='word_1_137' title='bbox 1310 1898 1636 1968; x_wconf 89' lang='lat' dir='ltr'>triumphum</span> <span class='ocrx_word' id='word_1_138' title='bbox 1662 1898 1968 1968; x_wconf 89' lang='lat' dir='ltr'>plenissima</span> <span class='ocrx_word' id='word_1_139' title='bbox 1993 1898 2184 1952; x_wconf 90' lang='lat' dir='ltr'>fiducia</span> <span class='ocrx_word' id='word_1_140' title='bbox 2211 1900 2273 1952; x_wconf 90' lang='lat' dir='ltr'>de</span> <span class='ocrx_word' id='word_1_141' title='bbox 2302 1899 2484 1953; x_wconf 88' lang='lat' dir='ltr'>eodem</span> 
     </span>
     <span class='ocr_line' id='line_1_24' title="bbox 538 1986 2484 2072; baseline 0.002 -26"><span class='ocrx_word' id='word_1_142' title='bbox 538 1993 685 2046; x_wconf 90' lang='lat' dir='ltr'>hoste</span> <span class='ocrx_word' id='word_1_143' title='bbox 733 1993 914 2063; x_wconf 86' lang='lat' dir='ltr'>procul</span> <span class='ocrx_word' id='word_1_144' title='bbox 959 1994 1114 2047; x_wconf 90' lang='lat' dir='ltr'>dubio</span> <span class='ocrx_word' id='word_1_145' title='bbox 1155 1998 1213 2047; x_wconf 89' lang='lat' dir='ltr'>ut</span> <span class='ocrx_word' id='word_1_146' title='bbox 1250 1994 1419 2047; x_wconf 88' lang='lat' dir='ltr'>nostri</span> <span class='ocrx_word' id='word_1_147' title='bbox 1455 1994 1656 2064; x_wconf 90' lang='lat' dir='ltr'>priores</span> <span class='ocrx_word' id='word_1_148' title='bbox 1698 1999 2048 2064; x_wconf 81' lang='lat' dir='ltr'>expectantes,</span> <span class='ocrx_word' id='word_1_149' title='bbox 2108 1995 2367 2072; x_wconf 83' lang='lat' dir='ltr'>Patientia</span> <span class='ocrx_word' id='word_1_150' title='bbox 2407 1986 2484 2052; x_wconf 81' lang='lat' dir='ltr'>at-</span> 
     </span>
     <span class='ocr_line' id='line_1_25' title="bbox 538 2079 2485 2163; baseline 0.002 -21"><span class='ocrx_word' id='word_1_151' title='bbox 538 2107 635 2159; x_wconf 92' lang='lat' dir='ltr'>que</span> <span class='ocrx_word' id='word_1_152' title='bbox 681 2090 1071 2160; x_wconf 87' lang='lat' dir='ltr'>perseverantia</span> <span class='ocrx_word' id='word_1_153' title='bbox 1107 2090 1162 2142; x_wconf 90' lang='lat' dir='ltr'>in</span> <span class='ocrx_word' id='word_1_154' title='bbox 1203 2090 1618 2160; x_wconf 89' lang='lat' dir='ltr'>praesentiarum</span> <span class='ocrx_word' id='word_1_155' title='bbox 1659 2090 1897 2158; x_wconf 88' lang='lat' dir='ltr'>religioni</span> <span class='ocrx_word' id='word_1_156' title='bbox 1946 2095 2065 2144; x_wconf 90' lang='lat' dir='ltr'>tuae</span> <span class='ocrx_word' id='word_1_157' title='bbox 2106 2085 2331 2145; x_wconf 32' lang='lat' dir='ltr'>omnino*</span> <span class='ocrx_word' id='word_1_158' title='bbox 2363 2079 2485 2163; x_wconf 86' lang='lat' dir='ltr'>sunt</span> 
     </span>
     <span class='ocr_line' id='line_1_26' title="bbox 536 2185 2483 2257; baseline 0.001 -19"><span class='ocrx_word' id='word_1_159' title='bbox 536 2185 906 2253; x_wconf 70' lang='lat' dir='ltr'>necessariaeb,</span> <span class='ocrx_word' id='word_1_160' title='bbox 956 2186 1139 2240; x_wconf 90' lang='lat' dir='ltr'>scienti</span> <span class='ocrx_word' id='word_1_161' title='bbox 1186 2187 1382 2239; x_wconf 91' lang='lat' dir='ltr'>dictum</span> <span class='ocrx_word' id='word_1_162' title='bbox 1423 2186 1486 2238; x_wconf 93' lang='lat' dir='ltr'>ab</span> <span class='ocrx_word' id='word_1_163' title='bbox 1527 2186 1786 2255; x_wconf 78' lang='lat' dir='ltr'>apostolo,</span> <span class='ocrx_word' id='word_1_164' title='bbox 1834 2204 1935 2238; x_wconf 90' lang='lat' dir='ltr'>non</span> <span class='ocrx_word' id='word_1_165' title='bbox 1977 2187 2215 2239; x_wconf 88' lang='lat' dir='ltr'>coronari</span> <span class='ocrx_word' id='word_1_166' title='bbox 2253 2188 2355 2239; x_wconf 91' lang='lat' dir='ltr'>nisi</span> <span class='ocrx_word' id='word_1_167' title='bbox 2394 2188 2483 2257; x_wconf 87' lang='lat' dir='ltr'>qui</span> 
     </span>
     <span class='ocr_line' id='line_1_27' title="bbox 535 2262 2481 2351; baseline 0.001 -17"><span class='ocrx_word' id='word_1_168' title='bbox 535 2281 767 2349; x_wconf 89' lang='lat' dir='ltr'>legitime</span> <span class='ocrx_word' id='word_1_169' title='bbox 806 2279 1127 2350; x_wconf 77' lang='lat' dir='ltr'>oertaverit2,</span> <span class='ocrx_word' id='word_1_170' title='bbox 1167 2281 1342 2335; x_wconf 89' lang='lat' dir='ltr'>debita</span> <span class='ocrx_word' id='word_1_171' title='bbox 1379 2282 1667 2351; x_wconf 87' lang='lat' dir='ltr'>praemissa</span> <span class='ocrx_word' id='word_1_172' title='bbox 1702 2282 1973 2334; x_wconf 89' lang='lat' dir='ltr'>ortatione.</span> <span class='ocrx_word' id='word_1_173' title='bbox 2032 2281 2139 2334; x_wconf 90' lang='lat' dir='ltr'>Nos</span> <span class='ocrx_word' id='word_1_174' title='bbox 2169 2262 2481 2335; x_wconf 32' lang='lat' dir='ltr'>tamen&#39;stu-</span> 
     </span>
     <span class='ocr_line' id='line_1_28' title="bbox 539 2376 2482 2448; baseline 0.001 -18"><span class='ocrx_word' id='word_1_175' title='bbox 539 2377 623 2430; x_wconf 92' lang='lat' dir='ltr'>dio</span> <span class='ocrx_word' id='word_1_176' title='bbox 662 2382 750 2430; x_wconf 93' lang='lat' dir='ltr'>tuo</span> <span class='ocrx_word' id='word_1_177' title='bbox 789 2378 844 2429; x_wconf 91' lang='lat' dir='ltr'>in</span> <span class='ocrx_word' id='word_1_178' title='bbox 881 2377 1023 2430; x_wconf 89' lang='lat' dir='ltr'>nullo</span> <span class='ocrx_word' id='word_1_179' title='bbox 1064 2377 1339 2444; x_wconf 80' lang='lat' dir='ltr'>deerimus,</span> <span class='ocrx_word' id='word_1_180' title='bbox 1381 2376 1709 2429; x_wconf 89' lang='lat' dir='ltr'>Cluniacensi</span> <span class='ocrx_word' id='word_1_181' title='bbox 1750 2376 1925 2429; x_wconf 88' lang='lat' dir='ltr'>abbati</span> <span class='ocrx_word' id='word_1_182' title='bbox 1961 2378 2212 2431; x_wconf 90' lang='lat' dir='ltr'>mittendo</span> <span class='ocrx_word' id='word_1_183' title='bbox 2242 2379 2482 2448; x_wconf 84' lang='lat' dir='ltr'>querelae</span> 
     </span>
     <span class='ocr_line' id='line_1_29' title="bbox 538 2467 2483 2546; baseline 0.001 -21"><span class='ocrx_word' id='word_1_184' title='bbox 538 2476 660 2526; x_wconf 92' lang='lat' dir='ltr'>tuae</span> <span class='ocrx_word' id='word_1_185' title='bbox 697 2472 900 2525; x_wconf 88' lang='lat' dir='ltr'>litteras</span> <span class='ocrx_word' id='word_1_186' title='bbox 940 2490 1043 2525; x_wconf 88' lang='lat' dir='ltr'>una</span> <span class='ocrx_word' id='word_1_187' title='bbox 1082 2489 1198 2525; x_wconf 92' lang='lat' dir='ltr'>cum</span> <span class='ocrx_word' id='word_1_188' title='bbox 1238 2467 1488 2525; x_wconf 78' lang='lat' dir='ltr'>nostris³z</span> <span class='ocrx_word' id='word_1_189' title='bbox 1532 2476 1783 2540; x_wconf 89' lang='lat' dir='ltr'>quatenus</span> <span class='ocrx_word' id='word_1_190' title='bbox 1814 2472 2135 2526; x_wconf 85' lang='lat' dir='ltr'>Rodbertum</span> <span class='ocrx_word' id='word_1_191' title='bbox 2173 2475 2483 2546; x_wconf 89' lang='lat' dir='ltr'>pseudomo-</span> 
     </span>
     <span class='ocr_line' id='line_1_30' title="bbox 539 2561 2484 2638; baseline 0.002 -17"><span class='ocrx_word' id='word_1_192' title='bbox 539 2565 791 2621; x_wconf 71' lang='lat' dir='ltr'>nachum⁴</span> <span class='ocrx_word' id='word_1_193' title='bbox 830 2585 985 2636; x_wconf 89' lang='lat' dir='ltr'>quam</span> <span class='ocrx_word' id='word_1_194' title='bbox 1025 2569 1177 2620; x_wconf 91' lang='lat' dir='ltr'>citius</span> <span class='ocrx_word' id='word_1_195' title='bbox 1219 2567 1282 2620; x_wconf 87' lang='lat' dir='ltr'>ad</span> <span class='ocrx_word' id='word_1_196' title='bbox 1320 2567 1692 2619; x_wconf 88' lang='lat' dir='ltr'>monasterium</span> <span class='ocrx_word' id='word_1_197' title='bbox 1720 2568 1889 2620; x_wconf 89' lang='lat' dir='ltr'>redire</span> <span class='ocrx_word' id='word_1_198' title='bbox 1928 2561 2234 2638; x_wconf 54' lang='lat' dir='ltr'>com‘pellat‚.</span> <span class='ocrx_word' id='word_1_199' title='bbox 2263 2570 2484 2624; x_wconf 89' lang='lat' dir='ltr'>eundem</span> 
     </span>
     <span class='ocr_line' id='line_1_31' title="bbox 542 2663 2485 2741; baseline -0.001 -25"><span class='ocrx_word' id='word_1_200' title='bbox 542 2663 606 2716; x_wconf 89' lang='lat' dir='ltr'>ab</span> <span class='ocrx_word' id='word_1_201' title='bbox 651 2663 892 2731; x_wconf 85' lang='lat' dir='ltr'>ingressu</span> <span class='ocrx_word' id='word_1_202' title='bbox 931 2663 1210 2716; x_wconf 90' lang='lat' dir='ltr'>aecclesiae</span> <span class='ocrx_word' id='word_1_203' title='bbox 1250 2668 1484 2715; x_wconf 89' lang='lat' dir='ltr'>coerceat</span> <span class='ocrx_word' id='word_1_204' title='bbox 1523 2667 1574 2715; x_wconf 92' lang='lat' dir='ltr'>et</span> <span class='ocrx_word' id='word_1_205' title='bbox 1612 2667 1718 2716; x_wconf 91' lang='lat' dir='ltr'>tam</span> <span class='ocrx_word' id='word_1_206' title='bbox 1759 2664 1932 2731; x_wconf 91' lang='lat' dir='ltr'>gravis</span> <span class='ocrx_word' id='word_1_207' title='bbox 1972 2665 2485 2741; x_wconf 14' lang='lat' dir='ltr'>penitentiaevsqua÷</span> 
     </span>
     <span class='ocr_line' id='line_1_32' title="bbox 540 2758 2484 2828; baseline 0.002 -16"><span class='ocrx_word' id='word_1_208' title='bbox 540 2758 649 2812; x_wconf 93' lang='lat' dir='ltr'>lore</span> <span class='ocrx_word' id='word_1_209' title='bbox 689 2759 888 2812; x_wconf 89' lang='lat' dir='ltr'>diutino</span> <span class='ocrx_word' id='word_1_210' title='bbox 930 2758 1138 2827; x_wconf 79' lang='lat' dir='ltr'>afficiat,</span> <span class='ocrx_word' id='word_1_211' title='bbox 1181 2759 1318 2827; x_wconf 91' lang='lat' dir='ltr'>quod</span> <span class='ocrx_word' id='word_1_212' title='bbox 1355 2759 1409 2811; x_wconf 91' lang='lat' dir='ltr'>in</span> <span class='ocrx_word' id='word_1_213' title='bbox 1447 2775 1609 2828; x_wconf 88' lang='lat' dir='ltr'>pravo</span> <span class='ocrx_word' id='word_1_214' title='bbox 1638 2764 1817 2811; x_wconf 85' lang='lat' dir='ltr'>contra</span> <span class='ocrx_word' id='word_1_215' title='bbox 1842 2764 1893 2812; x_wconf 91' lang='lat' dir='ltr'>te</span> <span class='ocrx_word' id='word_1_216' title='bbox 1919 2761 2288 2814; x_wconf 85' lang='lat' dir='ltr'>immocontra</span> <span class='ocrx_word' id='word_1_217' title='bbox 2312 2761 2484 2816; x_wconf 92' lang='lat' dir='ltr'>Deum</span> 
     </span>
     <span class='ocr_line' id='line_1_33' title="bbox 542 2854 2043 2924; baseline 0.001 -16"><span class='ocrx_word' id='word_1_218' title='bbox 542 2855 817 2908; x_wconf 89' lang='lat' dir='ltr'>commisso</span> <span class='ocrx_word' id='word_1_219' title='bbox 858 2871 1012 2924; x_wconf 92' lang='lat' dir='ltr'>opere</span> <span class='ocrx_word' id='word_1_220' title='bbox 1051 2854 1443 2908; x_wconf 89' lang='lat' dir='ltr'>mulctationem</span> <span class='ocrx_word' id='word_1_221' title='bbox 1482 2854 1673 2907; x_wconf 91' lang='lat' dir='ltr'>sentiat</span> <span class='ocrx_word' id='word_1_222' title='bbox 1709 2855 2043 2924; x_wconf 90' lang='lat' dir='ltr'>penitentiae.</span> 
     </span>
    </p>
   </div>
   <div class='ocr_carea' id='block_1_11' title="bbox 542 3017 2484 3484">
    <p class='ocr_par' dir='ltr' id='par_1_12' title="bbox 542 3017 2483 3291">
     <span class='ocr_line' id='line_1_34' title="bbox 542 3017 2480 3100; baseline 0 -21"><span class='ocrx_word' id='word_1_223' title='bbox 542 3017 672 3080; x_wconf 85' lang='lat' dir='ltr'>VIII</span> <span class='ocrx_word' id='word_1_224' title='bbox 700 3023 754 3079; x_wconf 84' lang='lat'>5.</span> <span class='ocrx_word' id='word_1_225' title='bbox 805 3024 1039 3095; x_wconf 76' lang='lat' dir='ltr'>Apuliae</span> <span class='ocrx_word' id='word_1_226' title='bbox 1077 3036 1123 3077; x_wconf 90' lang='lat' dir='ltr'>et</span> <span class='ocrx_word' id='word_1_227' title='bbox 1161 3023 1434 3077; x_wconf 76' lang='lat' dir='ltr'>Calabriae</span> <span class='ocrx_word' id='word_1_228' title='bbox 1473 3027 1728 3095; x_wconf 76' lang='lat' dir='ltr'>episcopis</span> <span class='ocrx_word' id='word_1_229' title='bbox 1768 3027 1971 3091; x_wconf 74' lang='lat' dir='ltr'>scribit,</span> <span class='ocrx_word' id='word_1_230' title='bbox 2013 3045 2065 3078; x_wconf 76' lang='lat' dir='ltr'>se</span> <span class='ocrx_word' id='word_1_231' title='bbox 2103 3045 2312 3100; x_wconf 74' lang='lat' dir='ltr'>sperare</span> <span class='ocrx_word' id='word_1_232' title='bbox 2335 3027 2480 3095; x_wconf 84' lang='lat' dir='ltr'>fore,</span> 
     </span>
     <span class='ocr_line' id='line_1_35' title="bbox 684 3121 2481 3191; baseline 0.002 -19"><span class='ocrx_word' id='word_1_233' title='bbox 684 3139 687 3142; x_wconf 93' lang='grc'><strong><em>·</em></strong></span> <span class='ocrx_word' id='word_1_234' title='bbox 725 3131 784 3172; x_wconf 94' lang='lat' dir='ltr'>ut</span> <span class='ocrx_word' id='word_1_235' title='bbox 815 3121 1064 3173; x_wconf 66' lang='lat' dir='ltr'>Wibertus</span> <span class='ocrx_word' id='word_1_236' title='bbox 1093 3123 1349 3191; x_wconf 76' lang='lat' dir='ltr'>antipapa</span> <span class='ocrx_word' id='word_1_237' title='bbox 1368 3123 1760 3191; x_wconf 70' lang='lat' dir='ltr'>praecipitetur.</span> <span class='ocrx_word' id='word_1_238' title='bbox 1809 3123 2003 3187; x_wconf 77' lang='lat' dir='ltr'>Monet,</span> <span class='ocrx_word' id='word_1_239' title='bbox 2037 3124 2139 3175; x_wconf 71' lang='lat' dir='ltr'>eibi</span> <span class='ocrx_word' id='word_1_240' title='bbox 2162 3135 2481 3176; x_wconf 74' lang='lat' dir='ltr'>succurrant.</span> 
     </span>
     <span class='ocr_line' id='line_1_36' title="bbox 693 3221 2483 3291; baseline 0.002 -15"><span class='ocrx_word' id='word_1_241' title='bbox 693 3221 972 3291; x_wconf 84' lang='lat' dir='ltr'>Gregorius</span> <span class='ocrx_word' id='word_1_242' title='bbox 1014 3223 1286 3291; x_wconf 91' lang='lat' dir='ltr'>episcopus</span> <span class='ocrx_word' id='word_1_243' title='bbox 1326 3239 1504 3276; x_wconf 85' lang='lat' dir='ltr'>servus</span> <span class='ocrx_word' id='word_1_244' title='bbox 1546 3241 1812 3277; x_wconf 88' lang='lat' dir='ltr'>servorum</span> <span class='ocrx_word' id='word_1_245' title='bbox 1839 3225 1938 3277; x_wconf 92' lang='lat' dir='ltr'>Dei</span> <span class='ocrx_word' id='word_1_246' title='bbox 1968 3224 2168 3277; x_wconf 90' lang='lat' dir='ltr'>dilectis</span> <span class='ocrx_word' id='word_1_247' title='bbox 2194 3225 2250 3277; x_wconf 89' lang='lat' dir='ltr'>in</span> <span class='ocrx_word' id='word_1_248' title='bbox 2277 3224 2483 3279; x_wconf 87' lang='lat' dir='ltr'>Christo</span> 
     </span>
    </p>

    <p class='ocr_par' dir='ltr' id='par_1_13' title="bbox 543 3319 2484 3389">
     <span class='ocr_line' id='line_1_37' title="bbox 543 3319 2484 3389; baseline 0.002 -17"><span class='ocrx_word' id='word_1_249' title='bbox 543 3319 792 3373; x_wconf 91' lang='lat' dir='ltr'>fratribus</span> <span class='ocrx_word' id='word_1_250' title='bbox 834 3323 886 3372; x_wconf 90' lang='lat' dir='ltr'>et</span> <span class='ocrx_word' id='word_1_251' title='bbox 913 3319 1249 3388; x_wconf 75' lang='lat' dir='ltr'>coepiscopiS,</span> <span class='ocrx_word' id='word_1_252' title='bbox 1289 3335 1383 3387; x_wconf 89' lang='lat' dir='ltr'>per</span> <span class='ocrx_word' id='word_1_253' title='bbox 1410 3319 1732 3389; x_wconf 88' lang='lat' dir='ltr'>principatus</span> <span class='ocrx_word' id='word_1_254' title='bbox 1761 3324 1812 3373; x_wconf 92' lang='lat' dir='ltr'>et</span> <span class='ocrx_word' id='word_1_255' title='bbox 1836 3320 2082 3389; x_wconf 89' lang='lat' dir='ltr'>Apuliam</span> <span class='ocrx_word' id='word_1_256' title='bbox 2113 3325 2164 3374; x_wconf 92' lang='lat' dir='ltr'>et</span> <span class='ocrx_word' id='word_1_257' title='bbox 2189 3320 2484 3375; x_wconf 87' lang='lat' dir='ltr'>Calabriam</span> 
     </span>
    </p>

    <p class='ocr_par' dir='ltr' id='par_1_14' title="bbox 545 3415 2057 3484">
     <span class='ocr_line' id='line_1_38' title="bbox 545 3415 2057 3484; baseline 0 -16"><span class='ocrx_word' id='word_1_258' title='bbox 545 3415 857 3482; x_wconf 81' lang='lat' dir='ltr'>constitutiS,</span> <span class='ocrx_word' id='word_1_259' title='bbox 898 3415 1116 3468; x_wconf 90' lang='lat' dir='ltr'>salutem</span> <span class='ocrx_word' id='word_1_260' title='bbox 1160 3418 1212 3467; x_wconf 91' lang='lat' dir='ltr'>et</span> <span class='ocrx_word' id='word_1_261' title='bbox 1251 3415 1591 3484; x_wconf 88' lang='lat' dir='ltr'>apostolicam</span> <span class='ocrx_word' id='word_1_262' title='bbox 1628 3416 2057 3469; x_wconf 90' lang='lat' dir='ltr'>benedictionem.</span> 
     </span>
    </p>
   </div>
   <div class='ocr_carea' id='block_1_12' title="bbox 544 3525 2487 3718">
    <p class='ocr_par' dir='ltr' id='par_1_15' title="bbox 544 3525 2487 3718">
     <span class='ocr_line' id='line_1_39' title="bbox 664 3525 1751 3563; baseline 0.001 -1"><span class='ocrx_word' id='word_1_263' title='bbox 664 3537 696 3562; x_wconf 80' lang='lat' dir='ltr'>a.</span> <span class='ocrx_word' id='word_1_264' title='bbox 731 3527 861 3562; x_wconf 76' lang='lat' dir='ltr'>nostra</span> <span class='ocrx_word' id='word_1_265' title='bbox 887 3526 1073 3562; x_wconf 76' lang='lat' dir='ltr'>excidisse</span> <span class='ocrx_word' id='word_1_266' title='bbox 1097 3525 1253 3561; x_wconf 82' lang='lat' dir='ltr'>videtur.</span> <span class='ocrx_word' id='word_1_267' title='bbox 1408 3525 1443 3562; x_wconf 95' lang='lat' dir='ltr'>b.</span> <span class='ocrx_word' id='word_1_268' title='bbox 1478 3527 1691 3563; x_wconf 80' lang='lat' dir='ltr'>necessaria</span> <span class='ocrx_word' id='word_1_269' title='bbox 1719 3542 1751 3563; x_wconf 87' lang='lat' dir='ltr'>c.</span> 
     </span>
     <span class='ocr_line' id='line_1_40' title="bbox 664 3588 2487 3649; baseline 0.002 -16"><span class='ocrx_word' id='word_1_270' title='bbox 664 3590 704 3633; x_wconf 86' lang='lat'>1.</span> <span class='ocrx_word' id='word_1_271' title='bbox 734 3590 910 3646; x_wconf 86' lang='lat' dir='ltr'>legato,</span> <span class='ocrx_word' id='word_1_272' title='bbox 943 3588 1097 3633; x_wconf 85' lang='lat' dir='ltr'>abbati</span> <span class='ocrx_word' id='word_1_273' title='bbox 1127 3589 1411 3633; x_wconf 87' lang='lat' dir='ltr'>Massiliensi.</span> <span class='ocrx_word' id='word_1_274' title='bbox 1532 3591 1572 3634; x_wconf 85' lang='grc'>2.</span> <span class='ocrx_word' id='word_1_275' title='bbox 1605 3591 1632 3634; x_wconf 82' lang='grc'>2</span> <span class='ocrx_word' id='word_1_276' title='bbox 1654 3588 1849 3634; x_wconf 90' lang='lat' dir='ltr'>Timoth.</span> <span class='ocrx_word' id='word_1_277' title='bbox 1872 3591 1919 3646; x_wconf 88' lang='grc'>2,</span> <span class='ocrx_word' id='word_1_278' title='bbox 1950 3591 1992 3634; x_wconf 84' lang='grc'>5.</span> <span class='ocrx_word' id='word_1_279' title='bbox 2122 3592 2163 3634; x_wconf 89' lang='grc'>3.</span> <span class='ocrx_word' id='word_1_280' title='bbox 2197 3603 2267 3648; x_wconf 89' lang='lat' dir='ltr'>ep.</span> <span class='ocrx_word' id='word_1_281' title='bbox 2291 3593 2318 3636; x_wconf 83' lang='lat'>2</span> <span class='ocrx_word' id='word_1_282' title='bbox 2349 3604 2487 3649; x_wconf 81' lang='lat' dir='ltr'>supra</span> 
     </span>
     <span class='ocr_line' id='line_1_41' title="bbox 544 3661 1290 3718; baseline 0.003 -14"><span class='ocrx_word' id='word_1_283' title='bbox 544 3675 588 3718; x_wconf 88' lang='lat' dir='ltr'>p.</span> <span class='ocrx_word' id='word_1_284' title='bbox 610 3661 711 3705; x_wconf 81' lang='grc'>428.</span> <span class='ocrx_word' id='word_1_285' title='bbox 859 3663 901 3707; x_wconf 88' lang='grc'>4.</span> <span class='ocrx_word' id='word_1_286' title='bbox 935 3662 1290 3708; x_wconf 84' lang='lat' dir='ltr'>Cluniacensem.</span> 
     </span>
    </p>
   </div>
  </div>
 </body>
</html>
