2722 4172
341 889 457 934 1074

325 951 404 988 Iun.
422 950 471 988 15

508 257 610 310 106
1051 268 1323 309 GREGORII
1358 269 1437 306 vn
1473 267 1735 307 REG1s'rR1
1769 270 1791 307 1
1815 267 1878 307 85.

502 382 528 444 I
561 388 661 446 85.
703 388 954 460 Aquetem
989 388 1367 458 imperatricem
1405 386 1685 453 collaudat,
1727 389 1868 458 quod
1902 398 2100 442 tautum
2127 405 2312 459 operae
2334 388 2422 441 de—

703 487 836 539 derit
881 495 927 537 et
971 484 1274 536 concordiae
1318 485 1454 536 iuter
1495 483 1849 554 pontificatum
1886 495 1934 538 et
1966 486 2239 555 imperium
2274 485 2423 537 resti-

702 582 918 635 tuendae
964 590 1010 633 et
1050 580 1299 633 Heinrico
1338 579 1431 634 IV
1477 581 1591 650 reqi
1634 582 1981 633 communioni
2026 581 2260 634 ecclesiae
2304 580 2422 633 red-

703 678 884 730 dendo.
923 674 1095 730 Addit
1120 678 1181 729 de
1205 678 1313 729 suis
1341 676 1602 729 laboribus
1629 686 1677 729 et
1696 677 1758 729 de
1775 676 2032 730 Beatricis
2051 677 2425 747 Mathildieque

702 791 825 844 er9a
861 791 914 825 se
949 773 1138 826 studio.

648 881 926 952 Gregorius
975 883 1247 954 episcopus
1295 899 1473 937 servus
1522 898 1789 936 servorum
1825 881 1927 936 Dei
1961 881 2154 951 Agneti
2190 881 2424 937 christia-

499 981 745 1036 nissimae
780 980 1103 1050 imperatrici
1141 979 1358 1033 salutem
1400 983 1451 1033 et
1489 978 1824 1050 apostolicam
1861 978 2286 1033 benedictionem.

647 1076 942 1131 Gaudemus
989 1079 1040 1130 et
1086 1075 1377 1130 exultamus
1423 1076 1480 1128 in
1526 1075 1779 1145 Domino,
1831 1075 1967 1145 quod
2011 1075 2187 1129 lumen
2222 1077 2426 1130 vestrae

501 1173 815 1247 operationis
865 1173 931 1226 ad
977 1189 1071 1226 nos
1109 1189 1273 1241 usque
1310 1171 1633 1242 resplenduit
1679 1176 1731 1226 et
1765 1172 1961 1226 fructus
1999 1174 2203 1226 vestrae
2239 1170 2426 1240 fatiga-

499 1272 673 1340 tionis,
714 1269 812 1325 etsi
848 1286 954 1323 non
991 1269 1056 1322 ad
1093 1272 1217 1323 vota
1253 1272 1428 1322 vestra
1464 1268 1616 1339 plene
1653 1268 1960 1336 cumulatuS,
1999 1268 2110 1322 Deo
2147 1271 2324 1322 tamen
2360 1267 2428 1322 ad

499 1368 705 1422 laudem
744 1369 796 1420 et
832 1365 1075 1434 gloriam,
1124 1364 1271 1418 nobis
1312 1365 1378 1418 ad
1412 1364 1692 1434 laetitiam,
1741 1364 1886 1419 vobis
1926 1365 1993 1418 ad
2029 1381 2272 1418 coronam
2306 1380 2427 1435 per-

499 1465 665 1519 fectae
710 1461 1140 1518 remunerationis
1191 1462 1432 1515 excrevit.
1503 1461 1682 1531 Neque
1737 1462 1875 1516 enim
1920 1465 2099 1515 nostra
2145 1477 2263 1532 spes
2307 1460 2425 1515 ideo

500 1560 723 1616 coartari
761 1562 851 1613 aut
887 1558 1122 1612 submitti
1159 1558 1326 1627 debet,
1366 1558 1411 1612 si
1450 1557 1762 1612 desiderium
1787 1561 1989 1612 vestrae
2024 1557 2311 1612 sanctitatis
2346 1557 2426 1611 fa-

500 1657 744 1711 cultatem
781 1655 1083 1709 intentionis
1124 1655 1409 1725 explendae
1446 1671 1551 1707 non
1573 1654 1778 1721 habuit3
1820 1655 2064 1724 quoniam
2094 1654 2231 1725 apud
2255 1653 2426 1708 Deum

497 1753 716 1825 perfecit
739 1751 929 1820 omnia,
970 1751 1076 1820 qui,
1113 1751 1431 1804 voluntatem
1458 1767 1641 1819 gerens
1665 1751 1938 1819 integram,
1979 1754 2227 1819 quantum
2256 1750 2428 1820 potuit

499 1849 704 1922 operari
739 1865 845 1902 non
883 1847 1052 1901 desiit.
1113 1846 1314 1922 Scimus
1341 1847 1595 1917 equidem,
1637 1847 1772 1917 quod
1804 1863 1899 1917 pro
1924 1831 2053 1917 pace
2079 1850 2131 1901 et
2154 1845 2427 1900 concordia

498 1945 807 2001 universalis
848 1944 1093 1998 ecclesiae
1133 1943 1355 1997 multum
1381 1943 1649 1998 'laboratis
1697 1947 1749 1998 et
1794 1944 1992 2012 omnia,
2043 1959 2172 2013 quae
2217 1941 2426 2014 pontifi-

497 2048 670 2098 catum
708 2045 761 2096 et
794 2041 1072 2112 imperium
1110 2040 1308 2108 glutino
1348 2041 1580 2094 caritatis
1620 2041 1904 2109 astringere
1941 2039 2163 2108 valeant,
2203 2039 2425 2110 amplius

498 2157 653 2210 quam
690 2139 793 2193 dici
830 2137 995 2209 possit
1020 2137 1381 2207 concupiscitis
1419 2141 1470 2191 et
1502 2137 1762 2192 indefessa
1787 2136 2131 2191 sollicitudine
2161 2136 2423 2206 quaeritis,

497 2237 727 2301 Quorum
766 2234 973 2305 quidem
1012 2234 1149 2304 quod
1185 2234 1474 2287 maximum
1522 2239 1600 2287 est
1646 2237 1697 2288 et
1745 2233 1934 2286 unitati
1982 2232 2267 2286 dilectionis
2305 2231 2425 2285 con-

496 2332 896 2400 iunctissimum,
935 2331 1042 2384 iam
1078 2331 1378 2400 peregistis:
1418 2330 1658 2384 videlicet
1683 2329 1848 2383 filium
1870 2332 2102 2382 vestrum
2124 2327 2421 2382 Heinricum

497 2447 672 2499 regem
722 2426 1072 2482 communioni
1119 2426 1363 2481 ecclesiae
1407 2427 1639 2495 restitui,
1687 2425 1941 2495 simulque
1989 2441 2208 2493 regnum
2245 2424 2355 2478 eius
2394 2441 2426 2478 a

499 2525 759 2581 communi
807 2523 1035 2595 periculo
1081 2523 1308 2577 liberari.
1374 2522 1651 2591 Quoniam,
1699 2522 1788 2575 illo
1828 2524 1977 2575 extra
2013 2519 2426 2575 communionem

498 2623 685 2694 posito,
724 2638 820 2675 nos
859 2620 1064 2690 quidem
1103 2620 1259 2673 timor
1297 2619 1502 2673 divinae
1538 2618 1749 2672 ultionis
1787 2634 1962 2672 secum
1995 2617 2268 2672 convenire
2303 2633 2425 2688 pro—

497 2719 690 2786 hibuit3
740 2717 971 2772 subditos
1009 2732 1132 2770 vero
1180 2716 1279 2770 sibi
1317 2716 1543 2785 quotidie
1587 2716 1695 2770 eius
1732 2715 2028 2786 praesentia
2065 2714 2212 2784 quasi
2247 2730 2426 2769 neces-

500 2816 625 2870 sitas
665 2814 917 2885 quaedam
953 2814 1011 2866 in
1048 2812 1202 2883 culpa
1236 2812 1433 2881 ligavit.
1583 2811 1669 2865 Ad
1707 2814 1878 2865 cetera
1913 2828 2036 2865 vero
2063 2828 2194 2881 quae
2230 2811 2424 2866 leviora

500 2916 621 2967 sunt
655 2912 778 2966 licet
812 2910 1240 2981 prosperitatem‘·
1264 2913 1492 2963 vestram
1517 2911 1814 2979 promptam
1849 2924 1961 2962 esse
1984 2925 2090 2961 non
2115 2907 2422 2976 dubitemuS,

498 3027 592 3081 per
628 3007 870 3062 fiduciam
908 3011 1082 3061 tamen
1122 3023 1277 3077 quam
1313 3005 1370 3059 in
1396 3004 1599 3059 Christo
1637 3005 1885 3061 habemus
1924 3004 2142 3073 gloriam
2177 3007 2422 3072 vestram,

498 3109 558 3160 ut
592 3106 782 3174 iugiter
818 3108 928 3158 tam
967 3104 1158 3159 sanctis
1198 3102 1382 3156 studiis
1406 3103 1581 3170 instet,
1620 3105 1833 3172 propter
1857 3101 2221 3155 revelationem
2247 3098 2424 3167 gaudii

499 3203 659 3258 vestri
685 3201 1060 3273 quodammodo
1088 3200 1352 3255 exhortari
1375 3198 1718 3269 impellimur3
1759 3198 2038 3252 scribentes
2064 3196 2209 3250 vobis
2238 3199 2291 3249 et
2327 3195 2423 3249 sub

501 3301 642 3354 omni
679 3298 987 3354 certitudine
1023 3296 1372 3352 notificantes:
1411 3281 1646 3366 praefato
1672 3293 1778 3347 filio
1804 3297 1977 3348 vestro
2002 3296 2174 3347 vestra
2210 3290 2424 3345 consilia

499 3401 772 3466 vestraque
808 3395 1032 3449 multum
1068 3394 1255 3448 merita
1281 3392 1555 3464 profuisse,
1596 3394 1662 3459 et,
1703 3407 1857 3460 quam
1881 3388 2280 3444 misericorditer
2305 3404 2424 3442 eum

502 3492 678 3546 divina
713 3493 960 3563 respiciat
995 3490 1284 3560 clementia,
1323 3493 1551 3544 vestram
1577 3487 1743 3541 adhuc
1766 3487 2139 3542 beatitudinem
2163 3502 2281 3540 cum
2305 3502 2423 3555 gra-

616 3636 648 3661 a.
682 3627 939 3673 paupertatem
966 3640 997 3662 c.
1038 3622 1116 3670 (Cf.
1144 3626 1268 3670 infra.-
1303 3624 1465 3660 vestram
1499 3621 1673 3668 gloriam,
1708 3622 1870 3657 vestram
1903 3619 2190 3664 beatitudinem,
2226 3619 2424 3656 eminentia

504 3692 626 3728 vestra
654 3690 733 3737 cet.)
