2730 4198
498 255 606 308 488
921 267 1196 306 GREGORn
1231 267 1311 303 vn
1347 265 1611 304 REGISTRI
1648 266 1748 303 vm
1775 266 1823 302 37
1851 265 1915 309 (lx
1935 263 2013 312 14).

496 379 628 441 VIII
656 383 732 442 37
771 378 867 451 (IX
897 381 1015 451 14).
1074 383 1204 453 Inye
1251 393 1298 436 et
1342 381 1565 435 Alstomo
1616 381 1882 436 Sueonum
1930 382 2135 453 reqibue
2181 385 2244 436 de
2289 396 2437 454 yeme

683 499 857 533 eorum
895 482 967 532 ad
992 478 1185 532 Christi
1208 479 1371 546 fidem
1394 495 1564 547 nuper
1602 478 1829 529 adducta
1863 478 2176 547 qratulatur.
2246 479 2440 534 Virtuti

682 577 950 637 studeant3
990 576 1229 627 decumas
1261 583 1555 644 praestent,-
1579 572 1884 642 frequentes
1924 573 2115 643 Zeqatos
2153 576 2372 627 mittant.

323 673 468 718 1081?
646 668 925 736 Gregorius
977 669 1251 738 episcopus
1310 684 1490 721 servus
1539 683 1808 720 servorum
1855 666 1956 720 Dei
2000 665 2438 735 Wisigothorum¹

498 765 736 834 gloriosis
773 763 982 831 regibus
1020 763 1186 832 I(nge)
1228 767 1280 817 et
1316 761 1579 830 A(lstano)
1619 764 1671 815 et
1707 760 1915 831 populis
1964 761 2184 816 salutem
2223 767 2276 817 et
2313 779 2438 834 apo-

498 860 736 914 stolicam
774 859 1202 913 benedictionem.

645 954 829 1008 Frater
867 958 1044 1008 noster
1083 954 1356 1024 episcopus
1396 956 1592 1022 vester,
1635 952 1699 1006 ad
1741 950 2096 1022 apostolorum
2131 951 2316 1007 limina
2351 971 2440 1008 ve-

497 1051 672 1117 nienS‚
723 1050 981 1117 suggessit
1017 1049 1166 1102 nobis
1207 1049 1269 1102 de
1309 1065 1445 1102 nova
1481 1049 1650 1117 gentis
1689 1051 1894 1102 vestrae
1933 1047 2294 1114 conversione3
2342 1049 2440 1102 sci-

496 1145 620 1198 licet
658 1146 895 1213 qualiter,
935 1145 1115 1198 relicto
1155 1144 1461 1212 gentilitatis
1498 1161 1687 1212 errore,
1729 1142 1795 1196 ad
1822 1143 2136 1197 christianae
2160 1142 2282 1197 fidei
2306 1145 2442 1198 veri-

497 1244 661 1294 tatem
698 1240 1010 1310 pervenerit.
1069 1239 1235 1308 Unde,
1276 1240 1560 1310 plurimum
1598 1240 1652 1292 in
1680 1238 1905 1292 Domino
1944 1239 2108 1307 letati,
2148 1239 2445 1294 miseratori

499 1336 730 1389 omnium
769 1335 954 1388 intimo
993 1335 1147 1388 corde
1185 1336 1381 1402 gratias
1421 1335 1638 1402 agimus,
1680 1335 1769 1403 qui
1793 1338 1994 1388 mentes
2018 1338 2220 1388 vestras
2245 1335 2443 1390 lumine

500 1448 592 1484 suo
630 1431 862 1497 visitare,
904 1434 956 1483 et
993 1429 1056 1481 de
1094 1429 1322 1483 tenebris
1362 1430 1427 1483 ad
1464 1430 1634 1483 lucem
1673 1430 1738 1483 de
1774 1434 1942 1484 morte
1969 1430 2035 1483 ad
2059 1430 2223 1483 vitam
2262 1431 2443 1499 digna-

497 1530 583 1579 tus
623 1529 702 1578 est
738 1541 830 1578 vos
871 1528 1082 1578 aeterna
1110 1541 1205 1577 sua
1229 1524 1551 1592 benignitate
1575 1525 1837 1579 reducere.
1900 1524 2067 1579 Simul
2095 1526 2252 1579 etiam
2277 1527 2443 1596 ipsius

497 1619 816 1674 ineffabilem
854 1619 1266 1673 misericordiam
1306 1620 1570 1689 deprecati
1618 1637 1796 1674 sumus
1836 1621 2142 1690 assidueque
2179 1621 2446 1691 postulare

499 1720 758 1786 optamuS,
798 1719 857 1768 ut
881 1731 975 1768 vos
1001 1718 1112 1768 tam
1135 1713 1259 1768 fidei
1283 1715 1453 1782 gratia
1480 1732 1635 1784 quam
1665 1719 1718 1769 et
1742 1716 1998 1769 bonorum
2024 1733 2240 1786 operum
2263 1717 2446 1775 fructi,-

498 1812 595 1866 bus
636 1815 688 1865 et
724 1811 781 1863 in
818 1811 917 1864 hac
953 1811 1064 1864 vita
1101 1810 1277 1878 vigere
1322 1813 1375 1864 et
1409 1810 1466 1863 in
1503 1810 1681 1864 futura
1718 1814 2017 1865 sanctorum
2054 1812 2253 1866 cetibus
2289 1811 2448 1867 faciat

500 1906 849 1960 annumerari.

647 2002 889 2070 Proinde,
931 2001 1189 2055 carissimi
1225 2000 1337 2070 filii,
1379 2001 1687 2056 auctoritate
1728 2004 1938 2056 sanctae
1962 2001 2227 2056 Romanae
2256 2002 2449 2057 aeccle-

501 2099 638 2166 siae,
689 2098 800 2152 vice
847 2097 1121 2151 beatorum
1170 2097 1525 2167 apostolorum
1561 2097 1706 2151 Petri
1745 2101 1797 2151 et
1832 2096 1983 2151 Pauli
2021 2097 2171 2152 nobis
2209 2098 2332 2153 licet
2368 2099 2449 2152 in-

501 2194 672 2262 dignis
711 2209 974 2262 concessa,
1013 2210 1106 2247 vos
1146 2193 1510 2246 admonemus:
1551 2197 1611 2247 ut
1647 2193 1801 2247 huius
1838 2192 2091 2261 fugitivae
2116 2194 2254 2248 vitae
2281 2194 2449 2248 incer-

500 2290 779 2344 titudinem
828 2305 889 2342 ac
933 2287 1303 2358 temporalium
1348 2305 1525 2342 rerum
1584 2293 1635 2342 et
1691 2288 1999 2356 gaudiorum
2052 2289 2449 2343 instabilitatem

502 2385 887 2456 perpendentes
919 2387 1267 2452 contemnere,
1309 2387 1361 2438 et
1387 2384 1452 2437 ad
1477 2383 1586 2452 illa,
1627 2399 1760 2453 quae
1791 2383 1903 2437 sine
1928 2382 2031 2438 fine
2056 2401 2304 2439 mansura
2329 2390 2451 2439 sunt

507 2497 740 2549 quaeque
777 2479 993 2533 humani
1032 2495 1212 2533 sensus
1263 2495 1322 2532 ac
1360 2479 1604 2533 desiderii
1651 2480 1916 2547 angustias
1966 2480 2308 2550 amplitudine
2356 2498 2452 2535 sua

507 2575 787 2643 excedunt,
828 2574 1172 2629 memineritis
1211 2574 1376 2628 aciem
1412 2575 1603 2628 mentis
1642 2591 1848 2645 semper
1888 2575 2191 2643 extendere3
2239 2592 2451 2630 concor-

507 2671 648 2724 diam
687 2674 739 2724 et
778 2670 1106 2724 dilectionem
1144 2670 1397 2724 studeatis
1445 2670 1512 2724 ad
1556 2669 1782 2724 invicem
1829 2669 2185 2725 indeficienter
2232 2671 2450 2739 habere3

509 2766 737 2822 ecclesiis
776 2766 1042 2834 honorem,
1081 2766 1399 2837 pauperibus
1436 2766 1521 2820 vel
1560 2765 1765 2820 afflictis
1803 2767 2244 2837 compassionem,
2283 2783 2452 2821 sacer-

507 2862 714 2917 dotibus
740 2862 1121 2933 praecipueque
1148 2862 1405 2933 episcopis
1439 2862 1788 2916 reverentiam
1815 2867 1866 2917 et
1891 2862 2271 2917 oboedientiam
2304 2863 2452 2932 quasi

506 2959 744 3030 patribus
771 2958 1061 3028 procuretis
1087 2958 1395 3029 inpendere3
1436 2974 1533 3013 nec
1557 2975 1662 3012 non
1690 2963 1742 3013 et
1766 2958 2009 3028 decimaS,
2050 2975 2182 3028 quae
2209 2958 2274 3012 ad
2298 2975 2452 3012 usum

507 3058 617 3108 tam
663 3054 900 3124 ipsorum
949 3071 1104 3124 quam
1152 3054 1488 3109 ecclesiarum
1535 3058 1587 3108 et
1631 3071 1923 3125 pauperum
1969 3053 2268 3125 proficiant,
2326 3054 2452 3108 dare

509 3152 708 3220 totique
747 3167 905 3218 regno
944 3151 1189 3206 indicere.
1269 3151 1416 3215 Quod
1456 3151 1666 3222 quidem
1703 3150 1835 3204 nulli
1872 3150 2024 3204 debet
2060 3166 2217 3218 grave
2254 3149 2447 3203 videri:

508 3264 604 3317 pro
643 3246 847 3300 meliori
884 3252 1050 3317 parte,
1091 3247 1332 3302 videlicet
1369 3265 1576 3318 semper
1612 3248 1815 3301 victura
1853 3246 2043 3314 anima,
2084 3261 2338 3315 quemque
2364 3245 2452 3299 de-

510 3342 698 3395 cimam
736 3342 848 3396 Deo
888 3342 1100 3410 offerre3
1149 3360 1267 3397 cum
1315 3361 1411 3414 pro
1459 3343 1712 3397 morituro
1760 3358 1975 3412 corpore
2011 3340 2235 3410 plurime
2273 3343 2452 3407 gentes

511 3438 814 3506 coniugibus
865 3439 971 3492 suis
1019 3439 1229 3492 tertiam
1275 3456 1450 3493 rerum
1506 3439 1706 3507 legibus
1762 3436 2139 3507 compellantur
2197 3435 2451 3489 exolvere.

494 3532 756 3587 Preterea
795 3534 860 3586 ad
897 3534 995 3588 hoc
1033 3535 1250 3589 summis
1291 3535 1452 3589 animi
1489 3534 1686 3588 viribus
1733 3532 2014 3587 enitimini:
2062 3535 2145 3600 ut,
2187 3532 2276 3601 qui
2313 3531 2456 3586 velut

630 3641 670 3685 1.
703 3639 946 3686 Sueonum.
