2722 4172
766 274 1039 313 GREGORII
1076 275 1155 311 vn
1190 273 1453 312 REGISTRI
1489 273 1511 309 1
1537 271 1598 308 65.
1623 271 1685 308 66.
2123 255 2192 307 85

258 374 468 464 cepisse*
481 396 548 462 et,
576 409 635 446 eo
660 393 716 445 in
743 393 978 446 custodia
1004 396 1055 446 et
1080 391 1301 445 vinculis
1327 390 1514 460 posito,
1556 389 1716 442 alium
1742 386 1887 441 vobis
1914 385 1968 438 in
1995 385 2193 455 episco-

257 508 381 561 pum
421 490 652 557 elegisse.
711 488 852 552 Quae
892 489 1101 558 quidem
1139 505 1221 540 res
1261 503 1415 555 quam
1455 486 1524 538 sit
1558 484 1870 551 inordinata,
1911 498 2067 551 quam
2091 482 2193 535 in1-

257 604 374 660 qua,
415 603 572 656 quam
607 586 902 654 criminosa,
945 602 1099 656 quam
1129 583 1316 636 divinis
1345 586 1396 635 et
1419 581 1661 634 humanis
1686 580 1887 648 legibus
1914 578 2191 647 contraria,

255 683 386 736 nulli
422 681 654 736 fidelium
691 683 746 735 in
785 682 939 736 dubio
980 698 1091 735 esse
1129 678 1402 733 credimus.
1462 677 1688 730 Proinde
1725 676 1964 729 misimus
2005 675 2071 728 ad
2100 692 2192 728 vos

256 779 501 833 dilectum
537 780 752 832 fratrem
787 782 1020 831 nostrum
1052 775 1323 830 Giraldum
1351 774 1699 844 Sypontinum
1727 772 2191 842 archiepiscopum,

254 880 328 944 ut,
367 875 422 929 in
459 876 557 929 hae
594 893 651 929 re
690 879 868 928 nostra
895 874 1154 942 legatione
1181 872 1418 938 fungenS‚
1462 870 1718 922 iustitiam
1757 868 1878 921 inde
1918 868 2193 922 decernere

255 973 453 1026 debeat.
515 973 889 1025 Ammonemus
926 970 1101 1038 itaque
1141 971 1193 1021 et
1224 966 1509 1037 apostolica
1534 966 1680 1019 vobis
1709 965 2015 1018 auctoritate
2041 982 2192 1035 prae-

255 1069 501 1139 cipimus:
542 1072 617 1136 ut,
657 1068 889 1121 relaxato
917 1065 1159 1135 episcopo
1188 1080 1339 1132 quem
1364 1063 1417 1115 in
1446 1062 1686 1132 captione
1712 1062 1918 1130 tenetiS‚
1957 1061 2014 1113 in
2039 1078 2192 1131 prae-

255 1165 474 1219 sentiam
512 1165 735 1235 praefati
773 1160 1148 1232 archiepiscopi
1187 1159 1533 1226 conveniatis3
1587 1162 1638 1212 et
1677 1158 1757 1211 ei‘*
1797 1158 1862 1210 ad
1900 1157 2193 1210 faciendam

254 1246 409 1331 super
445 1261 542 1314 hac
579 1278 635 1313 re
674 1259 972 1313 canonicam
1012 1257 1268 1310 iustitiam
1307 1260 1359 1309 et
1394 1256 1451 1308 in
1489 1255 1605 1308 aliis
1643 1254 1799 1308 etiam
1828 1254 2191 1308 ecclesiasticis

252 1358 447 1425 causiS,
488 1374 617 1425 quae
654 1356 791 1409 inter
827 1372 919 1408 vos
959 1353 1294 1422 corrigendae
1334 1356 1471 1421 sunt,
1513 1352 1747 1420 eandem,
1788 1367 1946 1421 quam
1980 1355 2191 1404 nostrae

251 1453 574 1524 praesentiae
611 1452 882 1519 deberetiS‚
923 1451 1269 1505 obedientiam
1299 1457 1350 1503 et
1373 1449 1606 1503 favorem
1633 1448 1937 1502 exhibeatis,
1997 1447 2192 1512 Quodsi

249 1551 474 1621 peccatis
511 1549 916 1620 impedientibus
956 1565 1114 1602 causa
1151 1547 1291 1618 apud
1327 1563 1419 1599 vos
1452 1545 1741 1599 examinari
1768 1549 1820 1598 et
1845 1543 2059 1598 diffiniri
2086 1562 2190 1598 non

247 1647 439 1718 possit,
486 1646 750 1700 volumus:
801 1649 860 1699 ut
896 1649 1202 1714 utrumque,
1253 1643 1496 1697 videlicet
1534 1643 1838 1713 episcopum
1888 1646 2099 1712 captum
2139 1646 2190 1695 et

249 1761 367 1798 eum
412 1761 564 1812 quem
602 1741 968 1811 inregulariter
1007 1741 1260 1809 elegistis,
1312 1741 1368 1793 in
1405 1744 1640 1793 nostram
1676 1738 2027 1809 praesentiam
2069 1754 2189 1791 con-

249 1840 473 1907 ducatis3
516 1844 769 1909 quatenus
810 1839 1086 1892 adiuvante
1113 1837 1242 1906 Deo,
1283 1837 1420 1907 quod
1459 1837 1656 1890 iustum
1694 1836 1868 1904 fuerit,
1906 1835 2028 1888 inde
2053 1834 2188 1888 iudi-

249 1954 367 1991 care
421 1941 472 1990 et
518 1936 903 1990 auctorabiliter
951 1939 1179 1988 statuere
1225 1934 1506 1988 valeamus.
1584 1931 1858 2001 Alioquin,
1915 1931 1960 1985 si
2007 1934 2189 1984 nostra

247 2034 406 2087 immo
447 2033 731 2104 apostolica
767 2033 967 2086 monita
1005 2037 1057 2085 et
1080 2035 1361 2102 praecepta
1387 2029 1822 2099 contempserim,
1863 2045 1894 2082 a
1917 2027 2186 2082 liminibus

248 2130 492 2185 ecclesiae
544 2133 595 2183 et
642 2113 783 2183 omni
830 2129 1114 2182 christiana
1159 2127 1520 2181 communione
1557 2143 1649 2180 vos
1690 2125 1974 2196 apostolica
2012 2129 2187 2178 aucto-

245 2227 400 2281 ritate
446 2226 712 2297 pellendos
762 2229 814 2279 et
859 2223 1259 2295 sequestrandos
1299 2241 1411 2277 esse
1451 2223 1643 2277 sciatis.
1704 2222 1844 2276 Data
1880 2221 2075 2276 Romae
2119 2224 2184 2276 13

245 2324 503 2378 Kalendas
542 2323 757 2394 Aprilis,
803 2321 1085 2376 indictione
1131 2322 1210 2373 12.

247 2497 271 2556 Ι
305 2501 404 2557 66.
447 2504 824 2555 Monasterium
852 2501 909 2556 S.
943 2501 1151 2568 Quirici
1178 2501 1430 2553 Rainerio
1471 2501 1710 2569 episcopo
1743 2498 1964 2550 Reatino
2005 2499 2182 2550 tradit.

449 2599 605 2650 Bona
645 2601 956 2651 monasterio
996 2601 1235 2668 adempta
1275 2599 1514 2667 episcopo
1554 2597 1758 2647 restitui
1791 2595 1944 2647 iubet.

394 2707 673 2776 Gregorius
713 2709 984 2779 episcopus
1021 2726 1199 2763 servus
1229 2724 1497 2762 servorum
1523 2706 1624 2759 Dei
1651 2705 1888 2759 omnibus
1915 2704 2183 2758 monachis

248 2809 299 2859 et
334 2805 480 2858 laicis
519 2805 821 2858 monasterii
860 2806 1025 2858 sancti
1051 2805 1244 2869 Quirici
1285 2809 1336 2858 et
1367 2803 1606 2857 omnibus
1632 2802 1956 2873 Ioseppingis
1986 2805 2038 2854 et
2061 2800 2182 2855 filiis

245 2901 477 2956 Alberici
525 2905 575 2954 et
611 2900 731 2954 filiis
770 2901 984 2971 Rapteri
1023 2902 1240 2955 salutem
1283 2906 1334 2954 et
1373 2899 1712 2971 apostolicam
1749 2898 2179 2952 benedictionem.

392 2998 586 3068 Notum
623 2998 770 3051 vobis
798 2996 910 3050 fieri
935 2997 1189 3066 volumus,
1231 2997 1368 3066 quod
1392 2996 1770 3049 monasterium
1797 2995 1962 3048 sancti
1988 2994 2184 3058 Quirici

244 3096 372 3149 iuris
422 3095 667 3149 ecclesiae
717 3094 882 3147 sancti
921 3093 1060 3147 Petri
1111 3094 1358 3147 confratri
1405 3097 1583 3146 nostro
1622 3092 1864 3145 Rainerio
1913 3095 1964 3144 et
2011 3091 2182 3160 coepi-

245 3209 400 3262 scopo
439 3191 656 3244 Reatino
697 3191 948 3244 dedimus.
1009 3189 1231 3243 Proinde
1269 3207 1512 3258 rogamus
1540 3190 1700 3242 immo
1725 3188 2076 3259 praecipimus
2105 3190 2182 3240 at-

246 3306 344 3358 que
381 3289 642 3342 iubemus:
695 3291 755 3340 ut
800 3287 948 3364 illum
997 3287 1052 3339 in
1091 3287 1328 3340 omnibus
1369 3291 1421 3340 et
1459 3290 1640 3339 contra
1678 3301 1856 3337 omnes
1898 3283 2178 3351 adiuvetis3

246 3389 296 3438 et
345 3389 541 3452 castra,
593 3401 723 3453 quae
769 3401 862 3436 vos
901 3383 1199 3454 Ioseppingi
1247 3387 1298 3436 et
1342 3381 1438 3435 filii
1475 3381 1706 3435 Alberici
1745 3385 1796 3434 et
1833 3379 1930 3433 filii
1966 3380 2180 3451 Rapteri

246 3482 512 3549 detinetiS‚
564 3480 850 3550 supradicti
898 3480 1126 3550 episcopi
1175 3479 1359 3532 ditioni
1396 3478 1710 3544 restituatis3
1759 3481 1811 3531 et
1850 3493 1968 3530 eum
2004 3477 2059 3529 in
2097 3477 2177 3531 his

246 3582 297 3632 et
333 3579 389 3631 in
427 3577 664 3631 omnibus
702 3577 850 3631 bonis
891 3577 955 3629 ad
983 3594 1140 3647 supra
1167 3576 1362 3629 dictum
1390 3575 1764 3628 monasterium
1796 3574 2177 3646 pertinentibus

361 3707 391 3732 a.
428 3695 462 3732 ei
490 3695 638 3732 addidi.

2256 391 2369 434 1074

2153 482 2164 494 ,
2221 450 2329 488 Mart.
2349 453 2398 489 20

2248 2716 2362 2760 1074

2212 2777 2321 2814 Mart.
2342 2778 2390 2814 20
