2730 4198
770 300 1119 339 Bommoms
1157 302 1235 339 AD
1274 300 1503 339 AMICUM
1539 300 1649 338 Lm.
1677 301 1778 337 vm
2141 285 2249 339 675

305 418 624 485 pugnarent,
667 420 718 470 et
757 417 1047 488 episcopos¹
1069 417 1136 471 ad
1174 416 1449 471 concilium
1486 419 1759 471 vocarent:
1798 414 2014 468 Petrum
2053 416 2251 470 scilicet
2282 422 2398 466 1079

306 511 609 582 episcopum
635 511 1005 582 Albanensem,
1044 513 1219 566 virum
1255 512 1708 580 religiosissimum
1748 541 1817 548 —
1859 510 1948 579 qui
1984 514 2104 563 ante
2140 513 2249 581 epi-

305 612 577 677 scopatum
614 608 938 678 temporibus
969 625 1138 679 papae
1164 604 1482 662 Alexandri¹
1508 625 1572 661 ex
1610 610 1856 677 precepto
1898 605 2101 659 abbatis
2142 603 2249 658 sui2

304 707 486 756 contra
525 704 882 773 symoniacam
919 704 1205 758 haeresim⁸
1243 721 1339 774 per
1376 703 1576 756 medios
1615 703 1763 770 ignes
1801 701 2046 754 transivit
2070 700 2250 754 illesus

305 828 375 835 —
416 803 469 853 et
504 798 840 853 Uodalricum
875 799 1182 853 Paduanum
1227 799 1555 869 episcopum,
1604 797 1777 851 virum
1814 796 1967 850 valde
2007 796 2251 865 eloquen-

302 894 564 948 tissimum
616 899 668 949 et
704 895 949 949 Heinrico
996 896 1109 964 regi
1157 895 1284 948 satis
1331 893 1720 960 fidelissimum,
1771 895 1823 944 et
1860 891 2252 960 Aquileiensem

302 987 702 1060 patriarcham3.
782 991 907 1059 Qui,
957 991 1120 1062 Alpes
1170 994 1525 1057 transeunteS,
1573 1005 1751 1056 regem
1789 988 1845 1040 in
1882 986 2128 1040 Baioaria
2166 988 2246 1040 in·
2280 999 2367 1038 Mai.

302 1087 545 1154 veniunt3
586 1091 666 1141 set
704 1104 871 1156 neque
911 1086 1340 1157 suplicationibus
1378 1101 1547 1154 neque
1586 1083 1829 1154 precibus
1869 1100 2036 1152 neque
2077 1083 2253 1153 aliqua

305 1183 486 1251 quavis
534 1183 818 1236 calliditate
855 1186 1140 1253 potuerunt
1178 1180 1408 1250 efficere,
1457 1184 1517 1234 ut
1555 1180 1812 1250 synodum
1850 1183 2120 1250 pateretur
2157 1197 2253 1233 rex

302 1278 579 1332 Heinricus
626 1279 682 1331 in
729 1295 822 1332 suo
870 1295 1029 1346 regno
1082 1294 1169 1331 eos
1217 1277 1505 1345 celebrare,
1553 1276 1658 1329 nisi
1694 1275 2012 1329 Ruodolfum
2058 1275 2252 1345 absque

305 1375 575 1428 vocatione
613 1374 807 1428 vellent
845 1374 1313 1427 excommunicare.
1380 1372 1528 1437 Quod
1568 1373 1694 1425 dum
1731 1372 1810 1425 illi
1847 1372 2019 1426 facere
2057 1371 2253 1425 noluis-

303 1474 420 1524 sent
457 1469 886 1524 interdicentibus
927 1470 1238 1539 canonibuS,
1287 1470 1479 1523 infecto
1518 1469 1732 1537 negocio
1772 1467 1994 1521 Romam
2032 1468 2250 1522 rediere.

448 1565 645 1620 Iterum
694 1566 883 1620 acriter
901 1615 903 1617 .
921 1569 1210 1636 pugnatum
1252 1562 1360 1620 est⁴
1398 1570 1450 1620 et
1486 1566 1653 1619 multa
1691 1564 1841 1618 milia
1877 1564 2147 1617 hominum
2188 1581 2253 1618 ex
2300 1567 2415 1610 1080

301 1666 522 1733 utraque
561 1666 711 1733 parte
750 1662 997 1716 cecidere.
2283 1628 2360 1665 Μ’
2385 1629 2434 1665 2⁷

832 1913 1114 1977 INCIPIT
1159 1914 1392 1976 LIBER
1436 1913 1716 1976 NONUS.

450 2046 657 2100 Interea
692 2062 788 2099 rex
814 2044 1092 2100 Heinricus
1133 2046 1417 2100 deliberato
1459 2045 1674 2099 consilio
1714 2043 1860 2097 misit
1884 2043 2081 2097 Romae
2110 2042 2252 2111 lega-

302 2146 402 2211 tos,
442 2141 724 2195 Lemarum
763 2142 961 2196 scilicet
984 2141 1324 2196 Bremensem
1362 2142 1829 2212 archiepiscopum,
1871 2140 1935 2194 de
1963 2157 2063 2209 quo
2093 2156 2253 2210 supra

301 2238 593 2306 retulimUS,
633 2242 686 2291 et
710 2236 1185 2292 Pabenbariensem
1226 2235 1557 2308 episcopum⁵
1598 2241 1650 2291 et
1690 2237 1818 2290 alios
1861 2253 2018 2306 quam
2055 2236 2250 2307 plureS,

302 2334 600 2405 superbiam
641 2337 693 2387 et
729 2333 1018 2386 inauditam
1058 2338 1329 2403 portantes
1364 2334 1704 2402 legationem:
1745 2337 1819 2402 ut,
1862 2333 1906 2386 si
1933 2332 2088 2387 vellet
2112 2349 2252 2402 papa
2281 2349 2389 2386 Mart.

300 2430 622 2497 R(udolfum)
665 2429 859 2499 absque
897 2429 1089 2482 iudicio
1131 2430 1610 2498 excommunicare,
1652 2429 1882 2483 debitam
1923 2430 1971 2482 ei
2008 2429 2253 2499 preberet

303 2526 676 2592 obedientiam,
727 2526 809 2579 sin
848 2525 1024 2593 aliter,
1066 2526 1360 2595 acquireret
1399 2526 1499 2580 sibi
1538 2543 1759 2597 papam,
1810 2525 1900 2595 qui
1937 2525 2134 2579 faceret
2172 2542 2250 2578 se-

303 2622 531 2675 cundum
579 2622 688 2675 eius
728 2621 1064 2675 voluntatem.
1179 2622 1505 2677 Venerabilis
1544 2639 1667 2676 vero
1713 2621 1976 2692 pontifex,
2027 2621 2116 2690 qui
2154 2638 2248 2690 pro
2281 2636 2390 2674 Mart.
2410 2637 2433 2674 7

301 2718 521 2772 veritate
560 2717 695 2770 mori
730 2721 946 2787 paratus
987 2722 1116 2787 erat,
1155 2735 1259 2772 non
1296 2718 1464 2772 solum
1489 2717 1801 2771 Rudolfumb
1826 2717 2093 2770 racionem
2130 2734 2250 2786 pre-

300 2814 603 2868 tendentem
650 2829 757 2866 non
804 2813 1198 2883 condemnavit,
1252 2818 1332 2868 set
1379 2814 1538 2868 etiam
1585 2814 1759 2883 ipsum
1809 2830 1985 2880 regem
2027 2811 2249 2883 superbe

300 2910 601 2980 loquentem
658 2909 1144 2963 excommunicavit.
1297 2909 1446 2973 Quod
1495 2910 1692 2963 factum
1739 2909 1932 2979 populo
1981 2908 2247 2962 3011131100

301 3023 547 3075 magnam
587 3006 730 3060 dedit
766 3005 1194 3059 fluctuationem·

447 3102 653 3156 Interea
691 3102 882 3172 prefati
908 3101 1047 3169 regis
1072 3101 1249 3170 legati,
1278 3101 1520 3155 Tusciam
1547 3100 1832 3169 venienteS,
1874 3117 1905 3154 a
1930 3100 2249 3155 subiectione

302 3199 770 3253 excellentissimae
817 3197 1091 3251 cometisse
1127 3196 1418 3264 M(atildae)
1467 3197 1614 3251 eamd
1662 3197 1873 3250 omnino
1919 3197 2249 3267 temptabant

302 3299 551 3349 avertere.
628 3294 699 3348 Et
738 3294 859 3363 quia
896 3292 1043 3364 plebs
1082 3309 1288 3363 semper
1326 3293 1516 3363 cupida
1553 3310 1806 3348 novarum
1845 3310 2039 3361 rerum,
2085 3293 2248 3347 infida

420 3417 453 3442 a.
487 3405 674 3443 haeresim
702 3406 852 3443 addidi.
991 3403 1028 3440 b.
1063 3402 1267 3440 Rudolfum
1294 3404 1445 3441 addidi.
1590 3416 1622 3442 c.
1659 3404 1716 3441 Β.
1745 3419 1777 3441 c.
1913 3403 1950 3440 d.
1986 3414 2068 3440 eam
2097 3404 2248 3440 addidi.

420 3470 460 3513 1.
503 3482 542 3513 a.
567 3470 697 3514 1067.
739 3470 794 3515 V.
821 3466 1056 3512 Bertholdi
1086 3467 1270 3511 annales
1300 3481 1344 3523 p.
1367 3468 1474 3524 273,
1514 3468 1875 3512 Florentinorum
1912 3467 2148 3523 epistolam
2188 3466 2248 3510 ad

300 3540 610 3586 Alexandrum
640 3543 685 3587 H
716 3556 787 3599 ap.
810 3541 1054 3586 Baronium
1087 3540 1233 3583 annal.
1256 3541 1416 3584 eccles.
1449 3541 1507 3585 ad
1538 3555 1578 3585 a.
1603 3542 1732 3597 1063,
1763 3540 1977 3584 Mabillon
2005 3539 2125 3584 Ann.
2148 3539 2244 3583 ord.

300 3615 411 3658 Ben.
439 3615 484 3660 V
514 3617 554 3659 1.
693 3617 734 3660 2.
775 3616 988 3660 Iohannis
1028 3613 1262 3660 Gualberti
1299 3613 1476 3658 abbatis
1519 3614 1894 3660 Vallumbrosani.
2025 3614 2067 3657 3.
2109 3613 2246 3657 Hein-

299 3687 456 3731 ricum.
575 3688 618 3732 4.
650 3701 722 3745 ap.
744 3689 1010 3734 Flarcheim.
1131 3688 1173 3733 5.
1205 3689 1468 3744 Rupertum.

1787 3766 1891 3812 43*
