2730 4198
445 262 551 313 332
969 274 1242 312 GREGORH
1280 275 1357 310 vn
1395 273 1657 311 REG1s'rm
1699 276 1751 311 v1
1786 274 1854 311 5b.

284 395 398 439 1078
591 391 660 444 Ut
707 391 836 443 nulli
884 390 1114 460 episcopi
1162 388 1377 459 praedia
1429 389 1674 442 ecclesiae
1711 390 1767 443 in
1805 390 2108 446 benefic-ium
2147 393 2381 448 tribuant

252 455 346 493 ΝΜ
368 457 415 493 ¹⁹
444 487 555 540 sine
582 503 832 540 consensu
856 502 1042 555 papae,
1083 486 1127 538 si
1155 485 1217 538 de
1244 501 1338 538 sua
1364 487 1485 538 sunt
1511 486 1911 540 consecratione.
1973 487 2177 541 Caeteri
2204 493 2377 542 autem

442 583 553 636 sine
591 598 844 635 consensu
884 581 1260 651 archiepiscopi
1299 581 1380 634 sui
1420 584 1472 633 et
1496 580 1719 633 fratrum
1745 597 1959 636 suorum
1984 584 2082 638 hoc
2107 585 2247 639 idem
2274 603 2376 639 non

439 681 789 747 praesumant.
825 676 881 730 Si
901 681 1073 731 autem
1094 676 1556 747 praesumpserint,
1580 675 1643 729 ab
1665 675 1833 730 officio
1855 695 1946 730 suo
1968 681 2375 749 suspendantur3

441 777 507 840 et,
548 773 685 841 quod
722 773 988 827 venditum
1028 777 1108 826 est
1143 772 1227 826 vel
1266 772 1444 825 datum
1470 770 1792 839 beneficium,
1832 773 2077 829 ecclesiae
2113 776 2377 846 reddatur,

440 868 649 921 omnino
688 872 936 922 evacuata
974 869 1116 922 omni
1152 868 1449 922 venditione
1486 867 1570 921 vel
1609 868 1665 920 in
1703 866 2008 922 beneficium
2047 871 2343 926 traditione.

584 963 654 1018 Ut
701 981 878 1018 omnes
919 964 1149 1034 episcopi
1189 968 1325 1017 artes
1363 964 1653 1017 litterarum
1694 964 1750 1016 in
1789 964 1896 1017 suis
1937 966 2165 1019 ecclesiis
2206 967 2378 1021 doceri

437 1059 644 1113 faciant.
704 1059 775 1113 Et
814 1064 1118 1113 ornamenta
1145 1060 1390 1113 ecclesiae
1418 1060 1529 1113 sine
1556 1064 1699 1113 certa
1735 1060 1961 1114 utilitate
2002 1065 2091 1114 aut
2116 1063 2263 1130 gravi
2288 1080 2378 1116 ne-

437 1155 680 1208 cessitate
728 1155 869 1208 nullo
916 1155 1070 1208 modo
1119 1155 1364 1223 nulloque
1411 1155 1619 1223 ingenio
1660 1155 1890 1210 ecclesiis
1931 1157 2264 1227 subtrahant,
2313 1176 2378 1212 ne

435 1250 723 1319 periculum
763 1250 1040 1319 sacrilegii,
1082 1251 1218 1320 quod
1259 1251 1409 1319 absit,
1448 1252 1731 1305 incurrant.

582 1344 652 1397 Ut
697 1346 1039 1400 annuncietur
1085 1346 1259 1415 laicis,
1310 1363 1426 1400 cum
1475 1350 1667 1415 quanto
1716 1348 1947 1417 periculo
1998 1349 2203 1402 animae
2254 1366 2378 1404 suae

435 1439 661 1493 decimas
701 1441 933 1494 detinent
971 1446 1023 1495 et
1061 1442 1305 1496 ecclesias
1343 1442 1628 1512 possident.

580 1535 675 1604 Ut,
726 1537 815 1604 qui
862 1541 1057 1590 certam
1104 1542 1310 1607 partem
1361 1539 1415 1591 in
1462 1538 1701 1591 sollemni
1747 1539 1910 1592 missa
1947 1540 2130 1594 volunt
2167 1541 2374 1611 habere,

435 1630 632 1699 aliquid
668 1635 949 1701 procurent
987 1630 1186 1685 offerre.

813 1726 1094 1781 Decreta
1129 1727 1194 1780 in
1235 1728 1454 1782 eadem
1493 1729 1737 1798 synodo
1776 1730 1993 1784 facta⁰.

580 1819 911 1891 Quicunque¹
954 1823 1183 1876 militum
1240 1824 1355 1877 velb
1404 1825 1754 1893 cuiuscunque
1803 1826 1999 1879 ordinis
2045 1827 2129 1879 vel
2175 1829 2375 1898 profes-

431 1919 590 1972 sionis
638 1918 892 1988 personab
931 1918 1116 1988 predia
1164 1919 1514 1973 ecclesiastica
1562 1937 1592 1974 a
1631 1921 1967 1990 quocunqueb
2005 1939 2126 1989 rege
2166 1940 2257 1976 seu
2296 1940 2375 1977 se-

431 2014 594 2068 culari
640 2014 879 2084 principe
927 2014 1041 2068 vel⁰
1082 2014 1146 2068 ab
1197 2015 1453 2086 episcopis
1505 2017 1682 2070 invitis
1733 2034 1824 2070 seu
1871 2018 2143 2072 abbatibus
2183 2023 2272 2073 aut
2310 2020 2375 2074 ab

431 2110 689 2180 aliquibus
737 2110 1071 2164 ecclesiarum
1119 2111 1407 2165 rectoribus
1456 2113 1685 2183 suscepit
1722 2113 1805 2166 vel
1853 2115 2138 2184 susceperit
2174 2115 2256 2168 vel
2295 2117 2374 2168 in-

428 2206 612 2275 vasitd,
661 2206 744 2260 vel
796 2207 956 2260 etiam
1005 2207 1094 2260 de⁰
1141 2212 1404 2261 rectorum
1464 2209 1748 2278 depravato
1800 2226 1891 2263 seu
1936 2210 2124 2263 vitioso
2173 2211 2373 2264 eorumr

430 2320 684 2356 consensu
733 2303 984 2371 tenuerit,
1034 2304 1138 2356 nisi
1178 2304 1359 2358 eadem
1395 2305 1613 2374 praedia
1652 2305 1881 2359 ecclesiis
1918 2306 2232 2375 restituerit,
2282 2324 2371 2361 ex-

428 2398 884 2452 communicationi
922 2398 1200 2453 subiaceat.

578 2493 666 2547 Sig
705 2494 818 2563 quis
856 2494 1277 2548 Normannorum
1315 2495 1426 2549 vel¹¹
1466 2496 1814 2564 quorumlibet
1850 2496 2120 2549 hominum
2158 2498 2374 2566 praedia

429 2590 735 2643 monasterii
773 2590 939 2643 sancti
977 2590 1246 2645 Benedicti
1271 2591 1463 2645 Montis
1491 2591 1668 2645 Casini
1705 2592 1957 2645 invaserit
1994 2593 2078 2647 vel
2116 2610 2373 2662 quascun-

430 2703 529 2755 que
566 2703 649 2740 res
690 2686 923 2740 eiusdem
962 2688 1267 2741 monasterii
1304 2688 1495 2741 iniuste
1534 2688 1807 2742 abstulerit
1846 2692 1913 2756 et,
1954 2689 2033 2742 bis
2065 2689 2149 2742 vel
2173 2692 2254 2743 ter
2280 2690 2370 2743 ad-

427 2783 681 2851 monitus,
732 2799 837 2835 non
877 2783 1252 2852 emendaverit,
1304 2784 1830 2838 excommunicationi
1868 2784 2158 2854 subiaceat,
2208 2785 2370 2839 donec

426 2878 701 2948 resipiscat
739 2881 791 2932 et
830 2878 1077 2932 ecclesiae
1117 2879 1418 2932 satisfaciat.

574 2971 857 3038 Quoniam²
882 2975 1220 3028 investituras
1259 2976 1594 3029 ecclesiarum
1633 2980 1815 3030 contra
1851 2979 2047 3030 statuta
2072 2980 2367 3030 sanctorum

424 3074 634 3140 patrum
676 3087 707 3124 a
742 3070 890 3124 laicis
938 3071 1197 3141 personisi
1236 3072 1290 3124 in
1339 3072 1551 3126 multisk
1587 3073 1824 3142 partibus
1872 3073 2206 3140 cognovimus
2253 3071 2367 3126 fieri

539 3192 572 3217 a.
607 3183 796 3231 Legunlur
822 3184 933 3218 etiam
969 3181 1006 3228 2)
1035 3184 1072 3218 in
1101 3183 1298 3219 Bertholdi
1325 3184 1524 3221 annalibus
1555 3186 1657 3220 Mon.
1674 3186 1791 3221 Germ.
1811 3184 1879 3222 SS.
1905 3184 1943 3222 V
1952 3183 2039 3228 314,
2068 3180 2105 3228 3)
2136 3197 2197 3230 ap.
2214 3185 2362 3234 Hugon.

424 3247 585 3291 Flavin„
614 3249 717 3284 Mon.
736 3249 854 3285 Germ.
870 3249 937 3287 SS.
956 3249 1054 3286 VIII
1069 3249 1158 3286 423.
1261 3249 1297 3286 b.
1327 3263 1394 3286 om.
1419 3251 1454 3286 2.
1559 3260 1590 3286 c.
1617 3249 1678 3286 vel
1705 3249 1751 3286 ab
1779 3263 1848 3286 om,
1868 3250 1903 3294 2,
1930 3248 1990 3284 vel
2017 3262 2085 3284 om.
2105 3250 2139 3285 3.
2245 3249 2282 3285 d.
2309 3249 2365 3286 in—

422 3312 520 3349 vasit
544 3312 605 3349 vel
630 3313 812 3350 invaserit
840 3315 874 3351 2.
1007 3326 1038 3351 e.
1074 3314 1187 3351 etiam
1215 3314 1261 3351 de
1295 3335 1334 3339 -
1364 3315 1502 3352 vitioso
1531 3316 1573 3360 23
1610 3314 1826 3351 eorumdem
1853 3315 1875 3351 3
1899 3328 1968 3361 pro
1996 3314 2055 3350 de.
2182 3313 2207 3350 f.
2237 3330 2305 3351 om.
2329 3316 2363 3351 3.

423 3388 456 3424 g.
479 3378 519 3415 Si
538 3379 621 3426 quis
641 3399 682 3404 —
701 3380 1075 3417 excommunicationi
1102 3380 1294 3418 subiacere
1313 3396 1382 3418 om.
1402 3382 1439 3418 3.
1567 3380 1605 3417 h.
1625 3380 1685 3417 vel
1703 3400 1743 3404 —
1761 3379 1953 3416 hominum
1972 3394 2040 3416 om.
2057 3381 2091 3416 2.
2194 3380 2220 3417 i.
2244 3395 2313 3417 om.
2330 3382 2364 3417 2.

421 3443 458 3479 k.
485 3445 666 3481 terrarum
695 3447 788 3483 add.
808 3447 844 3483 2.

542 3509 582 3551 1.
619 3509 918 3566 „Quicunque
950 3535 1003 3542 -
1038 3509 1305 3554 subiaceat“
1339 3511 1510 3567 recepit
1541 3510 1782 3555 Gratianus
1822 3508 1867 3552 in
1907 3508 2026 3552 decr.
2059 3509 2107 3552 P.
2130 3509 2174 3552 II
2205 3508 2253 3553 G.
2276 3509 2365 3553 XII

423 3592 497 3635 qu.
521 3581 548 3623 2
589 3593 628 3624 c.
649 3581 692 3624 4.
843 3585 884 3626 2.
929 3617 949 3639 ,,
965 3582 1186 3636 Quoniam
1218 3608 1272 3614 -—
1306 3583 1540 3629 subiacere
1555 3582 1575 3605 “
1617 3585 1723 3627 sunt
1761 3582 1807 3625 in
1847 3581 2050 3625 Gratiani
2090 3581 2209 3626 decr.
2248 3582 2297 3626 P.
2321 3583 2365 3626 ΙΙ

423 3652 472 3697 O.
494 3653 606 3699 XVI
635 3665 709 3710 qu.
733 3656 757 3698 7
790 3667 828 3699 c.
853 3656 923 3699 13.
