2730 4198
411 427 524 471 1079

390 488 479 535 Apr.
499 488 546 525 19

405 1097 519 1141 1079

383 1158 473 1205 Apr.
494 1158 542 1194 20

580 291 687 345 372
1068 304 1342 342 GREGORII
1379 303 1458 340 vn
1480 303 1759 341 REGISTRI
1795 303 1854 340 vr
1881 303 1941 339 34.
1969 303 2029 340 35.

577 422 858 476 inveniant.
919 420 1112 473 Datum
1137 420 1331 473 Romae
1371 421 1435 473 13
1464 419 1577 472 Kal.
1606 418 1768 472 Madii
1804 435 1898 489 per
1923 436 2108 473 manus
2135 420 2277 474 Petri
2305 424 2514 475 sanctae

576 518 836 571 Romanae
886 516 1129 569 ecclesiae
1176 515 1470 585 presbyteri
1508 514 1786 568 cardinalis
1828 531 1887 568 ac
1924 515 2327 584 bibliothecarii,
2378 533 2512 570 anno

576 612 903 683 pontificatus
943 611 1120 664 domni
1158 609 1396 679 Gregorii
1423 610 1516 663 VII
1554 627 1721 680 papae
1762 614 1926 679 sext0,
1965 611 2247 665 indictione
2289 610 2361 680 2].

574 782 652 845 VI
679 787 778 845 35.
814 789 1096 841 Iohannem
1117 788 1186 840 II
1207 788 1651 858 Rotomayenscm,
1685 787 1980 855 Radulfum
2014 787 2379 853 Turonensem,
2412 790 2510 842 Re·-

596 862 600 867 ⁴
815 885 1040 937 cherium
1072 883 1414 937 Senonenscm
1453 885 1868 954 archiepiscopos
1907 883 2161 948 hortatur,
2202 895 2260 936 ut
2293 887 2514 954 primati

812 981 1197 1049 archiepiscopo
1239 979 1584 1049 Luqdunensi
1621 980 1875 1032 obediant.

720 1088 1001 1158 Gregorius
1042 1089 1316 1159 episcopus
1356 1106 1535 1142 servus
1564 1105 1832 1142 servorum
1860 1088 1957 1141 Dei
1983 1088 2232 1141 fratribus
2261 1092 2312 1142 et
2338 1089 2510 1159 coepi-

572 1186 741 1256 scopis
778 1181 1175 1252 Rotomagensi¹
1213 1182 1529 1238 Turonensi²
1570 1189 1621 1237 et
1662 1180 1975 1238 Senonensi³
2015 1184 2236 1237 salutem
2286 1187 2337 1238 et
2386 1201 2509 1255 apo-

572 1281 806 1335 stolicam
846 1280 1271 1333 benedictionem.

718 1375 863 1429 Sicut
897 1376 1043 1428 novit
1077 1375 1378 1428 fraternitas
1417 1379 1606 1443 vestra,
1647 1375 1794 1428 sedes
1828 1376 2127 1445 apostolica,
2170 1376 2252 1428 cui
2279 1375 2401 1429 licet
2426 1377 2506 1428 in-

569 1471 711 1538 digni
737 1470 847 1523 Deo
887 1475 1097 1523 auctore
1133 1470 1508 1540 praesidemuS,
1551 1471 1727 1524 divina
1765 1471 1934 1538 gratia
1959 1471 2266 1541 inspirante,
2309 1471 2509 1541 Spiritu

568 1570 746 1620 sancto
786 1566 983 1632 edocta,
1022 1582 1116 1634 per
1155 1565 1385 1618 diversas
1425 1567 1721 1637 provincias
1749 1571 1801 1619 et
1825 1583 1987 1634 regna
2012 1567 2296 1636 praesuleS,
2338 1567 2507 1620 archi-

567 1662 837 1731 episcopos
877 1665 928 1713 et
965 1660 1233 1729 primateS,
1274 1660 1548 1713 ordinavit.
1609 1660 1768 1714 Cuius
1808 1662 2176 1715 constitutione
2204 1667 2256 1715 et
2283 1663 2506 1716 auctori-

565 1761 672 1810 tate
709 1756 1071 1823 Lugdunensis
1121 1755 1338 1809 ecclesia
1385 1756 1669 1825 primatum
1719 1773 1875 1826 super
1923 1762 2144 1825 quatuor
2192 1758 2506 1827 provinciaS,

564 1853 805 1906 videlicet
841 1851 1240 1919 Lugdunensem
1280 1850 1713 1919 Rotomagensem
1755 1852 2109 1906 Turonensem
2151 1856 2202 1905 et
2242 1852 2508 1907 Senonen-

567 1965 692 2017 sem,
732 1965 827 2018 per
866 1963 1118 2000 annorum
1157 1946 1314 2015 longa
1353 1946 1611 2000 curricula
1650 1934 1935 2001 obtinuisse
1975 1949 2317 2016 cognoscitur.
2377 1948 2509 2002 San-

565 2048 768 2098 ctorum
815 2044 976 2112 igitur
1025 2047 1231 2112 patrum
1283 2059 1401 2110 1108,
1453 2043 1506 2095 in
1557 2048 1809 2112 quantum
1849 2043 1960 2097 Deo
2007 2044 2216 2098 favente
2254 2044 2506 2113 valemuS,

565 2140 806 2210 exempla
843 2139 989 2207 sequi
1027 2139 1320 2208 cupientes,
1362 2139 1607 2193 ecclesiae
1645 2144 1964 2193 memoratae
2001 2141 2312 2210 primatum,
2354 2157 2506 2209 quem
2569 2133 2571 2135 ’

563 2237 667 2307 ipsi
705 2236 925 2289 decretis
966 2236 1071 2287 suis
1111 2235 1493 2288 constituerunt
1532 2240 1685 2303 atque
1721 2241 2022 2304 sanxerunt,
2064 2253 2241 2288 eorum
2266 2237 2388 2289 freti
2413 2253 2506 2306 po-

564 2336 768 2399 testate,
810 2331 1028 2384 subinde
1068 2330 1373 2383 confirmare
1413 2331 1697 2383 studemus
1757 2331 1841 2383 Ad
1879 2331 1976 2383 hoc
2002 2331 2142 2384 enim
2168 2332 2373 2385 divinae
2400 2332 2505 2385 dis-

566 2427 885 2497 pensationis
933 2426 1160 2495 provisio
1210 2426 1401 2493 gradus
1451 2431 1502 2479 et
1550 2426 1782 2479 diversos
1833 2427 2103 2480 constituit
2147 2427 2352 2481 ordines
2392 2445 2504 2482 esse

566 2523 855 2590 distinctOS,
896 2526 970 2590 ut,
1011 2522 1135 2574 dum
1174 2523 1518 2574 reverentiam
1557 2522 1783 2575 minores
1810 2522 2099 2592 potioribus
2127 2523 2430 2577 exhiberent
2455 2529 2507 2577 et

564 2619 793 2688 potiores
830 2617 1117 2670 minoribus
1158 2617 1483 2671 dilectionem
1511 2617 1889 2687 impenderent,
1928 2634 2034 2670 una
2059 2619 2334 2672 concordia
2358 2619 2506 2673 fieret

566 2730 629 2767 ex
669 2714 995 2782 diversitate,
1048 2714 1337 2767 contextioa
1378 2718 1429 2767 et
1466 2713 1636 2767 rectab
1677 2713 1964 2767 officiorum
2002 2714 2301 2781 gigneretur
2341 2715 2504 2768 admi-

564 2809 804 2862 nistratio
834 2810 1170 2877 singulorum.
1231 2809 1410 2878 Neque
1439 2810 1575 2863 enim
1603 2810 1914 2863 universitas
1945 2810 2048 2863 alia
2072 2814 2278 2880 poterat
2301 2812 2503 2864 ratione

565 2905 863 2974 subsistere,
902 2906 1003 2958 nisi
1042 2905 1339 2958 huiusmodi
1365 2923 1584 2973 magnus
1612 2923 1727 2959 eam
1754 2904 2075 2959 differentiae
2102 2906 2225 2959 ordo
2253 2910 2499 2959 servaret.

564 3000 696 3064 Quia
731 3018 854 3054 vero
903 3006 1140 3055 creatura
1185 3001 1240 3053 in
1287 3019 1392 3055 una
1431 3003 1714 3071 eademque
1755 3002 2067 3071 aequalitate
2105 3001 2384 3070 gubernari
2418 3001 2502 3054 vel

563 3097 738 3150 vivere
777 3114 881 3150 non
919 3101 1108 3167 potest,
1151 3097 1452 3151 coelestium
1491 3099 1797 3153 militiarum
1839 3097 2106 3167 exemplar
2143 3114 2237 3150 nos
2262 3097 2498 3163 instruit3

564 3193 701 3261 quia,
743 3193 868 3245 dum
906 3194 1012 3246 sint
1051 3193 1222 3261 angeli
1262 3194 1367 3247 sint
1397 3195 1710 3263 archangeli,
1751 3195 1940 3264 liquet:
1983 3194 2105 3263 quia
2128 3209 2232 3245 non
2260 3193 2499 3262 aequales

563 3293 700 3357 sunt,
743 3289 833 3341 sed
870 3290 925 3341 in
963 3294 1221 3359 potestate
1262 3294 1313 3343 et
1352 3291 1548 3359 ordine,
1590 3292 1725 3344 sicut
1759 3291 1913 3357 nosti,
1955 3288 2127 3342 differt
2164 3288 2295 3341 alter
2335 3288 2398 3342 ab
2426 3289 2500 3342 al-

561 3387 689 3437 tero.
751 3383 807 3437 Si
846 3401 966 3452 ergo
1007 3386 1143 3439 inter
1181 3386 1292 3454 hos,
1334 3387 1422 3455 qui
1461 3388 1572 3440 sine
1609 3391 1821 3457 peccato
1853 3389 1990 3453 sunt,
2029 3385 2132 3437 ista
2157 3388 2361 3438 constat
2386 3402 2500 3439 esse

563 3479 855 3549 distinctiO,
906 3482 1020 3549 quis
1069 3482 1339 3535 hominum
1392 3482 1586 3536 abnuat
1632 3482 1753 3535 huic
1799 3498 1854 3535 se
1899 3481 2120 3535 libenter
2170 3481 2500 3551 dispositioni

676 3614 709 3640 a.
737 3605 908 3641 contexio
937 3620 967 3641 c.
1122 3605 1157 3642 b.
1185 3607 1285 3643 recte
1314 3608 1398 3644 cod.

679 3682 720 3726 1.
750 3681 938 3727 Iohanni
966 3683 1024 3727 II.
1173 3686 1214 3729 2.
1247 3684 1454 3730 Radulfo.
1573 3687 1614 3730 3.
1646 3683 1866 3730 Richerio.
