2730 4198
541 309 650 364 562
865 324 1140 364 GREGORH
1176 326 1255 362 vn
1291 325 1599 363 EPISTOLAE
1638 325 1982 363 GOLLEOTAE.
2014 327 2074 363 33.
2101 327 2162 363 34.

340 445 512 489 61079
690 439 1078 504 Querimoniam
1118 440 1257 510 apud
1294 457 1389 493 nos
1426 440 1551 494 fecit
1588 440 1800 510 quidam
1829 443 2135 511 peregrinus
2165 442 2228 496 de
2255 444 2479 512 quodam

541 551 790 590 converso
829 540 934 589 tuo.
995 537 1169 589 Iustus
1195 537 1459 588 Dominus
1494 539 1750 589 iustitiam
1775 539 1974 604 dilexit,
2016 541 2326 608 aequitatem
2349 541 2480 595 vidit

539 632 711 685 vultus
750 635 858 685 eius
875 627 902 683 ¹.
962 630 1174 684 Imitare
1200 630 1485 684 Dominum
1516 635 1681 700 tuum,
1721 632 1929 686 imitare
1954 634 2279 702 magistrum,
2321 650 2352 686 a
2378 649 2479 701 quo

538 724 698 780 habes
744 725 1034 779 doctrinam
1072 726 1227 779 vitae.
1286 724 1643 795 Praecipimus
1691 727 1850 780 etiam
1889 731 1940 781 et
1977 745 2098 797 noS‚
2147 733 2207 782 ut
2245 729 2293 782 ei
2329 728 2480 782 iusti-

538 821 667 874 tiam
704 822 865 875 facias
904 837 1081 875 coram
1118 819 1383 876 Huberto²
1422 822 1610 875 dilecto
1648 820 1755 875 filio
1793 826 1973 876 nostro
2013 827 2080 891 et,
2125 828 2185 877 ut
2219 823 2479 878 intellexi-

538 932 672 985 mUS,
713 917 879 971 amico
918 921 1023 970 tuo.

541 1088 641 1147 34.
681 1093 990 1146 Heinricum
1029 1093 1068 1145 I
1099 1095 1396 1164 episcopum
1432 1093 1769 1145 Leodiensem
1816 1104 2010 1146 extorto
2056 1096 2345 1165 iuramento
2370 1094 2477 1146 -αό-

684 1187 908 1240 solvit⁸³.

362 1305 477 1348 1080
683 1295 926 1349 Pervenit
964 1296 1031 1349 ad
1067 1313 1190 1365 nos,
1229 1302 1280 1350 te
1318 1298 1535 1350 fratrem
1576 1301 1627 1350 et
1665 1298 2030 1367 coepiscopum
2065 1301 2304 1351 nostrum
2337 1296 2478 1351 Hen-

332 1363 423 1412 (Μ’
443 1363 506 1411 30)
535 1391 702 1444 11011111
726 1390 1101 1445 Leodicensem
1129 1392 1448 1461 episcopum,
1486 1392 1551 1445 ad
1578 1392 1933 1462 apostolorum
1958 1393 2142 1447 limina
2167 1392 2478 1461 venientem,

537 1486 600 1540 ab
626 1487 902 1556 Arnulpho
934 1483 1153 1540 comite⁴
1177 1486 1332 1540 rebus
1362 1487 1466 1540 tuis
1496 1487 1639 1540 esseb
1668 1488 2005 1558 expoliatum,
2048 1493 2100 1542 et
2125 1489 2191 1542 ad
2215 1488 2479 1557 nequitiae

536 1586 873 1650 augmentum
912 1582 1100 1650 gladiis
1140 1582 1315 1635 iurare
1346 1582 1698 1652 compulsum:
1741 1584 1876 1651 quod
1905 1584 2078 1638 ablata
2103 1599 2371 1652 nunquam
2396 1600 2478 1636 re-

533 1682 764 1748 11616166,
808 1681 860 1731 61
895 1677 1049 1742 huius
1088 1677 1224 1730 tanti
1261 1677 1470 1730 sceleris
1511 1695 1542 1730 a
1578 1679 1728 1733 nobis
1768 1679 1867 1732 sibi
1906 1680 2111 1733 veniam
2149 1680 2475 1748 impetrares.

535 1772 756 1842 Cognita
802 1774 980 1843 itaque
1027 1772 1343 1827 contumelia
1387 1772 1485 1826 tibi
1521 1772 1682 1825 immo
1722 1774 1872 1827 beato
1912 1773 2066 1827 Petro
2103 1774 2278 1842 illata,
2326 1773 2478 1827 valde

533 1869 820 1936 doluimus3
857 1873 1166 1937 asserenteS‚
1194 1869 1578 1922 fraternitatem
1603 1873 1750 1922 tuam
1774 1869 1932 1922 nullis
1958 1869 2238 1923 iuramenti
2258 1868 2477 1922 vinculis

531 1981 686 2035 posse
731 1966 924 2034 teneri,
974 1981 1107 2034 quae
1144 1969 1255 2018 tam
1292 1963 1663 2018 nefandissime
1702 1968 1880 2018 coacta
1915 1964 2182 2020 iuraverit.
2239 1963 2405 2018 Unde
2426 1967 2480 2018 et

534 2061 820 2131 apostolica
866 2065 919 2115 te
968 2061 1278 2115 auctoritate
1329 2060 1671 2137 absolvimUS‚
1723 2064 1782 2113 ut
1825 2077 1931 2113 non
1979 2065 2099 2114 tuae
2137 2059 2223 2114 vel
2259 2059 2476 2114 alicuius
2549 2120 2551 2122 ,

532 2157 878 2211 conscientiae
917 2157 1011 2211 ob⁰
1050 2157 1148 2210 hoc
1184 2157 1411 2211 videaris
1450 2157 1688 2210 innexus
1821 2155 2041 2225 Insuper
2080 2156 2254 2224 etiam,·
2296 2154 2477 2208 eadem

531 2253 654 2307 freti
691 2256 976 2324 potestate,
1025 2269 1092 2306 ne
1138 2252 1235 2306 hoc
1272 2253 1326 2305 in
1368 2251 1665 2321 exemplum
1704 2251 1922 2304 caeteris
1959 2251 2213 2320 improbis
2253 2249 2477 2303 audendi

532 2349 713 2418 peiora
762 2349 830 2402 sit
876 2348 1138 2415 futurum,
1186 2347 1339 2399 fratri
1384 2351 1564 2399 nostro
1600 2345 1918 2406 Virdunensi
1957 2342 2227 2416 episcopo⁵
2267 2349 2320 2399 et
2358 2344 2475 2398 aliis

532 2443 673 2497 illius
719 2444 922 2514 patriae
968 2443 1111 2497 beati
1145 2441 1290 2495 Petri
1335 2440 1573 2494 fidelibus
1613 2458 1942 2511 summopere
1980 2441 2368 2511 praecepimus:
2418 2444 2478 2494 ut

535 2557 654 2594 eum
708 2544 766 2593 ut
813 2544 1095 2610 tyrannum
1145 2541 1197 2592 et
1244 2537 1558 2590 christianae
1604 2536 1870 2605 religionis
1920 2537 2332 2591 conculcatorem
2378 2535 2476 2588 1111-

532 2640 768 2706 pugnent
805 2639 858 2689 et
896 2635 1055 2689 armis
1093 2638 1203 2688 tam
1242 2633 1535 2686 carnalibus
1575 2649 1733 2701 quam
1770 2632 2131 2703 spiritualibus
2170 2632 2399 2700 undique
2426 2634 2479 2684 et

533 2732 750 2801 ubique,
799 2735 1053 2802 quantum
1097 2734 1342 2800 possunt,
1390 2729 1493 2782 nisi
1537 2729 1692 2796 digne
1732 2728 2069 2796 satisfecerit,
2117 2728 2473 2796 insequantur.

533 2827 786 2882 Volumus
824 2828 1025 2897 itaque:
1065 2830 1125 2880 111
1161 2825 1428 2896 praefatus
1469 2825 1741 2895 episcopus
1771 2825 1917 2894 prius
1948 2840 2279 2893 quoscunque
2304 2825 2478 2892 potest

536 2924 807 2994 episcopos
852 2928 904 2977 et
940 2922 1168 2992 reliquos
1207 2921 1501 2976 sacerdotes
1541 2920 1640 2974 sibi
1679 2920 1929 2988 adiungat
1967 2924 2018 2974 et
2052 2919 2203 2973 illum
2238 2918 2349 2975 Dei,
2368 2917 2476 2971 ini-

534 3020 729 3073 micum
777 3020 844 3073 ad
890 3019 1102 3087 dignam
1150 3017 1558 3071 satisfactionem
1605 3021 1866 3071 convocet.
1932 3015 2126 3079 Quodsi
2163 3015 2315 3082 digne
2351 3029 2477 3083 poe-

533 3116 702 3179 nitere
741 3119 793 3170 et
831 3115 1004 3169 ablata
1037 3114 1312 3170 restituere
1337 3113 1581 3182 noluerit,
1621 3113 1757 3167 datis
1785 3112 1886 3166 sibi
1915 3113 1981 3166 15
2008 3111 2209 3165 dierum
2233 3108 2475 3176 induciiS‚

534 3212 754 3266 introitu
793 3211 1041 3266 ecclesiae
1077 3210 1329 3280 privetur.
1388 3208 1459 3262 Et
1498 3209 1734 3280 praefato
1773 3208 1926 3262 modo
1952 3206 2146 3261 iniuria
2171 3204 2310 3261 beati
2333 3203 2478 3258 Petri

534 3307 828 3362 vindicetur
853 3324 1030 3377 ⁴usque
1069 3307 1136 3365 ad
1173 3305 1597 3362 satisfactionem.

652 3444 686 3470 a.
721 3433 857 3470 Edidit
890 3433 1073 3470 Baluzius
1110 3433 1274 3469 Miscell.
1304 3432 1381 3469 Vll
1414 3428 1596 3477 (Lutetiae
1624 3427 1740 3476 1715)
1770 3442 1810 3477 p.
1829 3428 1917 3465 126.
2051 3424 2089 3462 b.
2123 3434 2208 3462 csse
2242 3425 2381 3473 scripsi
2405 3437 2477 3472 pro

535 3500 573 3536 tc
600 3499 658 3536 ed.
789 3509 821 3536 c.
848 3500 904 3536 sic
931 3500 1091 3535 correxit
1116 3499 1300 3535 Baluzius
1328 3495 1374 3533 ab
1403 3497 1486 3533 cod.

654 3577 695 3621 1.
727 3577 801 3621 Ps.
828 3576 897 3632 10,
922 3577 964 3620 8.
1085 3576 1128 3620 2.
1161 3570 1440 3619 subdiacono
1471 3568 1691 3617 ecclesiae
1720 3571 1965 3616 Romanae.
2085 3569 2126 3612 3.
2160 3565 2227 3612 Cf.
2253 3567 2365 3623 Reg.
2391 3565 2479 3612 VII

539 3650 608 3705 13,
643 3650 699 3693 14
729 3662 865 3705 supra
893 3663 937 3705 p.
961 3650 1062 3704 396,
1084 3649 1185 3693 397.
1334 3647 1378 3690 4.
1411 3646 1467 3689 de
1500 3645 1660 3702 Chiny.
1808 3646 1850 3687 5.
1882 3641 2176 3686 Theoderico.
2442 3652 2445 3654 ·
