2730 4198
457 908 952 978 BONITHONIS
1010 908 1369 976 EPISCOPI
1428 906 1760 976 SUTRINI
1817 907 2068 975 LIBER

1004 1026 1118 1093 AD
1176 1025 1518 1094 AMICUM.

291 1309 542 1382 Bonitlzo
581 1331 688 1382 sive
724 1329 947 1395 BonizO,
989 1347 1124 1381 unus
1163 1338 1473 1381 sectatorum
1509 1324 1757 1397 Greyorii
1790 1326 1907 1381 VII
1929 1346 2109 1398 papae
2147 1347 2236 1380 ar-

288 1427 636 1491 dentissimus,
679 1425 846 1478 Italus
870 1425 990 1494 fuit
1028 1436 1187 1487 eerte3
1227 1426 1318 1476 sed
1356 1442 1457 1494 quo
1500 1424 1610 1476 loeo
1643 1434 1801 1489 ortus,
1845 1425 2056 1494 quando
2082 1435 2237 1477 natas

287 1524 370 1587 sit,
403 1541 552 1592 quem
577 1524 714 1574 vitae
741 1541 948 1574 cursum
975 1521 1252 1591 confecerit
1278 1531 1395 1573 ante
1422 1539 1618 1571 annum
1647 1519 1808 1584 1078,
1829 1539 2002 1590 paene
2028 1523 2237 1572 omnino

289 1618 560 1670 obscurum
611 1619 708 1671 est.¹
784 1617 834 1670 Τ
831 1629 1012 1670 antam
1060 1619 1202 1687 quod
1247 1628 1497 1681 tenemus,
1549 1635 1662 1668 eum
1707 1616 1946 1668 ecelesiae
1987 1616 2237 1670 Sutrinae

287 1714 609 1784 praefectum
648 1716 947 1784 episcopum
986 1733 1117 1776 esse,·
1165 1715 1346 1780 inscii,
1397 1713 1492 1764 hoo
1529 1731 1716 1764 munus
1753 1731 1931 1782 yerere
1971 1731 2071 1782 quo
2112 1724 2237 1766 tem-

286 1829 416 1880 pore
474 1806 738 1880 eoeperit¹.
817 1812 971 1881 Misit
1026 1821 1196 1862 antem
1253 1828 1391 1861 anno
1443 1809 1590 1861 1078
1638 1810 1939 1879 episcopum
1985 1827 2135 1879 papa
2181 1811 2238 1861 in
2273 1814 2386 1857 1078

293 1906 740 1975 Lanyobardiam,
782 1917 891 1958 tum
930 1907 1315 1958 discordiarum
1341 1907 1716 1958 Paterinarum
1754 1915 2047 1976 tempestate
2072 1907 2237 1958 iaeta-

291 2012 398 2054 tam
408 2022 426 2064 ,·
474 2020 579 2071 qua
609 2003 847 2072 funyens
899 2003 1177 2072 Zeyatione,
1229 2002 1458 2054 Bonitlio
1500 2000 1780 2053 Cremonae
1826 2002 2084 2054 translata
2124 2021 2240 2054 ossa

291 2108 587 2150 sanctorum
612 2099 764 2151 Petri
800 2109 846 2151 et
869 2099 1175 2151 Marcellini
1212 2100 1295 2150 die
1334 2098 1406 2150 12
1443 2117 1510 2148 m.
1539 2098 1683 2150 Maii
1719 2100 1949 2151 sacravit
1984 2100 2042 2150 in
2083 2099 2238 2150 eoole-
2269 2109 2355 2146 Mai.
2378 2110 2427 2146 12

290 2196 372 2245 sia
399 2193 457 2247 S.
489 2190 761 2246 Thomae2.
834 2194 977 2246 Unde
1002 2214 1263 2264 re9ressus
1293 2195 1534 2259 Romam,
1566 2196 1926 2264 episcoporum
1952 2197 2237 2262 conventui,

289 2291 347 2341 in
386 2307 487 2359 quo
527 2291 590 2342 de
612 2291 910 2359 formanda
948 2291 1267 2359 Berenyarii
1311 2290 1629 2342 Turonensis
1663 2291 1992 2359 professione
2031 2312 2064 2343 a
2107 2289 2239 2345 Gre-
2270 2301 2364 2338 Nov.
2387 2303 2405 2337 1

410 2419 449 2463 1.
480 2419 608 2464 Varii
627 2419 881 2463 Bonizones
913 2423 1018 2463 ante
1040 2433 1207 2463 annum
1232 2420 1346 2463 1078
1368 2423 1653 2475 comparent:
1684 2419 1904 2464 Bonizo
1935 2419 2244 2477 presbyter

292 2495 346 2535 et
376 2493 628 2536 sacrista
667 2493 1088 2548 (Placentinus)
1128 2494 1175 2537 in
1213 2493 1369 2537 tabula
1400 2493 1610 2550 Dionysii
1651 2493 1852 2549 episcopi
1882 2493 2155 2550 Placentini,
2198 2494 2241 2538 d.

293 2565 408 2608 1056
437 2565 549 2609 Dec.
571 2566 613 2621 3,
646 2579 718 2621 ap.
741 2565 900 2622 Campi
929 2567 1046 2610 Hist.
1069 2567 1115 2610 di
1135 2567 1257 2610 Piae.
1280 2567 1302 2610 I
1322 2566 1580 2624 514—5153
1612 2566 1822 2610 Bonizo
1855 2566 1990 2611 abas
2023 2566 2068 2612 S.
2090 2568 2245 2612 Petri

293 2637 359 2682 de
392 2637 594 2694 Campo
623 2638 670 2682 in
698 2638 856 2682 tabula
883 2639 1111 2684 Mathildis
1143 2640 1402 2684 comitissae
1424 2639 1467 2683 d.
1493 2641 1607 2683 1072
1627 2640 1725 2683 Iun.
1751 2641 1775 2684 7
1802 2653 1874 2696 ap.
1896 2641 2114 2686 Muratori
2133 2641 2242 2686 Ant.

291 2711 347 2755 It.
370 2711 488 2754 med.
511 2712 613 2755 aevi
632 2712 677 2755 II
697 2712 805 2769 9553
838 2713 1053 2757 Bonizo
1085 2713 1395 2758 canonicus
1427 2717 1481 2756 et
1506 2713 1895 2758 subdiaconus
1917 2713 2242 2770 (Aretinus)

293 2790 340 2834 in
378 2784 534 2829 tabula
575 2785 618 2828 d.
651 2786 765 2829 1073
804 2786 957 2842 Iunio,
999 2799 1069 2842 ap.
1100 2787 1330 2830 Mittarelli
1369 2786 1533 2830 Annal.
1565 2786 1814 2830 Camaldul.
1844 2787 1889 2830 Π
1929 2801 2033 2844 app.
2065 2802 2109 2844 p.
2133 2789 2242 2846 2443

291 2858 503 2902 Bonizo
544 2857 930 2902 subdiaconus
971 2860 1417 2915 (Placentinus),
1457 2872 1591 2915 quem
1632 2873 1735 2903 cum
1771 2860 1993 2917 Dionysio
2030 2862 2244 2918 episcopo

291 2932 553 2976 Placentino
592 2932 844 2988 litigavisse
884 2937 1079 2977 exeunte
1119 2946 1237 2977 anno
1281 2933 1419 2989 1074,
1462 2933 1596 2976 docet
1627 2932 1834 2989 Gregorii
1853 2934 1942 2979 VH
1972 2934 2086 2991 Reg.
2111 2936 2157 2979 H
2187 2937 2244 2980 26

292 3018 430 3061 supra
458 3019 502 3061 p.
528 3006 627 3049 139.
690 3006 762 3049 Ex
791 3005 956 3062 quibus
988 3006 1174 3063 quidem-
1201 3004 1508 3050 Bonizonibus
1548 3006 1742 3062 aliquem
1772 3010 1934 3063 putare
1965 3008 2159 3053 eundem
2191 3022 2245 3053 ac

293 3079 573 3124 Bonizonem
604 3079 867 3135 episcopum
890 3078 1136 3135 Sutrinum,
1167 3078 1381 3123 fidentius
1410 3083 1481 3124 est
1500 3093 1634 3135 quam
1656 3081 1821 3138 tutius3
1854 3093 1958 3125 cum
1978 3083 2244 3138 praesertim

291 3165 348 3196 ne
378 3152 427 3196 id
457 3152 640 3209 quidem
680 3156 960 3208 compertum
1001 3153 1080 3208 sit,
1122 3166 1211 3209 quo
1251 3166 1369 3197 anno
1401 3153 1595 3197 Bonitho
1636 3155 1886 3210 susceperit
1916 3155 2243 3212 episcopatum.

351 3227 393 3269 2.
425 3227 551 3270 Haec
581 3224 720 3270 refert
747 3226 1010 3271 Cavitellius
1042 3226 1386 3281 (Cremonenses
1417 3228 1617 3284 annales,
1649 3227 1898 3272 Cremonae
1928 3229 2043 3273 1588
2074 3243 2118 3285 p.
2141 3230 2199 3273 34
2210 3231 2245 3284 b>

291 3298 443 3344 verbis
474 3299 567 3343 his:
604 3300 698 3356 „Et
728 3312 846 3343 anno
881 3300 994 3344 1078
1026 3299 1099 3343 die
1131 3299 1401 3344 duodecima
1430 3301 1536 3345 Maii
1567 3315 1706 3358 opera
1736 3315 1790 3346 ac
1821 3306 2006 3359 sumptu
2035 3302 2247 3347 Gulielmi

294 3370 471 3416 abbatis
518 3377 565 3417 et
605 3372 827 3417 Guidonis
865 3373 1028 3429 prioris
1068 3372 1390 3417 monachorum
1437 3375 1531 3419 divi
1568 3375 1805 3419 Benedicti
1851 3375 2118 3420 Cremonam
2167 3375 2247 3430 (ibi

292 3446 501 3501 praesule
531 3445 767 3502 Arnulpho
809 3459 862 3490 ac
894 3446 1049 3490 Odone
1089 3445 1255 3490 abbate
1297 3446 1342 3491 S.
1364 3448 1615 3504 Laurentii)
1655 3462 1761 3493 ossa
1801 3449 2009 3494 divorum
2039 3450 2163 3493 Petri
2201 3452 2248 3493 et

293 3518 539 3563 Marcellini
567 3519 788 3564 translata
816 3518 1000 3564 fuerunt
1030 3523 1075 3563 et
1104 3520 1304 3576 reposita
1331 3521 1379 3564 in
1409 3521 1523 3565 aede
1555 3522 1649 3566 divi
1679 3522 1882 3567 Thomae
1904 3547 1959 3554 —
1986 3535 2039 3566 ac
2070 3526 2248 3566 sacrata

293 3603 374 3647 per
404 3591 632 3636 Bonitium
664 3593 927 3650 episcopum
958 3592 1189 3638 Sutrinum
1221 3606 1276 3637 ac
1304 3594 1505 3650 legatum
1536 3595 1878 3653 apostolicum“.
1925 3597 1967 3642 N
1969 3609 2021 3640 ec
2050 3596 2147 3640 sine
2179 3609 2246 3640 er—

293 3663 470 3708 roribus
499 3664 586 3708 hac
615 3667 832 3711 relatione
861 3681 972 3712 usus
1003 3671 1075 3712 est
1107 3667 1282 3724 Ughelli
1310 3668 1377 3714 IV
1407 3669 1508 3713 598.

367 3743 498 3785 Qud,
525 3747 762 3784 Bibliotheca
786 3750 832 3784 11.
1834 3752 1890 3795 37
