2730 4198
391 443 505 488 1079

371 502 451 542 Oct.
472 504 520 542 15

552 308 659 362 386
1081 317 1354 357 GREGoRn
1392 317 1470 353 vn
1507 315 1770 354 REGIsTm
1807 315 1886 352 vn
1912 314 1947 351 6.

550 438 775 510 principi
821 436 922 490 fide
970 451 1029 489 ac
1075 434 1346 488 devotione
1385 432 1679 497 coniunxit3
1730 431 1812 484 cui
1852 447 2030 484 omnes
2072 430 2394 500 principatus
2434 434 2486 483 et

549 538 828 605 potestates
869 531 1006 585 orbis
1044 534 1300 583 terrarum
1343 527 1616 594 subiciens,
1656 527 1736 579 ius
1763 525 1961 593 ligandi
1989 530 2143 594 atque
2171 525 2405 579 solvendi
2430 525 2485 578 in

550 629 690 683 coelo
739 631 790 681 et
826 628 880 680 in
920 630 1061 679 terra
1099 624 1430 678 contradidit.
1509 621 1621 685 Qua
1661 622 1723 675 de
1762 638 1820 674 re
1861 625 1912 674 et
1949 621 2097 674 vobis
2135 621 2321 674 merito
2360 636 2485 688 gau-

549 723 772 778 dendum
812 726 905 776 est.
976 720 1231 785 Quoniam
1270 736 1328 773 eo
1371 718 1626 788 ampliora
1663 716 1810 770 vobis
1848 720 2036 786 parata
2074 721 2195 770 sunt
2231 715 2483 786 praemia,

550 827 678 889 quo⁸
716 818 893 872 divina
930 816 1159 884 dignatio
1200 814 1572 868 correctionem
1611 813 1758 880 regni
1797 812 1975 879 vestri,
2019 811 2157 880 quod
2195 812 2284 864 diu
2321 811 2377 864 in
2403 827 2484 864 er-

547 913 695 968 roreb
732 913 1059 984 perstiterat,
1105 927 1269 979 usque
1310 910 1375 963 ad
1412 913 1586 988 vestr-a
1622 909 1908 962 reservavit
1946 913 2207 978 tempora:
2255 911 2315 959 ut
2349 907 2485 959 veri-

547 1013 707 1063 tatem
732 1008 831 1062 Dei
870 1012 921 1061 et
958 1007 1213 1060 iustitiam
1252 1036 1320 1042 -—
1364 1022 1465 1074 qua
1499 1005 1592 1072 illi,
1635 1005 1722 1073 qui
1748 1021 1838 1057 vos
1867 1005 2279 1074 praecesserunt,
2317 1005 2485 1054 recto-

546 1121 631 1158 res
681 1108 733 1158 et
778 1103 1040 1174 principes
1090 1106 1141 1155 61
1187 1102 1459 1154 universus
1509 1100 1732 1170 populus
1781 1104 1860 1152 tot
1911 1100 2060 1152 annis
2112 1103 2224 1152 tum
2270 1098 2485 1151 cecitate

546 1199 869 1268 ignorantiae
908 1202 1019 1251 tum
1059 1197 1320 1251 obstinata
1356 1196 1651 1250 temeritate
1690 1199 1967 1249 caruerant
2006 1225 2074 1230 —
2115 1199 2291 1248 vestra
2317 1210 2485 1246 mere-

546 1299 690 1348 retur
728 1294 990 1363 suscipere
1028 1293 1265 1346 sublimis
1304 1291 1569 1345 humilitas
1610 1295 1662 1345 et
1698 1290 1864 1344 fidelis
1893 1291 2234 1344 oboedientia.
2289 1289 2482 1342 Verum

547 1389 669 1457 quia
714 1405 864 1441 omne
904 1404 1033 1458 opus
1070 1387 1265 1440 bonum
1302 1404 1409 1439 non
1446 1391 1556 1440 tam
1594 1387 1657 1440 ab
1695 1387 1907 1456 inceptu
1947 1403 2104 1455 quam
2143 1403 2206 1439 ex
2245 1384 2350 1438 fine
2390 1401 2483 1438 suo

543 1483 901 1537 retributionis
940 1482 1173 1536 debitum
1211 1486 1426 1552 spectat,
1468 1482 1827 1535 excellentiam
1854 1486 2081 1535 vestram
2107 1485 2327 1552 paterna
2352 1481 2485 1534 cari-

543 1582 650 1632 tate
697 1594 993 1630 monemus:
1042 1581 1124 1645 ut,
1175 1577 1313 1645 quod
1353 1593 1383 1629 a
1419 1577 1605 1644 legatis
1644 1578 1836 1630 nostris
1878 1578 1940 1631 de
1979 1577 2233 1645 religione
2270 1576 2392 1630 fidei
2431 1580 2483 1629 61

544 1672 882 1727 6661681381161
930 1672 1125 1725 ordinis
1175 1672 1447 1741 accepistis
1497 1676 1548 1724 et
1600 1672 1767 1725 adhuc
1804 1672 1916 1725 Deo
1968 1677 2176 1726 auctore
2221 1671 2485 1742 accepturi

545 1769 695 1836 68118,
743 1766 963 1820 firmiter
1012 1767 1251 1821 teneatis,
1330 1766 1487 1834 Quia,
1538 1767 1671 1820 sicut
1709 1771 1851 1820 certa
1889 1784 2007 1837 spes
2047 1767 2229 1820 salutis
2269 1771 2349 1820 est
2383 1766 2483 1834 his,

546 1864 635 1933 qui
679 1864 735 1916 in
781 1863 1139 1916 observatione
1176 1861 1298 1915 fidei
1337 1866 1388 1915 61
1426 1862 1692 1916 (1661111136
1729 1862 1882 1916 11111118
1922 1867 2131 1916 83116136
2171 1861 2485 1932 apostolicae

546 1959 683 2013 sedis
721 1961 1054 2029 permanent,
1092 1958 1168 2011 ita
1203 1957 1335 2026 illis,
1377 1958 1465 2027 qui
1504 1958 1567 2011 ab
1607 1958 1717 2011 eius
1758 1959 2033 2012 concordia
2071 1962 2123 2012 61
2157 1958 2356 2011 unitate
2395 1974 2484 2011 ex-

543 2053 928 2121 orbitaverint⁰‚
975 2053 1102 2106 haut
1152 2053 1339 2107 dubiae
1388 2053 1736 2107 damnationis
1786 2058 1956 2107 terror
2005 2054 2259 2107 imminet.
2413 2052 2485 2107 Et
2569 2132 2571 2134 .

544 2149 754 2219 quidem
792 2149 855 2202 de
893 2149 1039 2202 vobis
1078 2149 1208 2202 bene
1247 2147 1540 2218 speramus3
1594 2151 1840 2218 quoniam
1877 2150 2130 2203 relatione
2170 2149 2346 2203 dilecti
2383 2147 2477 2201 filii

541 2245 709 2299 nostri
733 2245 978 2298 Richardi
1016 2244 1294 2298 cardinalis
1333 2244 1627 2314 presbyteri
1666 2249 1876 2298 sanctae
1913 2245 2177 2297 Romanae
2217 2244 2479 2311 ecclesiae,

545 2357 699 2410 quem
735 2357 874 2394 nunc
913 2340 1137 2393 secundo
1177 2340 1243 2393 ad
1279 2356 1371 2392 vos
1398 2340 1670 2407 mittimus,
1710 2340 1901 2393 bonam
1926 2340 2248 2393 voluntatem
2273 2357 2365 2393 vos
2390 2340 2483 2393 ha-

543 2436 665 2490 bere
702 2435 1070 2489 intelleximus
1213 2434 1315 2488 Sed
1355 2436 1600 2504 quoniam
1640 2436 1826 2488 devota
1863 2435 2020 2488 corda
2059 2452 2264 2505 semper
2304 2435 2482 2488 admo-

543 2531 741 2585 nitione
779 2531 1007 2598 gaudent
1045 2535 1096 2585 et
1131 2531 1278 2600 ipsae
1317 2531 1476 2584 etiam
1513 2532 1733 2584 virtutes
1774 2531 2022 2584 exercitio
2061 2531 2323 2598 indigent,
2363 2530 2483 2583 hor-

543 2630 718 2680 tamur
756 2627 1092 2680 eminentiam
1130 2630 1381 2680 vestram:
1422 2630 1482 2679 ut
1519 2626 1582 2679 ab
1622 2626 1718 2680 hac
1755 2631 1964 2680 terrena
2003 2630 2054 2679 61
2091 2626 2286 2679 caduca
2314 2625 2484 2694 digni-

543 2725 651 2776 tate
692 2722 758 2775 ad
793 2721 955 2789 illam,
996 2739 1126 2791 quae
1166 2722 1402 2776 caelestis
1442 2726 1494 2792 61
1531 2726 1742 2794 36161113
1781 2728 1874 2791 681,
1914 2726 2143 2776 mentem
2179 2721 2341 2789 levet3
2386 2721 2483 2775 hac

543 2821 720 2870 utatur
746 2818 879 2870 sicut
903 2818 1207 2871 transitoria
1234 2822 1285 2871 61
1310 2818 1410 2871 6116
1437 2817 1687 2887 peritura,
1726 2818 1872 2871 illam
1900 2822 2130 2888 appetat,
2159 2834 2290 2886 quae
2317 2821 2482 2871 aeter-

542 2913 763 2966 nitatem
799 2913 997 2983 pariter
1034 2912 1192 2967 habet
1230 2918 1281 2966 61
1319 2913 1512 2981 gloriae
1549 2913 1942 2984 plenitudinem.
2018 2913 2303 2967 Attendere
2343 2913 2483 2967 enim

545 3013 597 3061 et
635 3008 853 3062 sollicite
891 3025 1111 3078 pensare
1151 3009 1373 3063 debetis:
1416 3009 1658 3079 quoniam
1698 3010 1887 3063 cotidie
1927 3009 1994 3062 ad
2029 3008 2187 3062 finem
2216 3009 2354 3062 vitae
2390 3025 2481 3062 vo-

543 3103 707 3157 lentes
753 3103 1091 3174 nolentesque
1137 3105 1457 3175 properatis3
1510 3109 1586 3173 et,
1638 3105 1882 3174 quicquid
1921 3105 2223 3158 divitiarum
2270 3103 2480 3156 honoris

542 3200 808 3269 potentiae
845 3216 983 3253 nunc
1017 3199 1226 3267 arridet,
1266 3200 1437 3253 vicina
1461 3217 1619 3268 111618,
1659 3217 1777 3254 611111
1802 3201 2017 3253 minime
2042 3203 2272 3270 putatur,
2310 3199 2483 3268 rapiet

545 3298 596 3347 et
644 3295 818 3347 omnia
864 3295 1092 3349 tenebris
1140 3299 1192 3349 61
1240 3295 1586 3350 amaritudine
1634 3295 1852 3349 claudet.
1932 3295 2072 3358 Quae
2123 3311 2243 3362 ergo
2282 3295 2339 3347 in
2374 3294 2480 3347 illis

545 3405 681 3459 81168,
722 3407 853 3459 quae
878 3390 1059 3460 gloria,
1102 3408 1233 3460 quae
1259 3391 1531 3445 delectatio
1560 3395 1650 3445 aut
1674 3391 1987 3444 desiderium
2014 3406 2126 3443 esse
2153 3390 2320 3458 debet,
2349 3406 2481 3458 quae

545 3499 600 3537 se
640 3489 872 3539 amantes
912 3486 1193 3557 decipiunt,
1235 3490 1508 3555 sequentes
1542 3487 1765 3555 fugiunt,
1805 3485 2054 3539 habentes
2081 3484 2481 3555 derelinquunt?

544 3577 745 3643 Quanto
785 3584 955 3635 autem
996 3582 1053 3634 in
1090 3581 1170 3635 his
1207 3582 1424 3651 quisque
1450 3581 1622 3634 minus
1649 3581 1935 3635 delectatur
1959 3581 2233 3650 minusque
2259 3580 2481 3635 elatione

659 3707 691 3732 a.
727 3696 946 3734 clementius
973 3700 1158 3736 excidisse
1185 3699 1340 3735 videtur.
1469 3698 1506 3735 b.
1540 3697 1692 3735 herrore
1721 3712 1752 3735 c.
1882 3708 1914 3734 c.
1951 3696 2268 3735 exhorbitaverint
2293 3712 2322 3734 c.
