2722 4172
813 265 1086 305 GREGORII
1122 268 1201 305 vn
1237 267 1501 306 REGls'rRI
1536 268 1559 306 1
1585 267 1727 304 11.12.
2168 254 2238 308 23

299 383 521 438 lectione
575 383 731 438 corde
786 387 937 438 tenus
984 401 1077 439 vos
1135 401 1364 440 annexas
1419 402 1533 439 esse
1580 384 1780 440 scitote.
1858 384 1998 440 Data
2043 384 2238 442 Romae

303 483 335 535 8
372 480 634 535 Kalendas
671 479 806 550 Iulii,
844 481 1126 536 indictione
1170 484 1252 535 11.

299 651 324 713 I
362 655 460 714 12.
506 656 842 713 Guilielmum
894 661 1192 730 episcopum
1237 659 1554 729 Papiensem
1599 669 1796 725 monet,
1852 670 1912 713 ut
1960 657 2239 730 Gotqfredo

502 758 936 809 excommunicato
976 756 1363 826 archiepiscopo
1389 754 1778 807 Mediolanensi
1811 765 1858 809 et
1879 758 1965 822 iis,
2009 759 2104 827 qui
2127 776 2241 810 eum

502 838 925 918 consec-raccant,
968 853 1195 905 obsistat.

446 961 727 1031 Gregorius
778 963 833 1016 in
883 961 1177 1016 Romanum
1223 958 1524 1031 pontificem
1571 959 1766 1014 electus
1817 959 2093 1017 Guilielmo
2141 962 2242 1018 Pa-

297 1058 468 1130 piensi
505 1060 748 1130 episcopo
789 1058 1010 1112 salutem
1047 1058 1105 1111 in
1142 1057 1351 1111 domino
1389 1056 1509 1111 Iesu
1547 1055 1769 1111 Christo.

443 1155 708 1209 Nonnulla
742 1155 892 1209 nobis
929 1154 1092 1208 frater
1130 1153 1193 1207 de
1233 1157 1283 1207 te
1323 1153 1542 1207 antehac
1577 1153 1745 1208 relata
1783 1157 1929 1223 sunt,
1979 1171 2007 1208 e
2055 1155 2241 1225 quibus

298 1252 502 1306 animus
540 1256 718 1305 noster
754 1268 859 1304 non
895 1251 1158 1304 immerito
1197 1250 1400 1304 turbari
1439 1250 1633 1304 debuit.
1695 1250 1799 1305 Sed
1822 1250 1879 1303 in
1905 1251 2127 1322 epistola
2151 1256 2243 1306 tua

295 1349 448 1418 longe
487 1348 591 1402 alia
627 1351 1011 1416 cognoscenteS‚
1053 1347 1120 1401 ad
1155 1346 1423 1400 meliorem
1466 1347 1766 1417 opinionem
1801 1350 1854 1401 01
1880 1364 2027 1418 spem
2065 1349 2243 1417 gaudii

296 1445 505 1500 adducti
543 1461 746 1511 sumus;
796 1444 1087 1515 cupienteS,
1138 1447 1190 1498 et
1226 1442 1318 1497 illa
1355 1460 1491 1497 vana
1526 1443 1717 1512 fuisse,
1758 1447 1810 1498 et
1846 1442 2003 1498 fidem
2044 1462 2240 1515 eorum,

295 1525 427 1613 quae
464 1546 556 1596 tua
594 1541 801 1596 dilectio
841 1541 1078 1612 spondet,
1119 1557 1338 1611 operum
1377 1540 1710 1594 attestatione
1734 1541 2020 1612 percipere.
2083 1541 2241 1596 Cuius

293 1640 371 1694 rei
407 1655 656 1710 praesens
696 1642 748 1692 et
785 1637 996 1708 copiosa
1031 1637 1130 1691 tibi
1166 1638 1389 1691 materia
1426 1638 1677 1708 suppetit,
1715 1642 1776 1692 ut
1805 1638 1979 1708 ethis,
2020 1656 2151 1709 quae
2177 1639 2242 1694 de

292 1740 346 1791 te
383 1735 698 1790 credendum
735 1734 940 1803 suadeS‚
981 1733 1192 1788 exclusa
1230 1733 1553 1788 dubitatione
1580 1734 1851 1788 credamus
1891 1739 1959 1804 et,
1994 1735 2240 1790 fraterni-

292 1836 458 1887 tatem
492 1836 642 1886 tuam
677 1832 884 1900 integra
919 1830 1138 1885 caritate
1174 1830 1324 1885 nobis
1361 1831 1523 1884 immo
1551 1834 1761 1885 sanctae
1785 1830 2051 1886 Romanae
2078 1833 2240 1888 eccle-

294 1930 404 1984 siae
442 1930 712 1984 astrictam
748 1928 885 1997 fore,
934 1927 1346 1998 comprobemus
1411 1926 1532 1981 Fiat
1567 1927 1744 1997 itaque
1781 1928 1932 1983 nobis
1970 1929 2238 2000 indicium,

295 2043 453 2096 quam
498 2025 737 2080 unanimi
781 2024 952 2079 studio
1010 2024 1192 2078 eadem
1248 2023 1520 2078 nobiscum
1565 2024 1699 2078 velle
1747 2027 1799 2078 01
1842 2042 1939 2096 pro
1998 2025 2241 2081 libertate

293 2127 503 2178 sanctae
541 2121 814 2191 ecclesiae,
866 2121 1052 2192 quibus
1099 2137 1195 2174 nos
1240 2137 1619 2191 repugnamuS‚
1668 2124 1777 2175 toto
1829 2122 1950 2176 nisu
1997 2123 2240 2178 resistere

290 2223 506 2291 paratus
546 2220 769 2274 existas:
808 2218 1052 2272 videlicet
1087 2221 1147 2271 ut
1183 2217 1282 2286 his,
1324 2217 1414 2287 qui
1451 2217 1761 2271 catholicam
1798 2216 1955 2273 fidem
1994 2223 2046 2273 et
2079 2219 2240 2275 eccle-

292 2317 533 2371 siasticae
568 2315 836 2384 religionis
862 2314 1071 2383 regulas
1097 2317 1349 2368 conantur
1374 2318 1623 2383 evertere,
1662 2331 1768 2368 non
1793 2314 1963 2369 solum
1987 2333 2094 2370 non
2119 2333 2241 2371 con-

292 2413 502 2482 sentire,
541 2412 634 2467 sed
664 2442 729 2449 —-
759 2429 820 2466 ea
856 2415 1023 2482 parte,
1065 2427 1197 2481 quae
1225 2427 1321 2482 pro
1350 2411 1646 2465 reverentia
1669 2411 1824 2466 huius
1864 2416 2075 2467 sanctae
2101 2413 2239 2468 sedis

293 2513 344 2564 et
381 2509 555 2563 debito
592 2512 871 2580 perceptae
908 2507 1032 2562 fidei
1068 2507 1212 2562 cultu
1247 2507 1352 2561 illis
1390 2508 1650 2562 contraire
1688 2508 1934 2578 decrevit,
1974 2509 2079 2563 tuis
2117 2526 2240 2564 con-

294 2605 424 2659 siliis
473 2605 832 2675 adiutorioque
880 2604 1092 2659 suffulta
1141 2634 1207 2641 —
1255 2621 1353 2675 pro
1403 2604 1507 2658 tuis
1553 2603 1753 2658 viribus
1803 2608 1856 2659 te
1906 2622 2110 2676 quoque
2157 2623 2240 2661 re-

291 2718 526 2772 pugnare
565 2702 823 2756 ostendas.
975 2701 1087 2756 Hoc
1114 2705 1290 2755 autem
1314 2701 1673 2755 indubitanter
1701 2701 1852 2771 sciaS‚
1893 2703 2140 2773 quoniam
2167 2734 2237 2741 ——

293 2798 339 2851 si
384 2797 796 2852 Mediolanenses
845 2798 1087 2852 catholici
1132 2798 1286 2852 huius
1335 2798 1415 2851 rei
1460 2798 1819 2852 testimonium
1877 2798 1941 2853 de
1990 2803 2043 2853 te
2087 2799 2238 2854 nobis

292 2895 560 2964 dederint,
608 2898 668 2948 ut
714 2892 990 2948 Gotefredo
1007 2891 1021 2915 ¹
1059 2894 1505 2948 excommunicato
1553 2898 1605 2948 et
1653 2895 1935 2966 episcopis,
1988 2896 2077 2965 qui
2127 2896 2238 2950 eius

291 3008 450 3046 causa
485 2990 1034 3046 excommunicationis
1071 2990 1361 3062 periculum
1405 2991 1764 3060 incurrerunt,
1813 2991 2098 3062 prudenter
2148 2992 2238 3047 ob-

292 3089 474 3158 sistaS‚
505 3073 578 3142 >et
615 3089 715 3157 018,
765 3088 854 3158 qui
889 3088 947 3140 in
985 3087 1269 3141 certamine
1308 3086 1503 3141 Christi
1540 3091 1687 3156 sunt,
1725 3086 1949 3142 fideliter
1987 3088 2238 3143 solacium

290 3185 542 3256 praebeas
581 3215 651 3222 —-
690 3201 796 3238 non
845 3200 1031 3238 aurum
1077 3183 1163 3236 vel
1211 3187 1486 3252 argentum
1532 3200 1630 3238 nec
1677 3184 1853 3253 aliqua
1889 3184 2236 3239 fraternitatis

290 3285 411 3335 tuae
458 3281 631 3335 studia
676 3281 760 3335 vel
809 3280 1057 3350 obsequia
1113 3285 1322 3335 nostrae
1371 3285 1423 3335 et
1469 3281 1630 3334 totius
1676 3279 1942 3334 Romanae
1988 3280 2236 3336 ecclesiae

292 3379 499 3433 caritati
539 3358 700 3447 aeque
737 3382 790 3432 10
825 3381 877 3432 01
902 3394 1084 3432 causas
1112 3381 1231 3431 tuas
1257 3377 1621 3431 commendare
1648 3380 1701 3430 01
1723 3376 2073 3431 indissolubili
2110 3394 2237 3432 cura

241 3535 244 3538 ,
292 3478 567 3530 annectere
601 3478 851 3546 poterunt
861 3483 894 3529 ⁸.
955 3474 1016 3528 In
1052 3474 1151 3528 hoc
1188 3474 1380 3528 etenim
1418 3473 1758 3528 karissimum
1793 3471 1961 3528 filium
1996 3477 2049 3529 et
2072 3472 2234 3528 fidum

405 3611 439 3638 a.
472 3600 639 3649 poterint
664 3615 696 3638 c.

410 3680 452 3723 1.
484 3678 818 3737 archiepiscopo
848 3678 1185 3724 Mediolanensi.

2285 392 2400 436 1073

2265 451 2346 489 Iun.
2365 453 2416 491 24

2287 973 2402 1016 1073

2269 1033 2349 1070 Iun.
2370 1034 2418 1071 29
