2730 4198
749 282 1026 322 GREGORII
1061 284 1142 321 vn
1177 282 1443 322 REGISTRI
1478 283 1580 322 vm
1605 283 1654 322 57
1682 282 1747 331 (1x
1765 282 1843 330 34).
2156 270 2264 324 515

322 401 603 465 interitum,
643 402 780 453 unde
807 404 1142 471 protectionis
1169 402 1344 455 debuit
1367 402 1552 455 habere
1577 401 1902 454 subsidium?
1962 400 2266 455 Sacerdotes
2299 407 2446 450 1083?

323 497 460 549 enim
494 496 627 548 mali
662 515 822 549 causa
858 508 979 551 sunt
1013 501 1200 551 ruinae
1232 498 1436 568 populi.
1513 496 1645 550 Item
1683 495 1836 549 alibi:
1891 495 2000 563 Qui
2034 498 2268 568 improbe

323 593 396 645 ad
429 594 639 645 inanem
671 593 901 662 yloriam
939 594 1108 646 locum
1129 594 1358 663 festinat
1392 595 1683 646 sanctitatis
1723 595 1988 664 arripere,
2032 611 2088 645 eo
2128 595 2263 663 ipso,

323 705 426 758 quo
464 688 710 741 honorem
747 692 966 759 quaerit,
1006 692 1255 760 indiynus
1294 700 1380 742 est.
1442 688 1595 742 Sicut
1632 691 1768 740 enim
1793 691 1856 754 is,
1901 690 1996 758 qui
2017 691 2266 753 invitatus

321 786 510 850 renuit,
543 788 802 854 quaesitus
827 786 1040 856 refuqit,
1068 788 1233 838 sacris
1261 795 1335 838 est
1359 785 1613 836 altaribus
1641 785 2008 850 admovendus,
2050 786 2143 849 sic,
2175 786 2269 853 qui

321 880 459 933 ultro
500 881 662 934 ambit
697 882 778 934 vel
811 884 1151 952 inportunum
1187 899 1240 932 se
1270 882 1477 949 inqerit,
1516 879 1706 949 procul
1729 879 1886 931 dubio
1918 889 1992 932 est
2013 880 2265 949 repellen-

323 977 436 1028 dus.
495 976 639 1029 Nam
679 979 773 1046 qui
806 979 881 1030 sic
907 979 1092 1030 nititur
1117 977 1190 1028 ad
1213 975 1414 1028 alciora
1441 977 1794 1040 conscendere,
1838 977 1970 1044 quid
1994 978 2120 1045 a9it,
2161 978 2270 1028 nisi

322 1082 382 1126 ut
418 1051 685 1125 crescendo
725 1074 983 1126 decrescat
1019 1081 1087 1136 et,
1130 1072 1451 1123 ascendendo
1491 1073 1732 1136 exterius,
1774 1073 1991 1135 interius
2031 1073 2104 1124 ad
2137 1090 2265 1142 pro-

309 1168 495 1237 funda
533 1164 866 1221 descendat?¹
903 1170 955 1220 et
990 1164 1148 1236 paulo
1186 1168 1333 1235 post:
1356 1158 1359 1159 ⁷
1382 1164 1655 1236 Templum
1695 1167 1936 1219 dominus
1963 1177 2010 1219 et
2033 1167 2267 1220 salvator

322 1273 495 1316 noster
530 1266 808 1334 inqressus,
851 1265 987 1333 cepit
1023 1263 1181 1314 eicere
1220 1280 1392 1314 omnes
1429 1264 1701 1315 vendentes
1742 1273 1788 1316 et
1827 1273 2041 1315 ementes
2068 1266 2126 1316 in
2151 1264 2263 1329 illo,

323 1369 368 1412 et
407 1359 675 1412 cathedras
709 1360 1035 1412 vendentium
1061 1358 1323 1410 columbas
1351 1360 1541 1412 evertit.
1604 1358 1713 1425 Qui
1735 1369 1857 1412 sunt
1881 1361 1974 1412 isti
1996 1361 2265 1412 vendentes

323 1465 371 1507 et
408 1465 647 1520 ementeS,
691 1473 911 1524 quorum
951 1454 1223 1507 cathedrae
1261 1473 1464 1507 eversae
1503 1466 1638 1520 sunt,
1679 1458 1788 1508 nisi
1825 1458 1921 1525 qui
1955 1457 2185 1508 vendunt
2222 1466 2269 1508 et

321 1560 494 1603 emunt
538 1551 892 1603 sacerdocium
939 1561 985 1603 et
1023 1549 1288 1621 Spiritum
1337 1562 1599 1616 sanctum,
1653 1570 1875 1620 quorum
1913 1553 2267 1604 sacerdocium

320 1655 438 1697 ante
475 1645 648 1698 oculos
674 1645 784 1699 Dei
818 1648 1076 1712 cecidisse,
1118 1647 1481 1700 cathedrarum
1520 1649 1780 1699 eversione
1812 1659 2051 1718 patenter
2085 1650 2265 1718 si9na-

320 1750 428 1793 tum
466 1741 571 1794 est?
626 1742 700 1795 E't
735 1761 851 1795 cum
891 1743 1086 1812 liqueat
1122 1743 1255 1794 hanc
1282 1744 1502 1795 heresim
1540 1754 1658 1796 ante
1699 1762 1872 1796 omnes
1913 1745 2050 1796 alias
2086 1746 2267 1796 radice

316 1837 568 1906 pestifera
613 1840 671 1890 in
710 1839 920 1891 ecclesia
957 1841 1298 1908 surrepsisse,
1351 1850 1506 1908 atque
1542 1842 1600 1891 in
1639 1842 1754 1909 ipso
1796 1850 1912 1892 ortu
1950 1841 2266 1910 apostolicae

319 1933 696 1986 maledictionis
745 1935 841 1987 telo
891 1953 996 1987 esse
1043 1936 1346 1987 damnatam
1356 1942 1390 2000 ⁸,
1444 1954 1538 1987 cur
1582 1954 1689 1988 non
1737 1947 1972 2002 cavetur,
2023 1955 2117 1988 cur
2159 1955 2265 1988 non

318 2030 686 2099 perpenditur,
740 2032 866 2099 quia
912 2030 1192 2083 benedictio
1240 2031 1326 2083 illi
1372 2033 1430 2083 in
1478 2032 1893 2084 maledictionem
1931 2035 2261 2097 convertitur,

321 2127 416 2194 qui
451 2127 522 2178 ad
558 2126 670 2191 hoc,
710 2136 768 2178 ut
791 2126 896 2193 fiat
932 2126 1197 2192 hereticus,
1231 2123 1635 2197 promovetur22
1693 2126 1838 2180 Haec
1878 2128 2055 2180 omnia
2095 2131 2147 2181 et
2172 2127 2264 2180 ho-

318 2236 435 2271 rum
474 2220 666 2273 similia
705 2221 829 2287 sibi,
870 2222 992 2290 quia
1016 2221 1187 2274 virum
1225 2221 1516 2275 litteratum
1555 2239 1674 2274 eum
1715 2222 2008 2276 audivimus
2024 2263 2038 2292 ‚
2079 2223 2262 2294 dicit4e3

319 2315 703 2369 considerantes
744 2316 1019 2384 diligenter
1058 2321 1110 2370 et
1147 2333 1266 2370 cum
1303 2317 1519 2385 timore,
1562 2318 1685 2386 quia
1722 2318 2129 2387 inoboedienteS,
2172 2319 2264 2372 Sa-

317 2410 522 2465 muhele
558 2411 817 2482 propheta
853 2415 1094 2480 testante,
1136 2411 1303 2466 scelus
1333 2412 1607 2466 incurrunt
1631 2410 1960 2480 idolatriae³;
2001 2418 2112 2468 sine
2140 2434 2261 2485 qua,

319 2505 558 2560 videlicet
597 2507 946 2576 oboediencia,
987 2508 1122 2561 sicut
1158 2508 1340 2562 beatus
1367 2507 1650 2577 Gregorius
1688 2510 1743 2563 in
1773 2510 1958 2563 ultimo
1986 2509 2261 2564 Moralium

318 2598 480 2654 libro‘²
517 2601 762 2672 declarat,
800 2605 1024 2672 infidelis
1052 2608 1271 2676 quisque
1298 2609 1637 2672 convincitur,
1681 2609 1844 2659 eciam
1870 2609 1919 2659 si
1941 2608 2120 2675 fidelis
2161 2627 2266 2660 esse

320 2698 572 2751 videatur.

464 2791 699 2846 Plurima
736 2793 836 2847 sibi
871 2795 928 2847 in
967 2795 1226 2866 epistolis,
1279 2798 1414 2851 sicut
1453 2803 1506 2851 et
1542 2798 1696 2851 modo
1736 2797 1912 2867 vobiS,
1962 2798 2099 2867 dixi,
2142 2799 2264 2868 quia

319 2893 372 2942 et
418 2887 706 2958 plurimum
754 2906 872 2942 eum
921 2890 1096 2944 dilexi.
1173 2892 1289 2946 Nisi
1339 2894 1477 2947 enim
1524 2911 1642 2947 eum
1680 2893 1905 2947 multum
1945 2894 2261 2963 dilexissem,

316 3001 423 3037 non
460 2988 568 3038 tam
607 2985 772 3038 multa
811 2985 910 3039 sibi
948 2986 1032 3040 vel
1069 2987 1133 3041 de
1174 3005 1233 3042 eo
1273 2989 1547 3056 dixissem3
1589 2990 1712 3059 quia
1749 3007 1854 3043 non
1883 2994 1962 3044 est
1987 2994 2262 3044 consuetu-

317 3080 454 3134 dinis
502 3085 738 3150 nostrae,
790 3081 945 3134 alicui
992 3086 1101 3135 tam
1145 3083 1404 3153 prolixam
1456 3085 1732 3155 epistolam
1782 3086 1979 3154 facere,
2030 3087 2132 3139 nisi
2177 3104 2261 3140 res

316 3193 509 3245 magna
546 3177 615 3230 sit
652 3177 819 3230 valde.
879 3176 1026 3241 Quod
1063 3178 1180 3232 ideo
1219 3180 1336 3248 feci,
1378 3181 1500 3249 quia
1527 3181 1881 3234 desideramus
1909 3199 2027 3235 eum
2056 3181 2119 3234 ad
2148 3199 2262 3250 gre-

315 3272 480 3326 mium
517 3272 827 3326 universalis
866 3274 1050 3327 matris
1091 3280 1300 3330 sanctae
1334 3275 1600 3330 Romanae
1640 3277 1888 3331 ecclesiae
1925 3277 2172 3331 reducere
2213 3283 2264 3332 et

317 3368 412 3422 sub
452 3368 547 3423 alis
584 3369 726 3423 beati
764 3368 908 3423 Petri
947 3353 1082 3424 sicut
1122 3372 1451 3425 carissimum
1489 3371 1656 3425 filium
1693 3378 1931 3427 nostrum
1970 3374 2160 3427 fovere.

436 3497 468 3523 a.
497 3486 672 3524 damnata
698 3502 730 3525 c.

435 3551 477 3594 1.
527 3549 573 3595 S.
604 3550 741 3607 Greg.
772 3551 945 3607 Regist.
986 3552 1037 3595 L.
1063 3551 1129 3595 IX
1169 3563 1240 3608 ep.
1264 3553 1374 3609 106,
1423 3551 1535 3609 Opp.
1574 3552 1646 3597 ed.
1685 3553 1919 3597 Benedict.
1961 3554 2015 3598 T.
2045 3554 2091 3598 Π
2131 3556 2259 3599 1007.

317 3623 358 3665 2.
392 3620 448 3666 cf.
467 3622 575 3667 ibid.
695 3627 736 3669 3.
771 3627 795 3669 1
818 3626 930 3682 Reg.
956 3626 1024 3682 15,
1048 3627 1119 3670 23.
1239 3626 1282 3670 4.
1314 3625 1413 3670 Lib.
1435 3627 1492 3670 35
1523 3639 1622 3682 cap.
1645 3627 1715 3682 28,
1749 3626 1861 3683 Opp.
1885 3627 1956 3671 ed.
1980 3628 2261 3673 Benedictini

320 3694 374 3738 T.
398 3695 420 3738 I
451 3696 580 3740 1156.

1803 3779 1907 3824 334*
