2730 4198
532 292 640 345 406
1004 302 1276 341 GREGORn
1313 303 1391 339 vn
1428 300 1691 339 REGISTRI
1727 301 1806 337 vn
1834 301 1894 337 15.
1923 300 1983 337 16.

372 427 487 471 1080
534 425 585 475 et
632 438 772 489 eam,
825 436 955 488 quae
994 419 1140 472 decet
1176 416 1660 487 metropolitanum,
1709 415 2097 486 archiepiscopo
2135 421 2307 470 vestro
2346 417 2466 471 sub-

350 487 457 524 Mm'
480 487 502 523 8
532 517 803 570 iectionem
843 519 895 568 et
933 513 1310 567 oboedientiam
1349 511 1652 578 exhibeant3
1691 515 1956 564 reservato
1982 509 2197 565 Dolensi
2224 513 2467 582 episcopo

532 611 678 681 pallii
717 627 828 662 usu.
900 609 978 662 Ita
1016 612 1209 676 tamen,
1248 612 1307 661 ut
1342 607 1515 660 nullus
1555 622 1910 659 successorum
1950 623 2162 660 suorum
2201 607 2373 676 aliquo
2411 607 2467 660 in

532 711 764 775 tempore
805 705 870 757 ad
908 704 1043 757 hanc
1081 699 1416 771 dignitatem¹
1443 702 1664 772 aspiret3
1705 701 1812 770 sed,
1854 701 1988 755 sicut
2027 719 2186 772 supra
2223 703 2467 771 diximuS,

531 805 640 854 tam
678 800 797 870 ipsi,
845 799 1086 852 videlicet
1122 799 1176 851 in
1215 798 1433 852 ecclesia
1458 797 1672 850 Dolensi
1711 796 2075 865 constituendi,
2116 814 2272 867 quam
2311 798 2467 851 etiam

533 896 723 949 caeteri
759 894 1084 948 Brittanniae
1129 893 1358 964 episcopi
1396 892 1696 960 magisterio
1737 891 2052 945 Turonensis
2092 892 2469 963 archiepiscopi

531 991 587 1043 in
624 994 934 1060 perpetuum
972 989 1166 1042 subditi
1203 993 1560 1059 permaneant.
1634 987 1773 1041 Data
1809 986 2005 1041 Romae
2044 988 2076 1040 8
2116 986 2236 1041 Idus
2274 987 2470 1057 Martii,

531 1085 811 1140 indictione
850 1087 898 1138 3.

532 1253 636 1316 VII
666 1258 763 1314 16.
806 1260 1030 1313 Huberti
1054 1260 1285 1330 episcopi
1315 1257 1700 1311 Tarvamiensis
1728 1261 2104 1312 contumaciam
2129 1259 2469 1329 reprehendit.

715 1356 1004 1425 Praecipit,
1045 1365 1104 1407 ut
1139 1364 1347 1406 vocatus
1387 1355 1451 1406 ab
1478 1354 1703 1424 Huyone
1742 1357 1980 1425 episcopo
2008 1355 2203 1407 Diensi
2238 1355 2310 1407 ad
2347 1373 2471 1408 eun-

717 1451 831 1502 dem
861 1451 1085 1502 accedat.
1147 1447 1422 1501 Canonicis
1449 1452 1611 1502 castri
1636 1448 1702 1503 S:
1717 1450 1883 1503 Pauli
1906 1452 2084 1503 divino
2114 1450 2285 1519 officio
2310 1452 2471 1504 inter-

716 1546 867 1609 dicit,
920 1546 1079 1596 donec
1116 1545 1390 1596 Kessecam
1437 1544 1619 1596 villam
1667 1548 1929 1598 canonicis
1971 1545 2030 1600 S.
2067 1547 2279 1599 Mariae
2326 1556 2373 1599 et
2411 1545 2469 1600 S.

716 1638 1016 1691 Audomari
1051 1641 1382 1692 rectituerint.

358 1754 473 1797 1080
683 1747 964 1816 Gregorius
1005 1748 1277 1817 episcopus
1317 1764 1497 1801 servus
1537 1765 1806 1802 servorum
1844 1748 1944 1802 Dei
1982 1748 2216 1803 Huberto
2244 1750 2475 1805 Tarvan-

329 1813 435 1850 Mam
456 1814 503 1851 2⁶
532 1845 801 1899 nensium¹¹
841 1844 1102 1914 episcopo,

682 1939 827 2002 Quod
867 1939 1090 1993 salutem
1129 1942 1182 1992 et
1220 1937 1562 2008 apostolicam
1598 1937 2012 1993 benedictionem
2050 1939 2149 1994 tibi
2185 1956 2291 1993 non
2328 1957 2476 1995 man-

535 2034 745 2103 damus,
787 2051 849 2088 ea
885 2034 1114 2087 maxime
1154 2051 1312 2088 causa
1350 2038 1452 2088 est:
1494 2034 1631 2103 quod
1669 2034 1724 2087 in
1762 2034 1982 2103 registro
2021 2039 2199 2089 nostro
2238 2032 2475 2106 legitur',

533 2135 586 2184 te
625 2131 688 2184 ab
715 2130 990 2197 Husberto)
1029 2130 1182 2183 huius
1223 2133 1433 2183 sanctae
1472 2130 1609 2183 sedis
1646 2129 1818 2198 legato
1855 2130 1996 2200 apud
2018 2128 2476 2188 Monasteriolum⁸
2569 2123 2571 2126 ⁸

533 2226 818 2279 hereticum
856 2225 1064 2295 publice
1103 2225 1420 2292 convictum3
1463 2229 1515 2278 et
1551 2229 1750 2295 postea,
1791 2229 2070 2295 antequam
2110 2243 2250 2280 esses
2288 2226 2353 2280 ab
2377 2226 2477 2281 hac

533 2321 752 2374 infamia
790 2324 1126 2391 expurgatuS‚
1168 2320 1459 2373 audivimus
1487 2321 1784 2390 symoniace
1812 2319 1893 2374 te¹²
1921 2321 2223 2391 episcopum
2260 2321 2473 2375 factum.

536 2416 769 2484 Deinde,
812 2416 949 2484 quod
988 2415 1302 2485 apostolicae
1341 2415 1477 2468 sedis
1513 2420 1796 2485 praecepta
1833 2446 1902 2452 ——
1944 2433 2100 2486 super
2137 2419 2191 2470 te
2229 2420 2282 2470 et
2319 2433 2476 2487 super

538 2511 911 2565 concanonicos
958 2515 1076 2564 tuos
1124 2511 1187 2564 de
1237 2516 1406 2564 castro
1447 2511 1625 2565 Sancti
1661 2510 1812 2564 Pauli
1848 2511 2178 2582 promulgata
2213 2527 2310 2582 pro
2350 2528 2477 2581 qua-

538 2606 658 2659 dam
695 2606 837 2674 villa,
875 2606 1100 2660 Kesseca
1136 2607 1419 2675 nominata,
1461 2624 1617 2676 quam
1656 2622 1774 2660 cum
1814 2607 1920 2660 suis
1958 2607 2287 2677 pertinentiis
2323 2623 2478 2662 cano-

537 2701 642 2754 nici
692 2700 912 2755 Sanctae
962 2701 1159 2755 Mariae
1216 2706 1268 2756 et
1316 2701 1494 2756 Sancti
1541 2702 1830 2756 Audomari
1877 2719 2032 2772 saepe
2078 2703 2135 2755 in
2181 2703 2478 2773 praesentia

539 2799 719 2849 nostra
758 2798 1028 2866 conquesti
1068 2800 1189 2850 sunt
1226 2796 1326 2850 sibi
1365 2801 1417 2851 et
1454 2815 1577 2852 suae
1604 2798 1851 2852 ecclesiae
1879 2797 2072 2851 auferri
2098 2826 2166 2834 ——
2192 2802 2351 2868 prout
2373 2798 2478 2868 ipsi

538 2892 730 2945 iterum
767 2896 1169 2960 conqueruntur,
1201 2894 1417 2962 penitus
1458 2893 1760 2964 despexisti.
1837 2893 1917 2946 Ac
1954 2896 2234 2963 propterea
2270 2908 2475 2947 excom-

538 2987 968 3055 municationem,
1012 3004 1143 3056 quae
1180 2988 1236 3040 in
1274 2992 1453 3042 nostro
1493 2989 1713 3056 registro
1755 2988 1951 3058 scripta
1989 2984 2109 3056 est⁴,
2148 2991 2207 3042 tu
2243 3004 2362 3042 cum
2401 2987 2475 3042 eis

537 3082 866 3151 incurrendo,
907 3083 1017 3137 sine
1055 3087 1295 3153 respectu
1318 3083 1419 3137 Dei
1457 3087 1508 3138 et
1547 3083 1863 3154 apostolicae
1896 3083 2216 3137 reverentiae
2242 3082 2476 3136 divinum

540 3176 794 3246 officium,
835 3178 970 3230 sicut
1008 3178 1319 3247 audivimuS‚
1359 3179 1621 3234 celebrare
1657 3178 2071 3250 praesumpsisti.
2147 3177 2249 3230 Pro
2288 3177 2476 3247 quibus

540 3275 592 3326 et
631 3272 745 3325 aliis
783 3272 1020 3342 pluribus
1062 3290 1094 3327 a
1129 3274 1292 3328 fratre
1329 3278 1508 3328 nostro
1535 3274 1796 3343 Hu(gone)
1822 3273 2008 3327 Diensi
2045 3272 2286 3343 episcopo
2315 3272 2478 3327 semel

541 3371 592 3421 et
637 3368 827 3421 iterum
876 3368 942 3421 ad
988 3369 1262 3423 concilium
1300 3374 1513 3424 vocatus
1554 3374 1605 3424 ct
1641 3373 1825 3440 postea
1863 3385 1894 3422 a
1928 3367 2078 3421 nobis
2118 3367 2183 3421 ad
2221 3367 2476 3438 synodum

659 3485 690 3548 ai
719 3512 1031 3551 Tarvannentium
1059 3529 1089 3551 c.
1247 3516 1283 3552 b.
1318 3517 1356 3552 te
1384 3516 1534 3553 addidi.

660 3590 698 3631 1.
732 3590 854 3644 pallii
884 3591 1084 3645 gerendi.
1215 3594 1255 3635 2.
1289 3593 1386 3637 Lib.
1409 3593 1475 3638 IV
1505 3605 1575 3648 ep.
1602 3592 1656 3635 10
1687 3605 1825 3647 supra
1852 3605 1896 3647 p.
1920 3591 2020 3634 255.
2149 3591 2191 3634 3.
2223 3591 2476 3636 Montreuil.

540 3660 584 3704 4.
615 3660 713 3705 Lib.
731 3662 796 3706 VI
826 3674 896 3718 ep.
919 3665 946 3706 8
977 3676 1113 3720 supra
1141 3677 1185 3720 p.
1207 3665 1308 3708 337.
