2730 4198
759 272 1033 310 GREGoRu
1069 273 1148 309 vn
1187 271 1448 310 REGISTm
1484 272 1542 307 VI
1569 271 1630 307 30.
1657 271 1718 306 31.
2101 256 2204 306 367

273 396 364 443 tua
401 389 555 459 culpa
590 388 740 441 nobis
778 389 1004 456 negavit.
1062 388 1133 442 Et
1170 393 1221 442 te
1249 388 1474 456 quidem,
1516 388 1561 440 si
1585 385 1670 440 vel
1695 384 1856 455 prisci
1882 384 2074 438 amoris
2102 401 2210 437 me-

273 484 441 537 moria
478 489 776 554 superesset
811 484 896 537 vel
935 484 1109 537 debita
1145 484 1304 536 matri
1328 483 1592 536 Romanae
1631 481 1881 535 ecclesiae
1919 479 2125 533 (11100110
2156 480 2211 531 111

272 583 445 632 11101110
495 583 813 646 remaneret,
862 596 967 632 non
1015 579 1194 632 debuit
1244 578 1430 646 aliquis
1476 582 1566 630 aut
1602 576 1898 629 mundanae
1936 574 2211 645 potestatis

271 679 441 729 terror
480 678 570 727 aut
607 675 914 742 cuiusquam
951 690 1204 744 personae
1243 672 1636 742 superstitiosus
1678 688 1823 724 amor
1863 688 1894 723 a
1931 673 2213 740 conspectu

271 774 446 824 nostro
486 769 764 823 retrahere.
824 770 978 822 Illum
1014 786 1135 822 vero
1177 769 1221 820 si
1259 771 1441 820 contra
1478 766 1817 836 apostolicam
1845 766 2022 818 sedem
2047 782 2212 818 novus

273 866 599 934 arrogantiae
645 869 819 919 tumor
865 881 1004 918 nunc
1051 864 1206 931 erigit
1253 862 1362 915 sive
1409 865 1591 915 contra
1638 877 1734 914 nos
1773 861 1883 913 ulla
1918 860 2080 913 libido
2122 877 2214 913 seu

271 962 560 1032 procacitas
597 961 774 1029 iactat,
814 964 958 1013 tanto
996 959 1204 1026 gravius
1242 958 1487 1024 feremuS,
1529 960 1754 1024 quanto⁶
1782 973 1899 1009 eum
1939 955 2213 1008 dilectione

271 1061 451 1110 nostra
493 1057 768 1124 indignum
805 1072 860 1109 80
897 1055 1082 1108 fecisse
1120 1052 1427 1106 constiterit.
1506 1051 1654 1115 Quod
1691 1056 1868 1104 tamen
1906 1068 1972 1104 ne
2011 1051 2091 1103 illi
2130 1067 2213 1104 ac-

273 1152 436 1219 cidat,
475 1151 657 1219 religio
696 1156 787 1204 tua
823 1150 1016 1220 poterit
1050 1148 1147 1202 hoc
1184 1148 1338 1201 modo
1379 1148 1562 1215 vitare,
1603 1147 1648 1201 si
1687 1147 1735 1201 ei
1773 1146 2051 1214 diligenter
2091 1163 2213 1216 ape-

272 1247 450 1300 riendo
500 1250 552 1300 et
598 1249 894 1300 constanter
942 1244 1266 1297 admonendo
1315 1243 1591 1296 consilium
1640 1243 1872 1296 dederis:
1921 1260 1987 1296 ne
2033 1247 2214 1296 contra

271 1347 492 1396 matrem
530 1341 762 1394 omnium
798 1339 1086 1392 Romanam
1126 1338 1395 1392 ecclesiam
1439 1339 1562 1408 quid
1600 1339 1853 1391 iniustum
1892 1341 2211 1408 praesumat,

269 1453 398 1491 neve
437 1435 562 1504 quid
599 1452 630 1487 a
655 1435 900 1502 religiosa
926 1438 1186 1504 potestate
1218 1435 1447 1488 alienum
1477 1434 1772 1504 petulanter
1801 1435 2003 1502 audeat,
2046 1438 2098 1487 et
2121 1451 2213 1487 ne-

269 1548 367 1600 que
404 1534 549 1584 tuam
587 1547 754 1599 neque
794 1530 1011 1584 alicuius
1051 1530 1380 1584 devotionem
1420 1531 1483 1584 ab
1524 1530 1840 1600 apostolicae
1867 1530 2004 1583 sedis
2032 1530 2212 1582 visita-

265 1626 407 1679 tione
433 1626 649 1679 ulterius
676 1642 912 1680 coercere
940 1630 1230 1696 attemptet.
1271 1626 1436 1694 Igitur
1463 1626 1610 1679 decet
1633 1626 2016 1679 fraternitatem
2037 1630 2210 1678 tuam:

265 1720 613 1789 negligentiae
653 1739 776 1775 suae
816 1738 1057 1775 excessus
1098 1722 1363 1791 sapienter
1401 1721 1676 1790 corrigere,
1717 1725 1870 1790 atque
1911 1721 1978 1774 ad
2004 1725 2212 1791 aposto-

266 1816 422 1870 licam
461 1817 636 1870 sedem
677 1818 974 1886 quantotius
1013 1831 1304 1887 properare
1325 1821 1480 1886 teque
1505 1818 1682 1887 ipsum
1706 1817 1898 1871 nostris
1927 1817 2211 1884 obtutibus,

267 1917 328 1966 ut
367 1917 606 1983 optamus
645 1917 803 1982 utque
840 1930 994 1982 saepe
1020 1913 1400 1980 mandavimuS,
1441 1918 1801 1983 praesentare3
1845 1913 2089 1983 quatinus
2116 1928 2211 1965 nos

269 2008 333 2062 de
370 2008 451 2061 his
491 2012 544 2062 et
581 2008 644 2062 de
684 2008 800 2062 aliis
838 2009 1066 2076 negociis
1093 2008 1513 2079 praesentialiter
1541 2009 1791 2077 conferre,
1833 2012 1987 2077 atque
2011 2008 2211 2061 utilitas

269 2104 515 2158 ecclesiae
554 2104 617 2157 de
654 2108 832 2157 nostro
874 2104 1129 2173 colloquio
1163 2109 1500 2172 augmentum
1526 2105 1698 2158 valeat
1723 2104 1834 2158 Deo
1860 2104 2067 2158 favente
2093 2121 2212 2174 per-

267 2200 455 2270 cipere.
514 2199 655 2252 Data
691 2199 887 2253 Romae
927 2201 959 2269 8
1000 2199 1261 2253 Kalendas
1300 2199 1519 2268 Aprilis,
1559 2200 1842 2254 indictione
1882 2202 1930 2253 2.

265 2369 344 2432 VI
371 2374 470 2431 31.
505 2376 819 2429 Provinciae
857 2377 1056 2428 clericis
1097 2387 1143 2428 et
1181 2377 1330 2429 laicis
1362 2379 1656 2447 praecipit,
1699 2388 1757 2430 ut
1793 2379 2105 2430 monasterio
2149 2375 2208 2430 S.

504 2473 655 2524 Petri
689 2474 747 2524 in
785 2473 1210 2524 Monte-maiore
1248 2473 1426 2526 ablata
1464 2473 1598 2525 bona
1636 2474 1924 2526 restituant.

415 2578 695 2648 Gregorius
746 2581 1019 2651 episcopus
1068 2599 1247 2635 servus
1298 2599 1566 2636 servorum
1604 2582 1705 2636 Dei
1753 2583 1992 2636 omnibus
2043 2580 2211 2634 archi-

268 2675 524 2745 episcopis
553 2676 810 2746 episcopis
835 2677 1160 2746 principibus
1188 2678 1389 2732 clericis
1415 2678 1664 2748 laicisque
1690 2679 1746 2732 in
1770 2678 2047 2732 Provincia
2072 2694 2212 2731 com-

266 2770 588 2824 morantibus
629 2801 698 2807 -
740 2772 970 2842 exceptis
1017 2773 1098 2826 his
1137 2774 1226 2842 qui
1266 2775 1792 2828 excommunicationi
1831 2774 2102 2828 subiacent
2140 2803 2208 2809 -—

267 2865 486 2920 salutem
527 2871 580 2920 et
617 2867 957 2937 apostolicam
995 2867 1423 2923 benedictionem.

412 2961 607 3016 Notum
652 2962 798 3015 vobis
857 2963 1095 3016 omnibus
1153 2981 1266 3017 esse
1320 2970 1594 3035 putamUS,
1654 2965 1791 3034 quod
1837 2944 2211 3018 monasterium

267 3058 434 3111 sancti
470 3057 630 3126 Petri,
671 3058 830 3111 situm
867 3058 922 3110 in
960 3058 1073 3112 loco
1114 3060 1202 3127 qui
1226 3059 1377 3113 Mons
1401 3057 1598 3114 Maior¹
1624 3061 1831 3128 dicitur,
1872 3065 2082 3115 sanctae
2107 3060 2210 3113 Ro-

265 3170 450 3207 manae
489 3153 735 3207 ecclesiae
762 3153 977 3223 speciali
1005 3154 1229 3222 quodam
1254 3156 1367 3208 iure
1395 3156 1686 3209 subiectum
1712 3160 1790 3210 est
1816 3160 1868 3209 et
1895 3154 2210 3225 apostolicae

266 3249 404 3303 sedis
442 3249 731 3319 privilegiis
771 3266 835 3303 ex
874 3253 1106 3320 tempore
1143 3250 1298 3318 longo
1338 3251 1614 3305 munitum.
1684 3251 1858 3319 Unde,
1900 3251 2024 3319 quia
2060 3250 2210 3303 nobis

265 3362 360 3415 pro
415 3346 644 3416 suscepti
689 3346 973 3413 regiminis,
1007 3345 1357 3400 sollicitudine
1403 3348 1644 3400 imminet
1691 3347 1920 3400 ecclesiis
1970 3345 2209 3399 omnibus

270 3441 567 3510 providere,
617 3441 721 3495 illis
767 3442 1047 3512 praecipue
1095 3442 1341 3496 debemus
1379 3442 1656 3510 vigilanter
1703 3443 2027 3512 prospicere,
2079 3458 2210 3510 quae

267 3533 531 3590 Romanae
570 3537 987 3607 apostolicaeque
1020 3538 1131 3591 sedi
1160 3538 1539 3606 quodammodo
1566 3538 1787 3591 vicinius
1812 3537 1998 3592 herent
2023 3541 2075 3592 et
2099 3537 2209 3591 eius

386 3645 428 3687 1.
460 3643 504 3687 d..
530 3642 821 3691 ArelatOnSiS.
972 3666 1006 3693 a.
1040 3655 1160 3702 magis
1187 3655 1372 3693 excidisse
1397 3655 1552 3693 videtur.

2272 391 2384 434 1079

2241 450 2347 487 Mart.
2367 451 2415 488 25

2275 2589 2388 2633 1079

2242 2649 2349 2687 Mart.
2371 2651 2416 2687 31
