<?xml version="1.0" encoding="UTF-8"?>
<!DOCTYPE html PUBLIC "-//W3C//DTD XHTML 1.0 Transitional//EN"
    "http://www.w3.org/TR/xhtml1/DTD/xhtml1-transitional.dtd">
<html xmlns="http://www.w3.org/1999/xhtml" xml:lang="en" lang="en">
 <head>
  <title>
</title>
<meta http-equiv="Content-Type" content="text/html;charset=utf-8" />
  <meta name='ocr-system' content='tesseract 3.04.00' />
  <meta name='ocr-capabilities' content='ocr_page ocr_carea ocr_par ocr_line ocrx_word'/>
</head>
<body>
  <div class='ocr_page' id='page_1' title='image "bibliothecarerum02wattuoft_0710.png"; bbox 0 0 2730 4198; ppageno 0'>
   <div class='ocr_carea' id='block_1_1' title="bbox 523 287 1827 342">
    <p class='ocr_par' dir='ltr' id='par_1_1' title="bbox 523 287 1827 342">
     <span class='ocr_line' id='line_1_1' title="bbox 523 287 1827 342; baseline -0.005 -1"><span class='ocrx_word' id='word_1_1' title='bbox 523 287 633 342; x_wconf 88' lang='lat'>694</span> <span class='ocrx_word' id='word_1_2' title='bbox 1211 300 1390 337; x_wconf 76' lang='lat' dir='ltr'>mrrrA</span> <span class='ocrx_word' id='word_1_3' title='bbox 1428 298 1827 336; x_wconf 83' lang='lat' dir='ltr'><strong>EPISTOLARUM</strong></span> 
     </span>
    </p>
   </div>
   <div class='ocr_carea' id='block_1_2' title="bbox 1404 425 1492 460">
    <p class='ocr_par' dir='ltr' id='par_1_2' title="bbox 1404 425 1492 460">
     <span class='ocr_line' id='line_1_2' title="bbox 1404 425 1492 460; baseline 0.011 -1"><span class='ocrx_word' id='word_1_4' title='bbox 1404 425 1492 460; x_wconf 57' lang='lat' dir='ltr'>Pag-</span> 
     </span>
    </p>
   </div>
   <div class='ocr_carea' id='block_1_3' title="bbox 523 477 1500 3748">
    <p class='ocr_par' dir='ltr' id='par_1_3' title="bbox 523 477 1500 3748">
     <span class='ocr_line' id='line_1_3' title="bbox 523 477 1494 538; baseline -0.004 -12"><span class='ocrx_word' id='word_1_5' title='bbox 523 480 640 535; x_wconf 85' lang='lat' dir='ltr'>Quia</span> <span class='ocrx_word' id='word_1_6' title='bbox 669 480 869 538; x_wconf 86' lang='lat' dir='ltr'>suscepti</span> <span class='ocrx_word' id='word_1_7' title='bbox 897 477 1105 525; x_wconf 88' lang='lat' dir='ltr'>beneficii</span> <span class='ocrx_word' id='word_1_8' title='bbox 1189 510 1198 520; x_wconf 94' lang='lat'>.</span> <span class='ocrx_word' id='word_1_9' title='bbox 1262 509 1272 520; x_wconf 91' lang='lat'><strong>.</strong></span> <span class='ocrx_word' id='word_1_10' title='bbox 1336 510 1345 520; x_wconf 93' lang='lat'><strong><em>.</em></strong></span> <span class='ocrx_word' id='word_1_11' title='bbox 1407 477 1494 522; x_wconf 88' lang='lat'>140</span> 
     </span>
     <span class='ocr_line' id='line_1_4' title="bbox 523 550 1494 608; baseline -0.004 -9"><span class='ocrx_word' id='word_1_12' title='bbox 523 553 640 608; x_wconf 89' lang='lat' dir='ltr'>Quia</span> <span class='ocrx_word' id='word_1_13' title='bbox 668 557 714 598; x_wconf 89' lang='lat' dir='ltr'>te</span> <span class='ocrx_word' id='word_1_14' title='bbox 745 553 880 598; x_wconf 90' lang='lat' dir='ltr'>credo</span> <span class='ocrx_word' id='word_1_15' title='bbox 910 553 1085 597; x_wconf 88' lang='lat' dir='ltr'>sincero</span> <span class='ocrx_word' id='word_1_16' title='bbox 1116 584 1126 593; x_wconf 87' lang='lat'>.</span> <span class='ocrx_word' id='word_1_17' title='bbox 1188 583 1198 594; x_wconf 89' lang='lat'><strong>.</strong></span> <span class='ocrx_word' id='word_1_18' title='bbox 1261 582 1272 594; x_wconf 86' lang='lat'><strong>.</strong></span> <span class='ocrx_word' id='word_1_19' title='bbox 1335 583 1345 594; x_wconf 90' lang='lat'><strong>.</strong></span> <span class='ocrx_word' id='word_1_20' title='bbox 1406 550 1494 595; x_wconf 95' lang='lat'>575</span> 
     </span>
     <span class='ocr_line' id='line_1_5' title="bbox 524 623 1496 681; baseline -0.004 -9"><span class='ocrx_word' id='word_1_21' title='bbox 524 626 639 681; x_wconf 84' lang='lat' dir='ltr'>Quia</span> <span class='ocrx_word' id='word_1_22' title='bbox 667 627 813 671; x_wconf 88' lang='lat' dir='ltr'>vicem</span> <span class='ocrx_word' id='word_1_23' title='bbox 843 629 1044 670; x_wconf 90' lang='lat' dir='ltr'>nostram</span> <span class='ocrx_word' id='word_1_24' title='bbox 1074 624 1122 669; x_wconf 91' lang='lat' dir='ltr'>in</span> <span class='ocrx_word' id='word_1_25' title='bbox 1188 656 1198 666; x_wconf 89' lang='lat'><em>.</em></span> <span class='ocrx_word' id='word_1_26' title='bbox 1263 656 1271 665; x_wconf 92' lang='lat'><strong>.</strong></span> <span class='ocrx_word' id='word_1_27' title='bbox 1336 656 1345 666; x_wconf 93' lang='lat'><strong><em>.</em></strong></span> <span class='ocrx_word' id='word_1_28' title='bbox 1406 623 1496 668; x_wconf 87' lang='lat'>484</span> 
     </span>
     <span class='ocr_line' id='line_1_6' title="bbox 524 697 1493 754; baseline -0.004 -10"><span class='ocrx_word' id='word_1_29' title='bbox 524 699 716 754; x_wconf 79' lang='lat' dir='ltr'>Quidam</span> <span class='ocrx_word' id='word_1_30' title='bbox 748 712 776 743; x_wconf 90' lang='lat' dir='ltr'>a</span> <span class='ocrx_word' id='word_1_31' title='bbox 804 698 969 743; x_wconf 88' lang='lat' dir='ltr'>vestris</span> <span class='ocrx_word' id='word_1_32' title='bbox 1041 728 1345 740; x_wconf 92' lang='grc'><strong>.....</strong></span> <span class='ocrx_word' id='word_1_33' title='bbox 1436 697 1493 741; x_wconf 91' lang='grc'>31</span> 
     </span>
     <span class='ocr_line' id='line_1_7' title="bbox 526 770 1495 826; baseline -0.005 -9"><span class='ocrx_word' id='word_1_34' title='bbox 526 772 717 826; x_wconf 84' lang='lat' dir='ltr'><strong>Quidam</strong></span> <span class='ocrx_word' id='word_1_35' title='bbox 747 772 994 816; x_wconf 90' lang='lat' dir='ltr'>Imolenses</span> <span class='ocrx_word' id='word_1_36' title='bbox 1043 802 1346 813; x_wconf 90' lang='grc'><strong>.....</strong></span> <span class='ocrx_word' id='word_1_37' title='bbox 1437 770 1495 813; x_wconf 91' lang='grc'>20</span> 
     </span>
     <span class='ocr_line' id='line_1_8' title="bbox 525 842 1496 899; baseline -0.002 -10"><span class='ocrx_word' id='word_1_38' title='bbox 525 845 717 899; x_wconf 87' lang='lat' dir='ltr'>Quidam</span> <span class='ocrx_word' id='word_1_39' title='bbox 746 848 949 890; x_wconf 88' lang='lat' dir='ltr'>vestrum</span> <span class='ocrx_word' id='word_1_40' title='bbox 980 843 1039 888; x_wconf 90' lang='lat' dir='ltr'>ad</span> <span class='ocrx_word' id='word_1_41' title='bbox 1069 855 1152 889; x_wconf 91' lang='grc'><strong>1108</strong></span> <span class='ocrx_word' id='word_1_42' title='bbox 1190 876 1199 886; x_wconf 95' lang='grc'><strong><em>.</em></strong></span> <span class='ocrx_word' id='word_1_43' title='bbox 1264 875 1274 886; x_wconf 91' lang='grc'><strong>.</strong></span> <span class='ocrx_word' id='word_1_44' title='bbox 1337 875 1345 885; x_wconf 90' lang='grc'><strong>.</strong></span> <span class='ocrx_word' id='word_1_45' title='bbox 1407 842 1496 887; x_wconf 91' lang='grc'><strong>374</strong></span> 
     </span>
     <span class='ocr_line' id='line_1_9' title="bbox 525 915 1494 974; baseline -0.004 -12"><span class='ocrx_word' id='word_1_46' title='bbox 525 917 644 972; x_wconf 84' lang='lat' dir='ltr'>Quid</span> <span class='ocrx_word' id='word_1_47' title='bbox 673 918 731 962; x_wconf 91' lang='lat' dir='ltr'>de</span> <span class='ocrx_word' id='word_1_48' title='bbox 761 917 952 974; x_wconf 87' lang='lat' dir='ltr'>negocio</span> <span class='ocrx_word' id='word_1_49' title='bbox 972 947 1347 959; x_wconf 89' lang='grc'><strong>......</strong></span> <span class='ocrx_word' id='word_1_50' title='bbox 1408 915 1494 959; x_wconf 88' lang='grc'>301</span> 
     </span>
     <span class='ocr_line' id='line_1_10' title="bbox 525 987 1495 1047; baseline -0.004 -12"><span class='ocrx_word' id='word_1_51' title='bbox 525 990 656 1045; x_wconf 89' lang='lat' dir='ltr'>Quod</span> <span class='ocrx_word' id='word_1_52' title='bbox 686 990 746 1034; x_wconf 94' lang='lat' dir='ltr'>ad</span> <span class='ocrx_word' id='word_1_53' title='bbox 773 988 1066 1047; x_wconf 90' lang='lat' dir='ltr'>perferendos</span> <span class='ocrx_word' id='word_1_54' title='bbox 1117 1021 1127 1033; x_wconf 91' lang='lat'><strong><em>.</em></strong></span> <span class='ocrx_word' id='word_1_55' title='bbox 1190 1022 1199 1032; x_wconf 88' lang='lat'><em>.</em></span> <span class='ocrx_word' id='word_1_56' title='bbox 1263 1021 1273 1032; x_wconf 93' lang='lat'><strong><em>.</em></strong></span> <span class='ocrx_word' id='word_1_57' title='bbox 1337 1021 1347 1031; x_wconf 89' lang='lat'><strong>.</strong></span> <span class='ocrx_word' id='word_1_58' title='bbox 1406 987 1495 1032; x_wconf 87' lang='lat'>453</span> 
     </span>
     <span class='ocr_line' id='line_1_11' title="bbox 525 1061 1496 1118; baseline -0.004 -10"><span class='ocrx_word' id='word_1_59' title='bbox 525 1063 656 1118; x_wconf 89' lang='lat' dir='ltr'>Quod</span> <span class='ocrx_word' id='word_1_60' title='bbox 687 1063 743 1107; x_wconf 94' lang='lat' dir='ltr'>de</span> <span class='ocrx_word' id='word_1_61' title='bbox 774 1076 914 1108; x_wconf 90' lang='lat' dir='ltr'>causa</span> <span class='ocrx_word' id='word_1_62' title='bbox 932 1063 1146 1110; x_wconf 90' lang='lat' dir='ltr'>Willelmi</span> <span class='ocrx_word' id='word_1_63' title='bbox 1191 1095 1200 1105; x_wconf 90' lang='lat'>.</span> <span class='ocrx_word' id='word_1_64' title='bbox 1264 1095 1274 1104; x_wconf 91' lang='lat'><strong>.</strong></span> <span class='ocrx_word' id='word_1_65' title='bbox 1337 1094 1346 1104; x_wconf 92' lang='lat'><em>.</em></span> <span class='ocrx_word' id='word_1_66' title='bbox 1409 1061 1496 1106; x_wconf 91' lang='grc'>250</span> 
     </span>
     <span class='ocr_line' id='line_1_12' title="bbox 525 1134 1496 1190; baseline -0.002 -10"><span class='ocrx_word' id='word_1_67' title='bbox 525 1136 656 1190; x_wconf 92' lang='lat' dir='ltr'>Quod</span> <span class='ocrx_word' id='word_1_68' title='bbox 686 1136 744 1180; x_wconf 93' lang='lat' dir='ltr'>de</span> <span class='ocrx_word' id='word_1_69' title='bbox 775 1136 1113 1181; x_wconf 86' lang='lat' dir='ltr'>consecratione</span> <span class='ocrx_word' id='word_1_70' title='bbox 1190 1168 1200 1178; x_wconf 90' lang='lat'><strong>.</strong></span> <span class='ocrx_word' id='word_1_71' title='bbox 1265 1167 1273 1177; x_wconf 94' lang='lat'><strong>.</strong></span> <span class='ocrx_word' id='word_1_72' title='bbox 1337 1167 1346 1176; x_wconf 90' lang='lat'><strong>.</strong></span> <span class='ocrx_word' id='word_1_73' title='bbox 1408 1134 1496 1178; x_wconf 84' lang='lat'>260</span> 
     </span>
     <span class='ocr_line' id='line_1_13' title="bbox 526 1207 1495 1263; baseline -0.003 -9"><span class='ocrx_word' id='word_1_74' title='bbox 526 1209 656 1263; x_wconf 93' lang='lat' dir='ltr'>Quod</span> <span class='ocrx_word' id='word_1_75' title='bbox 687 1209 842 1254; x_wconf 83' lang='lat' dir='ltr'>divina</span> <span class='ocrx_word' id='word_1_76' title='bbox 872 1208 1111 1253; x_wconf 87' lang='lat' dir='ltr'>clementia</span> <span class='ocrx_word' id='word_1_77' title='bbox 1191 1240 1201 1250; x_wconf 95' lang='lat'><strong>.</strong></span> <span class='ocrx_word' id='word_1_78' title='bbox 1264 1239 1275 1250; x_wconf 91' lang='grc'><strong>.</strong></span> <span class='ocrx_word' id='word_1_79' title='bbox 1337 1239 1348 1250; x_wconf 93' lang='grc'><strong><em>.</em></strong></span> <span class='ocrx_word' id='word_1_80' title='bbox 1408 1207 1495 1252; x_wconf 91' lang='grc'>559</span> 
     </span>
     <span class='ocr_line' id='line_1_14' title="bbox 525 1280 1497 1338; baseline -0.002 -12"><span class='ocrx_word' id='word_1_81' title='bbox 525 1282 655 1335; x_wconf 92' lang='lat' dir='ltr'>Quod</span> <span class='ocrx_word' id='word_1_82' title='bbox 686 1282 949 1338; x_wconf 89' lang='lat' dir='ltr'>episcopum</span> <span class='ocrx_word' id='word_1_83' title='bbox 977 1284 1182 1326; x_wconf 86' lang='lat' dir='ltr'>vestrum</span> <span class='ocrx_word' id='word_1_84' title='bbox 1263 1312 1274 1323; x_wconf 89' lang='lat'><strong>.</strong></span> <span class='ocrx_word' id='word_1_85' title='bbox 1337 1313 1346 1322; x_wconf 93' lang='lat'><strong>.</strong></span> <span class='ocrx_word' id='word_1_86' title='bbox 1407 1280 1497 1324; x_wconf 90' lang='lat'>490</span> 
     </span>
     <span class='ocr_line' id='line_1_15' title="bbox 524 1353 1496 1411; baseline -0.003 -11"><span class='ocrx_word' id='word_1_87' title='bbox 524 1354 655 1408; x_wconf 91' lang='lat' dir='ltr'>Quod</span> <span class='ocrx_word' id='word_1_88' title='bbox 685 1367 743 1398; x_wconf 84' lang='lat' dir='ltr'>ex</span> <span class='ocrx_word' id='word_1_89' title='bbox 773 1354 848 1398; x_wconf 95' lang='lat' dir='ltr'>illo</span> <span class='ocrx_word' id='word_1_90' title='bbox 878 1357 1082 1411; x_wconf 89' lang='lat' dir='ltr'>tempore</span> <span class='ocrx_word' id='word_1_91' title='bbox 1115 1387 1125 1397; x_wconf 92' lang='lat'><strong>.</strong></span> <span class='ocrx_word' id='word_1_92' title='bbox 1190 1386 1201 1397; x_wconf 92' lang='lat'><strong>.</strong></span> <span class='ocrx_word' id='word_1_93' title='bbox 1263 1385 1273 1395; x_wconf 90' lang='lat'><strong><em>.</em></strong></span> <span class='ocrx_word' id='word_1_94' title='bbox 1340 1385 1350 1395; x_wconf 90' lang='lat'><strong>.</strong></span> <span class='ocrx_word' id='word_1_95' title='bbox 1409 1353 1496 1397; x_wconf 89' lang='grc'>366</span> 
     </span>
     <span class='ocr_line' id='line_1_16' title="bbox 524 1425 1494 1484; baseline -0.002 -12"><span class='ocrx_word' id='word_1_96' title='bbox 524 1427 656 1481; x_wconf 90' lang='lat' dir='ltr'>Quod</span> <span class='ocrx_word' id='word_1_97' title='bbox 684 1427 804 1484; x_wconf 85' lang='lat' dir='ltr'>gesti</span> <span class='ocrx_word' id='word_1_98' title='bbox 831 1426 939 1471; x_wconf 91' lang='lat' dir='ltr'>belli</span> <span class='ocrx_word' id='word_1_99' title='bbox 971 1457 1347 1469; x_wconf 92' lang='lat'><strong>......</strong></span> <span class='ocrx_word' id='word_1_100' title='bbox 1407 1425 1494 1470; x_wconf 87' lang='lat'>491</span> 
     </span>
     <span class='ocr_line' id='line_1_17' title="bbox 524 1499 1497 1557; baseline -0.001 -12"><span class='ocrx_word' id='word_1_101' title='bbox 524 1501 655 1555; x_wconf 89' lang='lat' dir='ltr'>Quod</span> <span class='ocrx_word' id='word_1_102' title='bbox 684 1513 874 1557; x_wconf 83' lang='lat' dir='ltr'>regnum</span> <span class='ocrx_word' id='word_1_103' title='bbox 905 1499 1235 1545; x_wconf 87' lang='lat' dir='ltr'>Theutonicum</span> <span class='ocrx_word' id='word_1_104' title='bbox 1265 1531 1274 1542; x_wconf 90' lang='lat'>.</span> <span class='ocrx_word' id='word_1_105' title='bbox 1339 1532 1348 1542; x_wconf 92' lang='lat'>.</span> <span class='ocrx_word' id='word_1_106' title='bbox 1409 1499 1497 1544; x_wconf 84' lang='lat'>552</span> 
     </span>
     <span class='ocr_line' id='line_1_18' title="bbox 524 1571 1347 1630; baseline -0.002 -11"><span class='ocrx_word' id='word_1_107' title='bbox 524 1573 654 1628; x_wconf 90' lang='lat' dir='ltr'>Quod</span> <span class='ocrx_word' id='word_1_108' title='bbox 676 1574 867 1618; x_wconf 86' lang='lat' dir='ltr'>salutem</span> <span class='ocrx_word' id='word_1_109' title='bbox 888 1577 935 1617; x_wconf 91' lang='lat' dir='ltr'>et</span> <span class='ocrx_word' id='word_1_110' title='bbox 956 1573 1250 1630; x_wconf 89' lang='lat' dir='ltr'>apostolicam</span> <span class='ocrx_word' id='word_1_111' title='bbox 1270 1571 1347 1618; x_wconf 86' lang='lat' dir='ltr'>be-</span> 
     </span>
     <span class='ocr_line' id='line_1_19' title="bbox 581 1646 1496 1692; baseline 0.001 -1"><span class='ocrx_word' id='word_1_112' title='bbox 581 1647 885 1692; x_wconf 87' lang='lat' dir='ltr'>nedictionem</span> <span class='ocrx_word' id='word_1_113' title='bbox 914 1646 999 1692; x_wconf 90' lang='lat' dir='ltr'>tibi</span> <span class='ocrx_word' id='word_1_114' title='bbox 1043 1678 1345 1689; x_wconf 91' lang='grc'><strong>.....</strong></span> <span class='ocrx_word' id='word_1_115' title='bbox 1408 1646 1496 1692; x_wconf 87' lang='grc'>406</span> 
     </span>
     <span class='ocr_line' id='line_1_20' title="bbox 523 1718 1347 1777; baseline 0.001 -12"><span class='ocrx_word' id='word_1_116' title='bbox 523 1720 654 1774; x_wconf 93' lang='lat' dir='ltr'>Quod</span> <span class='ocrx_word' id='word_1_117' title='bbox 674 1721 866 1765; x_wconf 89' lang='lat' dir='ltr'>salutem</span> <span class='ocrx_word' id='word_1_118' title='bbox 888 1724 935 1765; x_wconf 90' lang='lat' dir='ltr'>et</span> <span class='ocrx_word' id='word_1_119' title='bbox 955 1720 1250 1777; x_wconf 88' lang='lat' dir='ltr'>apostolicam</span> <span class='ocrx_word' id='word_1_120' title='bbox 1269 1718 1347 1766; x_wconf 87' lang='lat' dir='ltr'>be-</span> 
     </span>
     <span class='ocr_line' id='line_1_21' title="bbox 580 1793 1496 1839; baseline 0 -1"><span class='ocrx_word' id='word_1_121' title='bbox 580 1794 884 1839; x_wconf 89' lang='lat' dir='ltr'>nedictionem</span> <span class='ocrx_word' id='word_1_122' title='bbox 913 1793 1045 1839; x_wconf 87' lang='lat' dir='ltr'>vobis</span> <span class='ocrx_word' id='word_1_123' title='bbox 1116 1826 1125 1836; x_wconf 93' lang='lat'>.</span> <span class='ocrx_word' id='word_1_124' title='bbox 1190 1827 1198 1835; x_wconf 90' lang='lat'><strong>.</strong></span> <span class='ocrx_word' id='word_1_125' title='bbox 1264 1826 1273 1835; x_wconf 93' lang='lat'>.</span> <span class='ocrx_word' id='word_1_126' title='bbox 1337 1825 1346 1835; x_wconf 86' lang='lat'><em>.</em></span> <span class='ocrx_word' id='word_1_127' title='bbox 1409 1793 1496 1838; x_wconf 88' lang='grc'>263</span> 
     </span>
     <span class='ocr_line' id='line_1_22' title="bbox 523 1867 1496 1922; baseline -0.001 -10"><span class='ocrx_word' id='word_1_128' title='bbox 523 1867 743 1922; x_wconf 85' lang='lat' dir='ltr'>Quoniam</span> <span class='ocrx_word' id='word_1_129' title='bbox 776 1868 835 1912; x_wconf 91' lang='lat' dir='ltr'>ad</span> <span class='ocrx_word' id='word_1_130' title='bbox 865 1867 1127 1912; x_wconf 84' lang='lat' dir='ltr'>memoriam</span> <span class='ocrx_word' id='word_1_131' title='bbox 1190 1899 1199 1909; x_wconf 89' lang='lat'><strong>.</strong></span> <span class='ocrx_word' id='word_1_132' title='bbox 1264 1899 1273 1909; x_wconf 93' lang='lat'>.</span> <span class='ocrx_word' id='word_1_133' title='bbox 1335 1899 1343 1909; x_wconf 91' lang='lat'><em>.</em></span> <span class='ocrx_word' id='word_1_134' title='bbox 1411 1867 1496 1911; x_wconf 93' lang='lat'>171</span> 
     </span>
     <span class='ocr_line' id='line_1_23' title="bbox 523 1940 1498 1999; baseline -0.002 -13"><span class='ocrx_word' id='word_1_135' title='bbox 523 1941 756 1999; x_wconf 85' lang='lat' dir='ltr'>Quoniam,</span> <span class='ocrx_word' id='word_1_136' title='bbox 789 1940 969 1985; x_wconf 90' lang='lat' dir='ltr'>afflatus</span> <span class='ocrx_word' id='word_1_137' title='bbox 999 1941 1107 1998; x_wconf 88' lang='lat' dir='ltr'>igne</span> <span class='ocrx_word' id='word_1_138' title='bbox 1194 1973 1202 1982; x_wconf 91' lang='lat'>.</span> <span class='ocrx_word' id='word_1_139' title='bbox 1266 1972 1275 1982; x_wconf 94' lang='lat'><strong>.</strong></span> <span class='ocrx_word' id='word_1_140' title='bbox 1338 1973 1347 1983; x_wconf 89' lang='lat'><strong>.</strong></span> <span class='ocrx_word' id='word_1_141' title='bbox 1439 1941 1498 1984; x_wconf 93' lang='lat'>80</span> 
     </span>
     <span class='ocr_line' id='line_1_24' title="bbox 524 2014 1496 2073; baseline 0 -14"><span class='ocrx_word' id='word_1_142' title='bbox 524 2015 760 2073; x_wconf 85' lang='lat' dir='ltr'>Quoniam,</span> <span class='ocrx_word' id='word_1_143' title='bbox 792 2015 930 2059; x_wconf 91' lang='lat' dir='ltr'>animi</span> <span class='ocrx_word' id='word_1_144' title='bbox 960 2015 1103 2059; x_wconf 80' lang='lat' dir='ltr'>nostri</span> <span class='ocrx_word' id='word_1_145' title='bbox 1190 2046 1199 2056; x_wconf 94' lang='lat'><strong><em>.</em></strong></span> <span class='ocrx_word' id='word_1_146' title='bbox 1264 2046 1273 2056; x_wconf 88' lang='lat'><strong>.</strong></span> <span class='ocrx_word' id='word_1_147' title='bbox 1338 2047 1346 2056; x_wconf 94' lang='lat'><strong><em>.</em></strong></span> <span class='ocrx_word' id='word_1_148' title='bbox 1409 2014 1496 2059; x_wconf 89' lang='lat'>359</span> 
     </span>
     <span class='ocr_line' id='line_1_25' title="bbox 524 2087 1496 2143; baseline -0.001 -10"><span class='ocrx_word' id='word_1_149' title='bbox 524 2088 744 2143; x_wconf 87' lang='lat' dir='ltr'>Quoniam</span> <span class='ocrx_word' id='word_1_150' title='bbox 776 2101 915 2133; x_wconf 91' lang='lat' dir='ltr'>causa</span> <span class='ocrx_word' id='word_1_151' title='bbox 943 2087 1176 2133; x_wconf 90' lang='lat' dir='ltr'>Lamberti</span> <span class='ocrx_word' id='word_1_152' title='bbox 1266 2119 1274 2130; x_wconf 92' lang='lat'><strong>.</strong></span> <span class='ocrx_word' id='word_1_153' title='bbox 1337 2120 1347 2130; x_wconf 89' lang='lat'>.</span> <span class='ocrx_word' id='word_1_154' title='bbox 1409 2088 1496 2132; x_wconf 87' lang='lat'>508</span> 
     </span>
     <span class='ocr_line' id='line_1_26' title="bbox 524 2161 1496 2216; baseline -0.001 -9"><span class='ocrx_word' id='word_1_155' title='bbox 524 2162 745 2216; x_wconf 89' lang='lat' dir='ltr'>Quoniam</span> <span class='ocrx_word' id='word_1_156' title='bbox 777 2161 1067 2206; x_wconf 90' lang='lat' dir='ltr'>devotionem</span> <span class='ocrx_word' id='word_1_157' title='bbox 1095 2164 1222 2205; x_wconf 89' lang='lat' dir='ltr'>tuam</span> <span class='ocrx_word' id='word_1_158' title='bbox 1253 2173 1308 2205; x_wconf 89' lang='lat' dir='ltr'>ac</span> <span class='ocrx_word' id='word_1_159' title='bbox 1338 2193 1346 2202; x_wconf 94' lang='lat'>.</span> <span class='ocrx_word' id='word_1_160' title='bbox 1411 2162 1496 2206; x_wconf 91' lang='lat'>148</span> 
     </span>
     <span class='ocr_line' id='line_1_27' title="bbox 525 2235 1496 2291; baseline -0.002 -11"><span class='ocrx_word' id='word_1_161' title='bbox 525 2236 746 2290; x_wconf 90' lang='lat' dir='ltr'>Quoniam</span> <span class='ocrx_word' id='word_1_162' title='bbox 778 2235 1065 2280; x_wconf 90' lang='lat' dir='ltr'>devotionem</span> <span class='ocrx_word' id='word_1_163' title='bbox 1092 2238 1220 2278; x_wconf 90' lang='lat' dir='ltr'>tuam</span> <span class='ocrx_word' id='word_1_164' title='bbox 1241 2246 1351 2291; x_wconf 85' lang='lat' dir='ltr'>erga</span> <span class='ocrx_word' id='word_1_165' title='bbox 1408 2235 1496 2279; x_wconf 87' lang='lat'>483</span> 
     </span>
     <span class='ocr_line' id='line_1_28' title="bbox 525 2307 1496 2365; baseline -0.001 -11"><span class='ocrx_word' id='word_1_166' title='bbox 525 2309 747 2363; x_wconf 89' lang='lat' dir='ltr'>Quoniam</span> <span class='ocrx_word' id='word_1_167' title='bbox 778 2321 888 2365; x_wconf 85' lang='lat' dir='ltr'>erga</span> <span class='ocrx_word' id='word_1_168' title='bbox 917 2307 1219 2353; x_wconf 85' lang='lat' dir='ltr'>reverentiam</span> <span class='ocrx_word' id='word_1_169' title='bbox 1267 2340 1276 2349; x_wconf 94' lang='lat'><strong>.</strong></span> <span class='ocrx_word' id='word_1_170' title='bbox 1337 2339 1348 2350; x_wconf 93' lang='lat'><strong>.</strong></span> <span class='ocrx_word' id='word_1_171' title='bbox 1411 2308 1496 2353; x_wconf 86' lang='lat'>165</span> 
     </span>
     <span class='ocr_line' id='line_1_29' title="bbox 526 2381 1495 2436; baseline 0 -9"><span class='ocrx_word' id='word_1_172' title='bbox 526 2382 745 2436; x_wconf 88' lang='lat' dir='ltr'>Quoniam</span> <span class='ocrx_word' id='word_1_173' title='bbox 778 2394 836 2426; x_wconf 85' lang='lat' dir='ltr'>ex</span> <span class='ocrx_word' id='word_1_174' title='bbox 863 2382 943 2425; x_wconf 93' lang='lat' dir='ltr'>lite</span> <span class='ocrx_word' id='word_1_175' title='bbox 976 2384 1023 2425; x_wconf 92' lang='lat' dir='ltr'>et</span> <span class='ocrx_word' id='word_1_176' title='bbox 1045 2412 1345 2423; x_wconf 89' lang='grc'><strong>.....</strong></span> <span class='ocrx_word' id='word_1_177' title='bbox 1409 2381 1495 2426; x_wconf 92' lang='grc'>551</span> 
     </span>
     <span class='ocr_line' id='line_1_30' title="bbox 525 2453 1497 2509; baseline 0.001 -10"><span class='ocrx_word' id='word_1_178' title='bbox 525 2455 748 2509; x_wconf 90' lang='lat' dir='ltr'>Quoniam</span> <span class='ocrx_word' id='word_1_179' title='bbox 779 2453 1109 2499; x_wconf 82' lang='lat' dir='ltr'>fraternitatem</span> <span class='ocrx_word' id='word_1_180' title='bbox 1139 2456 1267 2498; x_wconf 89' lang='lat' dir='ltr'>tuam</span> <span class='ocrx_word' id='word_1_181' title='bbox 1338 2486 1348 2497; x_wconf 89' lang='lat'><strong>.</strong></span> <span class='ocrx_word' id='word_1_182' title='bbox 1439 2456 1497 2500; x_wconf 89' lang='grc'>36</span> 
     </span>
     <span class='ocr_line' id='line_1_31' title="bbox 525 2527 1496 2582; baseline 0.003 -10"><span class='ocrx_word' id='word_1_183' title='bbox 525 2528 746 2582; x_wconf 90' lang='lat' dir='ltr'>Quoniam</span> <span class='ocrx_word' id='word_1_184' title='bbox 776 2527 1005 2573; x_wconf 88' lang='lat' dir='ltr'>fructuum</span> <span class='ocrx_word' id='word_1_185' title='bbox 1035 2531 1219 2572; x_wconf 91' lang='lat' dir='ltr'>tuorum</span> <span class='ocrx_word' id='word_1_186' title='bbox 1266 2560 1276 2570; x_wconf 91' lang='lat'><strong>.</strong></span> <span class='ocrx_word' id='word_1_187' title='bbox 1338 2560 1347 2570; x_wconf 90' lang='lat'>.</span> <span class='ocrx_word' id='word_1_188' title='bbox 1410 2529 1496 2574; x_wconf 87' lang='grc'>561</span> 
     </span>
     <span class='ocr_line' id='line_1_32' title="bbox 526 2600 1497 2658; baseline 0.002 -13"><span class='ocrx_word' id='word_1_189' title='bbox 526 2601 746 2655; x_wconf 89' lang='lat' dir='ltr'>Quoniam</span> <span class='ocrx_word' id='word_1_190' title='bbox 776 2600 931 2658; x_wconf 91' lang='lat' dir='ltr'>honor,</span> <span class='ocrx_word' id='word_1_191' title='bbox 963 2601 1042 2658; x_wconf 93' lang='lat' dir='ltr'>qui</span> <span class='ocrx_word' id='word_1_192' title='bbox 1118 2633 1128 2643; x_wconf 93' lang='lat'><strong>.</strong></span> <span class='ocrx_word' id='word_1_193' title='bbox 1193 2634 1201 2643; x_wconf 91' lang='lat'><strong><em>.</em></strong></span> <span class='ocrx_word' id='word_1_194' title='bbox 1266 2634 1275 2643; x_wconf 92' lang='lat'>.</span> <span class='ocrx_word' id='word_1_195' title='bbox 1339 2633 1349 2645; x_wconf 93' lang='lat'><strong>.</strong></span> <span class='ocrx_word' id='word_1_196' title='bbox 1411 2603 1497 2647; x_wconf 89' lang='grc'>196</span> 
     </span>
     <span class='ocr_line' id='line_1_33' title="bbox 526 2674 1497 2729; baseline 0.002 -10"><span class='ocrx_word' id='word_1_197' title='bbox 526 2674 748 2729; x_wconf 90' lang='lat' dir='ltr'>Quoniam</span> <span class='ocrx_word' id='word_1_198' title='bbox 779 2674 1046 2719; x_wconf 88' lang='lat' dir='ltr'>interdictus</span> <span class='ocrx_word' id='word_1_199' title='bbox 1077 2686 1106 2718; x_wconf 87' lang='lat' dir='ltr'>a</span> <span class='ocrx_word' id='word_1_200' title='bbox 1191 2706 1200 2715; x_wconf 93' lang='lat'>.</span> <span class='ocrx_word' id='word_1_201' title='bbox 1266 2707 1275 2717; x_wconf 93' lang='lat'><strong><em>.</em></strong></span> <span class='ocrx_word' id='word_1_202' title='bbox 1339 2708 1348 2717; x_wconf 93' lang='lat'><strong>.</strong></span> <span class='ocrx_word' id='word_1_203' title='bbox 1411 2676 1497 2720; x_wconf 88' lang='grc'>136</span> 
     </span>
     <span class='ocr_line' id='line_1_34' title="bbox 525 2748 1498 2803; baseline 0.001 -11"><span class='ocrx_word' id='word_1_204' title='bbox 525 2748 746 2803; x_wconf 88' lang='lat' dir='ltr'>Quoniam</span> <span class='ocrx_word' id='word_1_205' title='bbox 778 2748 892 2792; x_wconf 91' lang='lat' dir='ltr'>mira</span> <span class='ocrx_word' id='word_1_206' title='bbox 923 2750 969 2792; x_wconf 93' lang='lat' dir='ltr'>et</span> <span class='ocrx_word' id='word_1_207' title='bbox 1045 2779 1348 2792; x_wconf 90' lang='grc'><strong>.....</strong></span> <span class='ocrx_word' id='word_1_208' title='bbox 1441 2750 1498 2793; x_wconf 88' lang='grc'><strong>93</strong></span> 
     </span>
     <span class='ocr_line' id='line_1_35' title="bbox 525 2820 1498 2875; baseline 0.001 -9"><span class='ocrx_word' id='word_1_209' title='bbox 525 2821 746 2875; x_wconf 90' lang='lat' dir='ltr'>Quoniam</span> <span class='ocrx_word' id='word_1_210' title='bbox 777 2820 915 2865; x_wconf 91' lang='lat' dir='ltr'>nichil</span> <span class='ocrx_word' id='word_1_211' title='bbox 943 2821 991 2865; x_wconf 91' lang='lat' dir='ltr'>in</span> <span class='ocrx_word' id='word_1_212' title='bbox 1044 2851 1350 2865; x_wconf 88' lang='grc'><strong>.....</strong></span> <span class='ocrx_word' id='word_1_213' title='bbox 1409 2822 1498 2867; x_wconf 89' lang='lat'>438</span> 
     </span>
     <span class='ocr_line' id='line_1_36' title="bbox 526 2894 1497 2953; baseline 0.001 -13"><span class='ocrx_word' id='word_1_214' title='bbox 526 2895 746 2949; x_wconf 89' lang='lat' dir='ltr'>Quoniam</span> <span class='ocrx_word' id='word_1_215' title='bbox 776 2895 984 2953; x_wconf 90' lang='lat' dir='ltr'>pervenit</span> <span class='ocrx_word' id='word_1_216' title='bbox 1013 2894 1073 2939; x_wconf 90' lang='lat' dir='ltr'>ad</span> <span class='ocrx_word' id='word_1_217' title='bbox 1101 2906 1185 2940; x_wconf 89' lang='lat' dir='ltr'>nos</span> <span class='ocrx_word' id='word_1_218' title='bbox 1267 2928 1276 2937; x_wconf 92' lang='lat'><strong>.</strong></span> <span class='ocrx_word' id='word_1_219' title='bbox 1341 2929 1349 2938; x_wconf 95' lang='lat'>.</span> <span class='ocrx_word' id='word_1_220' title='bbox 1409 2896 1497 2941; x_wconf 89' lang='lat'>417</span> 
     </span>
     <span class='ocr_line' id='line_1_37' title="bbox 526 2968 1497 3025; baseline 0.003 -13"><span class='ocrx_word' id='word_1_221' title='bbox 526 2968 747 3022; x_wconf 92' lang='lat' dir='ltr'>Quoniam</span> <span class='ocrx_word' id='word_1_222' title='bbox 778 2981 860 3025; x_wconf 92' lang='lat' dir='ltr'>pro</span> <span class='ocrx_word' id='word_1_223' title='bbox 893 2981 1046 3013; x_wconf 91' lang='lat' dir='ltr'>amore</span> <span class='ocrx_word' id='word_1_224' title='bbox 1118 3001 1127 3010; x_wconf 88' lang='lat'><strong>.</strong></span> <span class='ocrx_word' id='word_1_225' title='bbox 1191 3002 1199 3010; x_wconf 92' lang='lat'>.</span> <span class='ocrx_word' id='word_1_226' title='bbox 1266 3002 1273 3011; x_wconf 94' lang='lat'><strong>.</strong></span> <span class='ocrx_word' id='word_1_227' title='bbox 1339 3002 1348 3012; x_wconf 86' lang='lat'><strong>.</strong></span> <span class='ocrx_word' id='word_1_228' title='bbox 1410 2970 1497 3015; x_wconf 84' lang='lat'>256</span> 
     </span>
     <span class='ocr_line' id='line_1_38' title="bbox 526 3041 1497 3099; baseline 0.002 -13"><span class='ocrx_word' id='word_1_229' title='bbox 526 3041 747 3095; x_wconf 90' lang='lat' dir='ltr'>Quoniam</span> <span class='ocrx_word' id='word_1_230' title='bbox 778 3045 963 3099; x_wconf 88' lang='lat' dir='ltr'>propter</span> <span class='ocrx_word' id='word_1_231' title='bbox 992 3042 1159 3087; x_wconf 90' lang='lat' dir='ltr'>multas</span> <span class='ocrx_word' id='word_1_232' title='bbox 1192 3075 1201 3085; x_wconf 88' lang='lat'><strong>.</strong></span> <span class='ocrx_word' id='word_1_233' title='bbox 1266 3075 1274 3085; x_wconf 90' lang='lat'><strong>.</strong></span> <span class='ocrx_word' id='word_1_234' title='bbox 1338 3075 1348 3086; x_wconf 89' lang='lat'><strong>.</strong></span> <span class='ocrx_word' id='word_1_235' title='bbox 1411 3044 1497 3088; x_wconf 90' lang='grc'>289</span> 
     </span>
     <span class='ocr_line' id='line_1_39' title="bbox 526 3114 1496 3172; baseline 0.003 -13"><span class='ocrx_word' id='word_1_236' title='bbox 526 3114 747 3169; x_wconf 88' lang='lat' dir='ltr'>Quoniam</span> <span class='ocrx_word' id='word_1_237' title='bbox 777 3116 906 3172; x_wconf 83' lang='lat' dir='ltr'>regni</span> <span class='ocrx_word' id='word_1_238' title='bbox 935 3115 1003 3159; x_wconf 89' lang='lat' dir='ltr'>tui</span> <span class='ocrx_word' id='word_1_239' title='bbox 1045 3148 1347 3159; x_wconf 92' lang='grc'><strong>.....</strong></span> <span class='ocrx_word' id='word_1_240' title='bbox 1409 3117 1496 3162; x_wconf 87' lang='grc'><strong>441</strong></span> 
     </span>
     <span class='ocr_line' id='line_1_40' title="bbox 527 3188 1498 3246; baseline 0.002 -13"><span class='ocrx_word' id='word_1_241' title='bbox 527 3189 760 3246; x_wconf 89' lang='lat' dir='ltr'>Quoniam,</span> <span class='ocrx_word' id='word_1_242' title='bbox 794 3188 974 3233; x_wconf 91' lang='lat' dir='ltr'>sublata</span> <span class='ocrx_word' id='word_1_243' title='bbox 1002 3189 1220 3246; x_wconf 89' lang='lat' dir='ltr'>pastorali</span> <span class='ocrx_word' id='word_1_244' title='bbox 1266 3221 1275 3232; x_wconf 87' lang='lat'>.</span> <span class='ocrx_word' id='word_1_245' title='bbox 1339 3222 1349 3233; x_wconf 89' lang='lat'><strong>.</strong></span> <span class='ocrx_word' id='word_1_246' title='bbox 1410 3190 1498 3235; x_wconf 88' lang='lat'>358</span> 
     </span>
     <span class='ocr_line' id='line_1_41' title="bbox 527 3262 1498 3315; baseline 0.003 -9"><span class='ocrx_word' id='word_1_247' title='bbox 527 3262 747 3315; x_wconf 90' lang='lat' dir='ltr'>Quoniam</span> <span class='ocrx_word' id='word_1_248' title='bbox 777 3266 959 3307; x_wconf 85' lang='lat' dir='ltr'>vestrae</span> <span class='ocrx_word' id='word_1_249' title='bbox 990 3262 1243 3307; x_wconf 76' lang='lat' dir='ltr'>dilectionis</span> <span class='ocrx_word' id='word_1_250' title='bbox 1267 3296 1275 3305; x_wconf 91' lang='lat'>.</span> <span class='ocrx_word' id='word_1_251' title='bbox 1340 3297 1348 3306; x_wconf 94' lang='lat'>.</span> <span class='ocrx_word' id='word_1_252' title='bbox 1409 3264 1498 3308; x_wconf 90' lang='grc'>412</span> 
     </span>
     <span class='ocr_line' id='line_1_42' title="bbox 527 3335 1496 3381; baseline 0.002 -2"><span class='ocrx_word' id='word_1_253' title='bbox 527 3335 796 3380; x_wconf 82' lang='lat' dir='ltr'>Recordari</span> <span class='ocrx_word' id='word_1_254' title='bbox 827 3335 1052 3380; x_wconf 91' lang='lat' dir='ltr'>credimus</span> <span class='ocrx_word' id='word_1_255' title='bbox 1119 3368 1129 3379; x_wconf 88' lang='lat'><strong>.</strong></span> <span class='ocrx_word' id='word_1_256' title='bbox 1193 3369 1202 3378; x_wconf 89' lang='lat'><strong>.</strong></span> <span class='ocrx_word' id='word_1_257' title='bbox 1267 3370 1274 3378; x_wconf 96' lang='lat'><strong><em>.</em></strong></span> <span class='ocrx_word' id='word_1_258' title='bbox 1340 3370 1348 3379; x_wconf 91' lang='lat'><em>.</em></span> <span class='ocrx_word' id='word_1_259' title='bbox 1411 3338 1496 3381; x_wconf 89' lang='lat'>141</span> 
     </span>
     <span class='ocr_line' id='line_1_43' title="bbox 527 3408 1497 3466; baseline 0.003 -13"><span class='ocrx_word' id='word_1_260' title='bbox 527 3409 791 3466; x_wconf 84' lang='lat' dir='ltr'>Rigizonem</span> <span class='ocrx_word' id='word_1_261' title='bbox 835 3408 1048 3453; x_wconf 89' lang='lat' dir='ltr'>abbatem</span> <span class='ocrx_word' id='word_1_262' title='bbox 1088 3410 1352 3455; x_wconf 90' lang='lat' dir='ltr'>monasterii</span> <span class='ocrx_word' id='word_1_263' title='bbox 1411 3411 1497 3455; x_wconf 92' lang='lat'>138</span> 
     </span>
     <span class='ocr_line' id='line_1_44' title="bbox 526 3482 1497 3539; baseline 0.001 -12"><span class='ocrx_word' id='word_1_264' title='bbox 526 3484 792 3539; x_wconf 82' lang='lat' dir='ltr'>Rigizonem</span> <span class='ocrx_word' id='word_1_265' title='bbox 824 3482 1036 3527; x_wconf 87' lang='lat' dir='ltr'>abbatem</span> <span class='ocrx_word' id='word_1_266' title='bbox 1066 3487 1269 3528; x_wconf 86' lang='lat' dir='ltr'>vestrum</span> <span class='ocrx_word' id='word_1_267' title='bbox 1340 3517 1348 3526; x_wconf 95' lang='lat'><strong>.</strong></span> <span class='ocrx_word' id='word_1_268' title='bbox 1412 3484 1497 3528; x_wconf 90' lang='lat'>139</span> 
     </span>
     <span class='ocr_line' id='line_1_45' title="bbox 527 3556 1498 3602; baseline 0.002 -2"><span class='ocrx_word' id='word_1_269' title='bbox 527 3557 732 3601; x_wconf 88' lang='lat' dir='ltr'>Romana</span> <span class='ocrx_word' id='word_1_270' title='bbox 764 3556 957 3601; x_wconf 90' lang='lat' dir='ltr'>ecclesia</span> <span class='ocrx_word' id='word_1_271' title='bbox 986 3557 1076 3600; x_wconf 91' lang='lat' dir='ltr'>iam</span> <span class='ocrx_word' id='word_1_272' title='bbox 1108 3557 1279 3601; x_wconf 91' lang='lat' dir='ltr'>dudum</span> <span class='ocrx_word' id='word_1_273' title='bbox 1340 3589 1350 3600; x_wconf 89' lang='lat'><strong>.</strong></span> <span class='ocrx_word' id='word_1_274' title='bbox 1442 3558 1498 3602; x_wconf 84' lang='lat'>72</span> 
     </span>
     <span class='ocr_line' id='line_1_46' title="bbox 526 3628 1500 3675; baseline 0.003 -3"><span class='ocrx_word' id='word_1_275' title='bbox 526 3629 770 3673; x_wconf 89' lang='lat' dir='ltr'>Rumorem</span> <span class='ocrx_word' id='word_1_276' title='bbox 801 3628 952 3673; x_wconf 87' lang='lat' dir='ltr'>obitus</span> <span class='ocrx_word' id='word_1_277' title='bbox 983 3629 1153 3674; x_wconf 88' lang='lat' dir='ltr'>domini</span> <span class='ocrx_word' id='word_1_278' title='bbox 1194 3663 1202 3673; x_wconf 90' lang='lat'><strong>.</strong></span> <span class='ocrx_word' id='word_1_279' title='bbox 1266 3643 1276 3654; x_wconf 94' lang='lat'><strong>Î‡</strong></span> <span class='ocrx_word' id='word_1_280' title='bbox 1340 3663 1350 3673; x_wconf 89' lang='lat'><strong>.</strong></span> <span class='ocrx_word' id='word_1_281' title='bbox 1441 3630 1500 3675; x_wconf 89' lang='lat'>14</span> 
     </span>
     <span class='ocr_line' id='line_1_47' title="bbox 528 3701 1497 3748; baseline 0.003 -3"><span class='ocrx_word' id='word_1_282' title='bbox 528 3701 840 3746; x_wconf 74' lang='lat' dir='ltr'>sacerdotalis</span> <span class='ocrx_word' id='word_1_283' title='bbox 871 3703 1078 3747; x_wconf 91' lang='lat' dir='ltr'>culminis</span> <span class='ocrx_word' id='word_1_284' title='bbox 1120 3735 1130 3745; x_wconf 87' lang='lat'><strong>.</strong></span> <span class='ocrx_word' id='word_1_285' title='bbox 1194 3735 1203 3745; x_wconf 93' lang='lat'>.</span> <span class='ocrx_word' id='word_1_286' title='bbox 1267 3735 1277 3745; x_wconf 90' lang='lat'><strong>.</strong></span> <span class='ocrx_word' id='word_1_287' title='bbox 1341 3736 1349 3745; x_wconf 95' lang='lat'><strong>.</strong></span> <span class='ocrx_word' id='word_1_288' title='bbox 1412 3704 1497 3748; x_wconf 90' lang='lat'>391</span> 
     </span>
    </p>
   </div>
   <div class='ocr_carea' id='block_1_4' title="bbox 1553 475 2302 962">
    <p class='ocr_par' dir='ltr' id='par_1_4' title="bbox 1553 475 2302 962">
     <span class='ocr_line' id='line_1_48' title="bbox 1553 475 2298 534; baseline 0.003 -12"><span class='ocrx_word' id='word_1_289' title='bbox 1553 476 1698 534; x_wconf 88' lang='lat' dir='ltr'>Saepe</span> <span class='ocrx_word' id='word_1_290' title='bbox 1728 475 2058 522; x_wconf 85' lang='lat' dir='ltr'>fraternitatem</span> <span class='ocrx_word' id='word_1_291' title='bbox 2087 481 2214 524; x_wconf 85' lang='lat' dir='ltr'>tuam</span> <span class='ocrx_word' id='word_1_292' title='bbox 2289 513 2298 523; x_wconf 96' lang='lat'><strong><em>.</em></strong></span> 
     </span>
     <span class='ocr_line' id='line_1_49' title="bbox 1553 549 2299 607; baseline 0.003 -13"><span class='ocrx_word' id='word_1_293' title='bbox 1553 549 1700 607; x_wconf 89' lang='lat' dir='ltr'>Saepe</span> <span class='ocrx_word' id='word_1_294' title='bbox 1730 563 1812 607; x_wconf 92' lang='lat' dir='ltr'>per</span> <span class='ocrx_word' id='word_1_295' title='bbox 1841 551 2029 595; x_wconf 81' lang='lat' dir='ltr'>nuncios</span> <span class='ocrx_word' id='word_1_296' title='bbox 2071 584 2079 594; x_wconf 90' lang='lat'>.</span> <span class='ocrx_word' id='word_1_297' title='bbox 2145 585 2153 594; x_wconf 92' lang='lat'><strong>.</strong></span> <span class='ocrx_word' id='word_1_298' title='bbox 2217 585 2226 595; x_wconf 91' lang='lat'><strong>.</strong></span> <span class='ocrx_word' id='word_1_299' title='bbox 2289 585 2299 596; x_wconf 90' lang='lat'><strong><em>.</em></strong></span> 
     </span>
     <span class='ocr_line' id='line_1_50' title="bbox 1554 622 2298 669; baseline 0 -1"><span class='ocrx_word' id='word_1_300' title='bbox 1554 623 1756 668; x_wconf 86' lang='lat' dir='ltr'>Salutem</span> <span class='ocrx_word' id='word_1_301' title='bbox 1785 622 1917 669; x_wconf 87' lang='lat' dir='ltr'>vobis</span> <span class='ocrx_word' id='word_1_302' title='bbox 1948 636 2078 668; x_wconf 90' lang='lat' dir='ltr'>cum.</span> <span class='ocrx_word' id='word_1_303' title='bbox 2142 656 2152 667; x_wconf 89' lang='grc'><strong>.</strong></span> <span class='ocrx_word' id='word_1_304' title='bbox 2216 657 2225 667; x_wconf 95' lang='grc'><strong><em>.</em></strong></span> <span class='ocrx_word' id='word_1_305' title='bbox 2290 658 2298 668; x_wconf 91' lang='grc'><strong>.</strong></span> 
     </span>
     <span class='ocr_line' id='line_1_51' title="bbox 1554 695 2298 742; baseline -0.003 0"><span class='ocrx_word' id='word_1_306' title='bbox 1554 695 1721 742; x_wconf 89' lang='lat' dir='ltr'>Sancta</span> <span class='ocrx_word' id='word_1_307' title='bbox 1750 700 1797 741; x_wconf 90' lang='lat' dir='ltr'>et</span> <span class='ocrx_word' id='word_1_308' title='bbox 1825 697 2093 742; x_wconf 87' lang='lat' dir='ltr'>universalis</span> <span class='ocrx_word' id='word_1_309' title='bbox 2140 729 2149 740; x_wconf 89' lang='lat'><strong>.</strong></span> <span class='ocrx_word' id='word_1_310' title='bbox 2215 731 2223 740; x_wconf 94' lang='lat'>.</span> <span class='ocrx_word' id='word_1_311' title='bbox 2289 731 2298 741; x_wconf 93' lang='lat'><strong>.</strong></span> 
     </span>
     <span class='ocr_line' id='line_1_52' title="bbox 1554 769 2300 815; baseline 0 -1"><span class='ocrx_word' id='word_1_312' title='bbox 1554 769 1673 815; x_wconf 91' lang='lat' dir='ltr'>Satis</span> <span class='ocrx_word' id='word_1_313' title='bbox 1703 770 1832 815; x_wconf 84' lang='lat' dir='ltr'>novit</span> <span class='ocrx_word' id='word_1_314' title='bbox 1861 770 2043 815; x_wconf 91' lang='lat' dir='ltr'>dilectio</span> <span class='ocrx_word' id='word_1_315' title='bbox 2071 803 2080 814; x_wconf 93' lang='lat'><strong>.</strong></span> <span class='ocrx_word' id='word_1_316' title='bbox 2144 803 2154 814; x_wconf 92' lang='grc'><strong>.</strong></span> <span class='ocrx_word' id='word_1_317' title='bbox 2217 803 2227 814; x_wconf 94' lang='grc'><strong>.</strong></span> <span class='ocrx_word' id='word_1_318' title='bbox 2290 804 2300 815; x_wconf 90' lang='grc'><strong>.</strong></span> 
     </span>
     <span class='ocr_line' id='line_1_53' title="bbox 1555 842 2301 900; baseline 0 -13"><span class='ocrx_word' id='word_1_319' title='bbox 1555 842 1697 900; x_wconf 90' lang='lat' dir='ltr'>Scias,</span> <span class='ocrx_word' id='word_1_320' title='bbox 1729 856 1813 888; x_wconf 90' lang='lat' dir='ltr'>nos</span> <span class='ocrx_word' id='word_1_321' title='bbox 1844 843 1901 888; x_wconf 91' lang='lat' dir='ltr'>de</span> <span class='ocrx_word' id='word_1_322' title='bbox 1930 844 2172 900; x_wconf 88' lang='lat' dir='ltr'>prudentia</span> <span class='ocrx_word' id='word_1_323' title='bbox 2218 877 2227 887; x_wconf 90' lang='lat'><strong>.</strong></span> <span class='ocrx_word' id='word_1_324' title='bbox 2291 878 2301 888; x_wconf 88' lang='lat'><strong>.</strong></span> 
     </span>
     <span class='ocr_line' id='line_1_54' title="bbox 1555 915 2302 962; baseline 0 -2"><span class='ocrx_word' id='word_1_325' title='bbox 1555 915 1680 961; x_wconf 82' lang='lat' dir='ltr'>Sciat</span> <span class='ocrx_word' id='word_1_326' title='bbox 1708 915 1966 961; x_wconf 87' lang='lat' dir='ltr'>fraternitas</span> <span class='ocrx_word' id='word_1_327' title='bbox 1995 921 2078 962; x_wconf 90' lang='lat' dir='ltr'>tua</span> <span class='ocrx_word' id='word_1_328' title='bbox 2146 950 2155 960; x_wconf 90' lang='lat'><strong>.</strong></span> <span class='ocrx_word' id='word_1_329' title='bbox 2221 950 2230 961; x_wconf 93' lang='lat'>.</span> <span class='ocrx_word' id='word_1_330' title='bbox 2291 949 2302 960; x_wconf 91' lang='lat'><strong>.</strong></span> 
     </span>
    </p>
   </div>
   <div class='ocr_carea' id='block_1_5' title="bbox 1555 989 2224 1035">
    <p class='ocr_par' dir='ltr' id='par_1_5' title="bbox 1555 989 2224 1035">
     <span class='ocr_line' id='line_1_55' title="bbox 1555 989 2224 1035; baseline -0.001 -1"><span class='ocrx_word' id='word_1_331' title='bbox 1555 989 1719 1035; x_wconf 88' lang='lat' dir='ltr'>Sciatis</span> <span class='ocrx_word' id='word_1_332' title='bbox 1750 990 2063 1034; x_wconf 85' lang='lat' dir='ltr'>incunctanter</span> <span class='ocrx_word' id='word_1_333' title='bbox 2143 1023 2154 1034; x_wconf 84' lang='lat'><strong>.</strong></span> <span class='ocrx_word' id='word_1_334' title='bbox 2216 1024 2224 1033; x_wconf 95' lang='lat'><strong>.</strong></span> 
     </span>
    </p>
   </div>
   <div class='ocr_carea' id='block_1_6' title="bbox 1556 2382 2230 2440">
    <p class='ocr_par' dir='ltr' id='par_1_6' title="bbox 1556 2382 2230 2440">
     <span class='ocr_line' id='line_1_56' title="bbox 1556 2382 2230 2440; baseline -0.003 -12"><span class='ocrx_word' id='word_1_335' title='bbox 1556 2382 1605 2428; x_wconf 93' lang='lat' dir='ltr'>Si</span> <span class='ocrx_word' id='word_1_336' title='bbox 1634 2384 1761 2428; x_wconf 89' lang='lat' dir='ltr'>Deus</span> <span class='ocrx_word' id='word_1_337' title='bbox 1792 2383 1928 2428; x_wconf 92' lang='lat' dir='ltr'>modo</span> <span class='ocrx_word' id='word_1_338' title='bbox 1959 2383 2109 2440; x_wconf 91' lang='lat' dir='ltr'>aliquo</span> <span class='ocrx_word' id='word_1_339' title='bbox 2147 2416 2156 2426; x_wconf 95' lang='lat'><strong>.</strong></span> <span class='ocrx_word' id='word_1_340' title='bbox 2221 2416 2230 2425; x_wconf 88' lang='lat'><strong>.</strong></span> 
     </span>
    </p>
   </div>
   <div class='ocr_carea' id='block_1_7' title="bbox 1556 2455 2378 2733">
    <p class='ocr_par' dir='ltr' id='par_1_7' title="bbox 1556 2455 2378 2733">
     <span class='ocr_line' id='line_1_57' title="bbox 1556 2455 2378 2513; baseline 0 -13"><span class='ocrx_word' id='word_1_341' title='bbox 1556 2455 1605 2501; x_wconf 92' lang='lat' dir='ltr'>Si</span> <span class='ocrx_word' id='word_1_342' title='bbox 1636 2456 1874 2513; x_wconf 86' lang='lat' dir='ltr'>diligenter</span> <span class='ocrx_word' id='word_1_343' title='bbox 1905 2456 2154 2501; x_wconf 90' lang='lat' dir='ltr'>secundum</span> <span class='ocrx_word' id='word_1_344' title='bbox 2221 2488 2231 2499; x_wconf 89' lang='lat'><strong><em>.</em></strong></span> <span class='ocrx_word' id='word_1_345' title='bbox 2294 2487 2305 2498; x_wconf 90' lang='lat'><strong>.</strong></span> <span class='ocrx_word' id='word_1_346' title='bbox 2365 2487 2378 2500; x_wconf 87' lang='lat'><strong>.</strong></span> 
     </span>
     <span class='ocr_line' id='line_1_58' title="bbox 1556 2528 2378 2587; baseline -0.004 -13"><span class='ocrx_word' id='word_1_347' title='bbox 1556 2528 1606 2574; x_wconf 90' lang='lat' dir='ltr'>Si</span> <span class='ocrx_word' id='word_1_348' title='bbox 1636 2542 1692 2574; x_wconf 88' lang='lat' dir='ltr'>ea</span> <span class='ocrx_word' id='word_1_349' title='bbox 1720 2530 1768 2574; x_wconf 92' lang='lat' dir='ltr'>in</span> <span class='ocrx_word' id='word_1_350' title='bbox 1797 2529 1942 2587; x_wconf 88' lang='lat' dir='ltr'>vobis,</span> <span class='ocrx_word' id='word_1_351' title='bbox 1975 2542 2109 2586; x_wconf 89' lang='lat' dir='ltr'>quam</span> <span class='ocrx_word' id='word_1_352' title='bbox 2149 2562 2157 2571; x_wconf 91' lang='lat'><strong><em>.</em></strong></span> <span class='ocrx_word' id='word_1_353' title='bbox 2222 2562 2230 2571; x_wconf 93' lang='lat'>.</span> <span class='ocrx_word' id='word_1_354' title='bbox 2295 2561 2305 2571; x_wconf 94' lang='lat'><strong>.</strong></span> <span class='ocrx_word' id='word_1_355' title='bbox 2367 2561 2378 2572; x_wconf 89' lang='lat'><em>.</em></span> 
     </span>
     <span class='ocr_line' id='line_1_59' title="bbox 1557 2601 2378 2660; baseline -0.001 -13"><span class='ocrx_word' id='word_1_356' title='bbox 1557 2601 1912 2660; x_wconf 88' lang='lat' dir='ltr'>Significandum</span> <span class='ocrx_word' id='word_1_357' title='bbox 1942 2602 2026 2647; x_wconf 87' lang='lat' dir='ltr'>tibi</span> <span class='ocrx_word' id='word_1_358' title='bbox 2055 2602 2269 2648; x_wconf 84' lang='lat' dir='ltr'>duximus</span> <span class='ocrx_word' id='word_1_359' title='bbox 2295 2635 2305 2646; x_wconf 93' lang='lat'><strong>.</strong></span> <span class='ocrx_word' id='word_1_360' title='bbox 2368 2634 2378 2646; x_wconf 92' lang='lat'>.</span> 
     </span>
     <span class='ocr_line' id='line_1_60' title="bbox 1557 2674 2378 2733; baseline -0.001 -13"><span class='ocrx_word' id='word_1_361' title='bbox 1557 2675 1833 2732; x_wconf 79' lang='lat' dir='ltr'>significasti</span> <span class='ocrx_word' id='word_1_362' title='bbox 1861 2674 1992 2720; x_wconf 88' lang='lat' dir='ltr'>nobis</span> <span class='ocrx_word' id='word_1_363' title='bbox 2022 2688 2104 2733; x_wconf 93' lang='lat' dir='ltr'>per</span> <span class='ocrx_word' id='word_1_364' title='bbox 2149 2709 2159 2719; x_wconf 94' lang='lat'>.</span> <span class='ocrx_word' id='word_1_365' title='bbox 2223 2708 2233 2719; x_wconf 90' lang='lat'>.</span> <span class='ocrx_word' id='word_1_366' title='bbox 2296 2709 2306 2719; x_wconf 93' lang='lat'>.</span> <span class='ocrx_word' id='word_1_367' title='bbox 2367 2708 2378 2720; x_wconf 89' lang='lat'><strong>.</strong></span> 
     </span>
    </p>
   </div>
   <div class='ocr_carea' id='block_1_8' title="bbox 1556 2748 2378 3247">
    <p class='ocr_par' dir='ltr' id='par_1_8' title="bbox 1556 2748 2378 3247">
     <span class='ocr_line' id='line_1_61' title="bbox 1557 2748 2304 2806; baseline -0.003 -13"><span class='ocrx_word' id='word_1_368' title='bbox 1557 2748 1606 2794; x_wconf 91' lang='lat' dir='ltr'>Si</span> <span class='ocrx_word' id='word_1_369' title='bbox 1634 2750 1808 2794; x_wconf 86' lang='lat' dir='ltr'>litteras</span> <span class='ocrx_word' id='word_1_370' title='bbox 1840 2748 2005 2806; x_wconf 91' lang='lat' dir='ltr'>quibus</span> <span class='ocrx_word' id='word_1_371' title='bbox 2076 2782 2084 2791; x_wconf 93' lang='lat'><strong>.</strong></span> <span class='ocrx_word' id='word_1_372' title='bbox 2148 2782 2158 2791; x_wconf 90' lang='lat'>.</span> <span class='ocrx_word' id='word_1_373' title='bbox 2219 2781 2229 2792; x_wconf 92' lang='lat'>.</span> <span class='ocrx_word' id='word_1_374' title='bbox 2294 2782 2304 2792; x_wconf 88' lang='lat'><strong><em>.</em></strong></span> 
     </span>
     <span class='ocr_line' id='line_1_62' title="bbox 1557 2821 2305 2868; baseline -0.004 0"><span class='ocrx_word' id='word_1_375' title='bbox 1557 2822 1606 2868; x_wconf 92' lang='lat' dir='ltr'>Si</span> <span class='ocrx_word' id='word_1_376' title='bbox 1633 2823 1723 2867; x_wconf 89' lang='lat' dir='ltr'>loci</span> <span class='ocrx_word' id='word_1_377' title='bbox 1751 2823 1819 2867; x_wconf 92' lang='lat' dir='ltr'>tui</span> <span class='ocrx_word' id='word_1_378' title='bbox 1849 2821 1988 2866; x_wconf 89' lang='lat' dir='ltr'>frater</span> <span class='ocrx_word' id='word_1_379' title='bbox 2076 2855 2086 2865; x_wconf 90' lang='lat'><strong>.</strong></span> <span class='ocrx_word' id='word_1_380' title='bbox 2150 2856 2159 2865; x_wconf 93' lang='lat'><em>.</em></span> <span class='ocrx_word' id='word_1_381' title='bbox 2224 2855 2233 2865; x_wconf 93' lang='lat'><strong><em>.</em></strong></span> <span class='ocrx_word' id='word_1_382' title='bbox 2295 2855 2305 2866; x_wconf 88' lang='lat'><strong>.</strong></span> 
     </span>
     <span class='ocr_line' id='line_1_63' title="bbox 1557 2895 2378 2942; baseline -0.002 0"><span class='ocrx_word' id='word_1_383' title='bbox 1557 2895 1740 2942; x_wconf 91' lang='lat' dir='ltr'>Sincero</span> <span class='ocrx_word' id='word_1_384' title='bbox 1773 2896 1973 2940; x_wconf 91' lang='lat' dir='ltr'>caritatis</span> <span class='ocrx_word' id='word_1_385' title='bbox 2004 2895 2172 2941; x_wconf 89' lang='lat' dir='ltr'>affectu</span> <span class='ocrx_word' id='word_1_386' title='bbox 2224 2929 2233 2939; x_wconf 88' lang='lat'>.</span> <span class='ocrx_word' id='word_1_387' title='bbox 2295 2929 2305 2939; x_wconf 91' lang='lat'><strong><em>.</em></strong></span> <span class='ocrx_word' id='word_1_388' title='bbox 2367 2928 2378 2940; x_wconf 90' lang='lat'><strong>.</strong></span> 
     </span>
     <span class='ocr_line' id='line_1_64' title="bbox 1557 2968 2304 3014; baseline -0.003 0"><span class='ocrx_word' id='word_1_389' title='bbox 1557 2969 1605 3014; x_wconf 93' lang='lat' dir='ltr'>Si</span> <span class='ocrx_word' id='word_1_390' title='bbox 1636 2968 1773 3014; x_wconf 88' lang='lat' dir='ltr'>officii</span> <span class='ocrx_word' id='word_1_391' title='bbox 1802 2969 1946 3014; x_wconf 86' lang='lat' dir='ltr'>nostri</span> <span class='ocrx_word' id='word_1_392' title='bbox 1975 2972 2046 3013; x_wconf 90' lang='lat' dir='ltr'>est</span> <span class='ocrx_word' id='word_1_393' title='bbox 2077 3002 2084 3010; x_wconf 94' lang='lat'><strong>.</strong></span> <span class='ocrx_word' id='word_1_394' title='bbox 2149 3003 2157 3011; x_wconf 93' lang='lat'><em>.</em></span> <span class='ocrx_word' id='word_1_395' title='bbox 2222 3003 2231 3012; x_wconf 89' lang='lat'><strong>.</strong></span> <span class='ocrx_word' id='word_1_396' title='bbox 2295 3002 2304 3012; x_wconf 94' lang='lat'><em>.</em></span> 
     </span>
     <span class='ocr_line' id='line_1_65' title="bbox 1558 3042 2304 3100; baseline -0.003 -12"><span class='ocrx_word' id='word_1_397' title='bbox 1558 3042 1607 3088; x_wconf 93' lang='lat' dir='ltr'>Si</span> <span class='ocrx_word' id='word_1_398' title='bbox 1636 3047 1794 3100; x_wconf 89' lang='lat' dir='ltr'>posset</span> <span class='ocrx_word' id='word_1_399' title='bbox 1822 3042 1934 3100; x_wconf 91' lang='lat' dir='ltr'>fieri,</span> <span class='ocrx_word' id='word_1_400' title='bbox 1966 3046 2170 3099; x_wconf 90' lang='lat' dir='ltr'>optarem</span> <span class='ocrx_word' id='word_1_401' title='bbox 2222 3075 2231 3086; x_wconf 93' lang='lat'><strong>.</strong></span> <span class='ocrx_word' id='word_1_402' title='bbox 2293 3075 2304 3086; x_wconf 92' lang='lat'><strong>.</strong></span> 
     </span>
     <span class='ocr_line' id='line_1_66' title="bbox 1558 3115 2304 3173; baseline -0.004 -12"><span class='ocrx_word' id='word_1_403' title='bbox 1558 3150 1569 3161; x_wconf 84' lang='lat'><strong>.</strong></span> <span class='ocrx_word' id='word_1_404' title='bbox 1588 3151 1599 3161; x_wconf 90' lang='lat'><strong>.</strong></span> <span class='ocrx_word' id='word_1_405' title='bbox 1621 3150 1631 3161; x_wconf 92' lang='lat'>.</span> <span class='ocrx_word' id='word_1_406' title='bbox 1665 3115 1713 3161; x_wconf 88' lang='grc'>81</span> <span class='ocrx_word' id='word_1_407' title='bbox 1744 3117 1844 3173; x_wconf 87' lang='lat' dir='ltr'>quis</span> <span class='ocrx_word' id='word_1_408' title='bbox 1875 3117 2007 3161; x_wconf 88' lang='lat' dir='ltr'>dator</span> <span class='ocrx_word' id='word_1_409' title='bbox 2035 3117 2110 3162; x_wconf 85' lang='lat' dir='ltr'>vel</span> <span class='ocrx_word' id='word_1_410' title='bbox 2150 3149 2158 3158; x_wconf 96' lang='lat'><em>.</em></span> <span class='ocrx_word' id='word_1_411' title='bbox 2223 3149 2232 3159; x_wconf 93' lang='lat'><strong>.</strong></span> <span class='ocrx_word' id='word_1_412' title='bbox 2295 3149 2304 3158; x_wconf 93' lang='lat'><strong>.</strong></span> 
     </span>
     <span class='ocr_line' id='line_1_67' title="bbox 1556 3189 2303 3247; baseline -0.004 -13"><span class='ocrx_word' id='word_1_413' title='bbox 1556 3189 1605 3235; x_wconf 92' lang='lat' dir='ltr'>Si</span> <span class='ocrx_word' id='word_1_414' title='bbox 1637 3190 1715 3247; x_wconf 89' lang='lat' dir='ltr'>qui</span> <span class='ocrx_word' id='word_1_415' title='bbox 1746 3193 1852 3234; x_wconf 89' lang='lat' dir='ltr'>sunt</span> <span class='ocrx_word' id='word_1_416' title='bbox 1879 3189 2119 3247; x_wconf 89' lang='lat' dir='ltr'>presbiteri</span> <span class='ocrx_word' id='word_1_417' title='bbox 2149 3222 2158 3232; x_wconf 93' lang='lat'><em>.</em></span> <span class='ocrx_word' id='word_1_418' title='bbox 2222 3222 2231 3231; x_wconf 93' lang='lat'><strong>.</strong></span> <span class='ocrx_word' id='word_1_419' title='bbox 2295 3222 2303 3231; x_wconf 93' lang='lat'><strong>.</strong></span> 
     </span>
    </p>
   </div>
   <div class='ocr_carea' id='block_1_9' title="bbox 1556 3262 2122 3309">
    <p class='ocr_par' dir='ltr' id='par_1_9' title="bbox 1556 3262 2122 3309">
     <span class='ocr_line' id='line_1_68' title="bbox 1556 3262 2122 3309; baseline -0.004 0"><span class='ocrx_word' id='word_1_420' title='bbox 1556 3262 1605 3309; x_wconf 93' lang='lat' dir='ltr'>Si</span> <span class='ocrx_word' id='word_1_421' title='bbox 1634 3264 1827 3308; x_wconf 88' lang='lat' dir='ltr'>Romani</span> <span class='ocrx_word' id='word_1_422' title='bbox 1857 3263 1916 3307; x_wconf 92' lang='lat' dir='ltr'>ad</span> <span class='ocrx_word' id='word_1_423' title='bbox 1945 3266 2122 3308; x_wconf 87' lang='lat' dir='ltr'>vestras</span> 
     </span>
    </p>
   </div>
   <div class='ocr_carea' id='block_1_10' title="bbox 1557 3335 2525 3747">
    <p class='ocr_par' dir='ltr' id='par_1_10' title="bbox 1557 3335 2525 3747">
     <span class='ocr_line' id='line_1_69' title="bbox 1557 3335 2303 3382; baseline -0.005 -1"><span class='ocrx_word' id='word_1_424' title='bbox 1557 3335 1606 3381; x_wconf 93' lang='lat' dir='ltr'>Si</span> <span class='ocrx_word' id='word_1_425' title='bbox 1638 3340 1895 3382; x_wconf 88' lang='lat' dir='ltr'>sanctorum</span> <span class='ocrx_word' id='word_1_426' title='bbox 1926 3336 2188 3381; x_wconf 89' lang='lat' dir='ltr'>memoriam</span> <span class='ocrx_word' id='word_1_427' title='bbox 2221 3368 2230 3378; x_wconf 90' lang='lat'>.</span> <span class='ocrx_word' id='word_1_428' title='bbox 2294 3368 2303 3377; x_wconf 91' lang='lat'><strong>.</strong></span> 
     </span>
     <span class='ocr_line' id='line_1_70' title="bbox 1557 3408 2376 3455; baseline -0.006 0"><span class='ocrx_word' id='word_1_429' title='bbox 1557 3409 1605 3455; x_wconf 90' lang='lat' dir='ltr'>Si</span> <span class='ocrx_word' id='word_1_430' title='bbox 1636 3411 1701 3455; x_wconf 92' lang='lat' dir='ltr'>sic</span> <span class='ocrx_word' id='word_1_431' title='bbox 1731 3410 1896 3454; x_wconf 90' lang='lat' dir='ltr'>mentis</span> <span class='ocrx_word' id='word_1_432' title='bbox 1926 3408 2100 3453; x_wconf 88' lang='lat' dir='ltr'>stabilis</span> <span class='ocrx_word' id='word_1_433' title='bbox 2147 3441 2156 3451; x_wconf 88' lang='lat'>.</span> <span class='ocrx_word' id='word_1_434' title='bbox 2221 3442 2230 3451; x_wconf 92' lang='lat'><strong>.</strong></span> <span class='ocrx_word' id='word_1_435' title='bbox 2294 3441 2303 3451; x_wconf 93' lang='lat'><em>.</em></span> <span class='ocrx_word' id='word_1_436' title='bbox 2367 3442 2376 3451; x_wconf 92' lang='lat'><strong>.</strong></span> 
     </span>
     <span class='ocr_line' id='line_1_71' title="bbox 1557 3482 2304 3540; baseline -0.007 -12"><span class='ocrx_word' id='word_1_437' title='bbox 1557 3482 1606 3528; x_wconf 94' lang='lat' dir='ltr'>Si</span> <span class='ocrx_word' id='word_1_438' title='bbox 1634 3487 1680 3528; x_wconf 89' lang='lat' dir='ltr'>te</span> <span class='ocrx_word' id='word_1_439' title='bbox 1710 3482 1948 3540; x_wconf 88' lang='lat' dir='ltr'>pastoralis</span> <span class='ocrx_word' id='word_1_440' title='bbox 2002 3513 2304 3524; x_wconf 87' lang='lat'><strong>.....</strong></span> 
     </span>
     <span class='ocr_line' id='line_1_72' title="bbox 1557 3555 2376 3613; baseline -0.004 -12"><span class='ocrx_word' id='word_1_441' title='bbox 1557 3555 1813 3613; x_wconf 87' lang='lat' dir='ltr'>Stephanus</span> <span class='ocrx_word' id='word_1_442' title='bbox 1845 3555 2015 3599; x_wconf 90' lang='lat' dir='ltr'>electus</span> <span class='ocrx_word' id='word_1_443' title='bbox 2045 3557 2199 3600; x_wconf 90' lang='lat' dir='ltr'>vester</span> <span class='ocrx_word' id='word_1_444' title='bbox 2221 3587 2231 3598; x_wconf 83' lang='lat'><strong>.</strong></span> <span class='ocrx_word' id='word_1_445' title='bbox 2293 3588 2303 3598; x_wconf 91' lang='lat'><strong>.</strong></span> <span class='ocrx_word' id='word_1_446' title='bbox 2366 3587 2376 3598; x_wconf 91' lang='lat'><strong>.</strong></span> 
     </span>
     <span class='ocr_line' id='line_1_73' title="bbox 2365 3629 2525 3673; baseline 0.006 -2"><span class='ocrx_word' id='word_1_447' title='bbox 2365 3661 2376 3671; x_wconf 91' lang='lat'><em>.</em></span> <span class='ocrx_word' id='word_1_448' title='bbox 2435 3629 2525 3673; x_wconf 90' lang='grc'>423</span> 
     </span>
     <span class='ocr_line' id='line_1_74' title="bbox 2367 3701 2525 3747; baseline 0.013 -3"><span class='ocrx_word' id='word_1_449' title='bbox 2367 3734 2377 3744; x_wconf 95' lang='grc'><em>.</em></span> <span class='ocrx_word' id='word_1_450' title='bbox 2435 3701 2525 3747; x_wconf 87' lang='grc'>492</span> 
     </span>
    </p>
   </div>
   <div class='ocr_carea' id='block_1_11' title="bbox 1558 3628 2155 3685">
    <p class='ocr_par' dir='ltr' id='par_1_11' title="bbox 1558 3628 2155 3685">
     <span class='ocr_line' id='line_1_75' title="bbox 1558 3628 2155 3685; baseline -0.005 -11"><span class='ocrx_word' id='word_1_451' title='bbox 1558 3629 1742 3675; x_wconf 92' lang='lat' dir='ltr'>Summe</span> <span class='ocrx_word' id='word_1_452' title='bbox 1773 3628 1893 3673; x_wconf 89' lang='lat' dir='ltr'>sedis</span> <span class='ocrx_word' id='word_1_453' title='bbox 1925 3628 2110 3685; x_wconf 88' lang='lat' dir='ltr'>specula</span> <span class='ocrx_word' id='word_1_454' title='bbox 2147 3661 2155 3670; x_wconf 94' lang='lat'><strong>.</strong></span> 
     </span>
    </p>
   </div>
   <div class='ocr_carea' id='block_1_12' title="bbox 1558 3701 2304 3759">
    <p class='ocr_par' dir='ltr' id='par_1_12' title="bbox 1558 3701 2304 3759">
     <span class='ocr_line' id='line_1_76' title="bbox 1558 3701 2304 3759; baseline -0.004 -11"><span class='ocrx_word' id='word_1_455' title='bbox 1558 3702 1851 3759; x_wconf 90' lang='lat' dir='ltr'>Summopere</span> <span class='ocrx_word' id='word_1_456' title='bbox 1880 3701 2213 3759; x_wconf 89' lang='lat' dir='ltr'>procurandum</span> <span class='ocrx_word' id='word_1_457' title='bbox 2293 3734 2304 3745; x_wconf 87' lang='lat'><strong>.</strong></span> 
     </span>
    </p>
   </div>
   <div class='ocr_carea' id='block_1_13' title="bbox 2432 429 2507 466">
    <p class='ocr_par' dir='ltr' id='par_1_13' title="bbox 2432 429 2507 466">
     <span class='ocr_line' id='line_1_77' title="bbox 2432 429 2507 466; baseline 0.04 -3"><span class='ocrx_word' id='word_1_458' title='bbox 2432 429 2507 466; x_wconf 71' lang='lat'>1Â³â¸8</span> 
     </span>
    </p>
   </div>
   <div class='ocr_carea' id='block_1_14' title="bbox 2363 443 2521 527">
    <p class='ocr_par' dir='ltr' id='par_1_14' title="bbox 2363 443 2521 527">
     <span class='ocr_line' id='line_1_78' title="bbox 2363 443 2521 527; baseline 0.025 -4"><span class='ocrx_word' id='word_1_459' title='bbox 2363 514 2371 523; x_wconf 92' lang='lat'><strong><em>.</em></strong></span> <span class='ocrx_word' id='word_1_460' title='bbox 2431 443 2521 527; x_wconf 81' lang='lat'>494</span> 
     </span>
    </p>
   </div>
   <div class='ocr_carea' id='block_1_15' title="bbox 2431 554 2521 673">
    <p class='ocr_par' dir='ltr' id='par_1_15' title="bbox 2431 554 2521 673">
     <span class='ocr_line' id='line_1_79' title="bbox 2431 554 2519 600; baseline 0.011 -1"><span class='ocrx_word' id='word_1_461' title='bbox 2431 554 2519 600; x_wconf 89' lang='lat'>451</span> 
     </span>
     <span class='ocr_line' id='line_1_80' title="bbox 2433 628 2521 673; baseline 0.011 -1"><span class='ocrx_word' id='word_1_462' title='bbox 2433 628 2521 673; x_wconf 87' lang='grc'>303</span> 
     </span>
    </p>
   </div>
   <div class='ocr_carea' id='block_1_16' title="bbox 2363 700 2522 745">
    <p class='ocr_par' dir='ltr' id='par_1_16' title="bbox 2363 700 2522 745">
     <span class='ocr_line' id='line_1_81' title="bbox 2363 700 2522 745; baseline 0 0"><span class='ocrx_word' id='word_1_463' title='bbox 2363 727 2372 737; x_wconf 91' lang='lat'><em>Î‡</em></span> <span class='ocrx_word' id='word_1_464' title='bbox 2434 700 2522 745; x_wconf 93' lang='grc'><strong>299</strong></span> 
     </span>
    </p>
   </div>
   <div class='ocr_carea' id='block_1_17' title="bbox 2433 773 2521 818">
    <p class='ocr_par' dir='ltr' id='par_1_17' title="bbox 2433 773 2521 818">
     <span class='ocr_line' id='line_1_82' title="bbox 2433 773 2521 818; baseline 0 0"><span class='ocrx_word' id='word_1_465' title='bbox 2433 773 2521 818; x_wconf 88' lang='lat'>477</span> 
     </span>
    </p>
   </div>
   <div class='ocr_carea' id='block_1_18' title="bbox 1552 846 2524 2367">
    <p class='ocr_par' dir='ltr' id='par_1_18' title="bbox 1552 846 2524 2367">
     <span class='ocr_line' id='line_1_83' title="bbox 2365 846 2524 892; baseline 0.031 -4"><span class='ocrx_word' id='word_1_466' title='bbox 2365 879 2374 888; x_wconf 93' lang='lat'>.</span> <span class='ocrx_word' id='word_1_467' title='bbox 2435 846 2524 892; x_wconf 87' lang='lat'>384</span> 
     </span>
     <span class='ocr_line' id='line_1_84' title="bbox 2364 919 2522 964; baseline 0.019 -3"><span class='ocrx_word' id='word_1_468' title='bbox 2364 950 2375 961; x_wconf 88' lang='lat'><strong>.</strong></span> <span class='ocrx_word' id='word_1_469' title='bbox 2433 919 2522 964; x_wconf 90' lang='lat'>411</span> 
     </span>
     <span class='ocr_line' id='line_1_85' title="bbox 2365 992 2524 1037; baseline 0.019 -3"><span class='ocrx_word' id='word_1_470' title='bbox 2365 1023 2374 1034; x_wconf 93' lang='lat'><strong>.</strong></span> <span class='ocrx_word' id='word_1_471' title='bbox 2435 992 2524 1037; x_wconf 88' lang='lat'>360</span> 
     </span>
     <span class='ocr_line' id='line_1_86' title="bbox 1556 1061 2376 1120; baseline 0 -12"><span class='ocrx_word' id='word_1_472' title='bbox 1556 1061 1680 1108; x_wconf 89' lang='lat' dir='ltr'>Sciat</span> <span class='ocrx_word' id='word_1_473' title='bbox 1708 1063 1950 1120; x_wconf 88' lang='lat' dir='ltr'>prudentia</span> <span class='ocrx_word' id='word_1_474' title='bbox 1977 1066 2058 1108; x_wconf 88' lang='lat' dir='ltr'>tua</span> <span class='ocrx_word' id='word_1_475' title='bbox 2147 1097 2156 1106; x_wconf 92' lang='lat'>.</span> <span class='ocrx_word' id='word_1_476' title='bbox 2221 1097 2230 1106; x_wconf 88' lang='lat'><strong>.</strong></span> <span class='ocrx_word' id='word_1_477' title='bbox 2292 1097 2302 1108; x_wconf 90' lang='lat'><strong>.</strong></span> <span class='ocrx_word' id='word_1_478' title='bbox 2365 1096 2376 1108; x_wconf 91' lang='lat'><strong>.</strong></span> 
     </span>
     <span class='ocr_line' id='line_1_87' title="bbox 1556 1135 2303 1194; baseline 0.001 -14"><span class='ocrx_word' id='word_1_479' title='bbox 1556 1135 1746 1194; x_wconf 91' lang='lat' dir='ltr'>Scimus,</span> <span class='ocrx_word' id='word_1_480' title='bbox 1777 1136 1939 1181; x_wconf 89' lang='lat' dir='ltr'>fratres</span> <span class='ocrx_word' id='word_1_481' title='bbox 1971 1136 2191 1181; x_wconf 88' lang='lat' dir='ltr'>carissimi</span> <span class='ocrx_word' id='word_1_482' title='bbox 2221 1170 2229 1180; x_wconf 90' lang='lat'><strong>.</strong></span> <span class='ocrx_word' id='word_1_483' title='bbox 2293 1170 2303 1182; x_wconf 92' lang='lat'><strong><em>.</em></strong></span> 
     </span>
     <span class='ocr_line' id='line_1_88' title="bbox 1555 1208 2302 1267; baseline 0.001 -14"><span class='ocrx_word' id='word_1_484' title='bbox 1555 1208 1746 1267; x_wconf 90' lang='lat' dir='ltr'>Scimus,</span> <span class='ocrx_word' id='word_1_485' title='bbox 1780 1210 1992 1266; x_wconf 90' lang='lat' dir='ltr'>quoniam</span> <span class='ocrx_word' id='word_1_486' title='bbox 2021 1210 2263 1267; x_wconf 88' lang='lat' dir='ltr'>prudentia</span> <span class='ocrx_word' id='word_1_487' title='bbox 2294 1243 2302 1254; x_wconf 92' lang='lat'><strong>.</strong></span> 
     </span>
     <span class='ocr_line' id='line_1_89' title="bbox 1555 1281 2378 1340; baseline 0.001 -13"><span class='ocrx_word' id='word_1_488' title='bbox 1555 1281 1680 1327; x_wconf 88' lang='lat' dir='ltr'>Scire</span> <span class='ocrx_word' id='word_1_489' title='bbox 1710 1295 1794 1327; x_wconf 87' lang='lat' dir='ltr'>vos</span> <span class='ocrx_word' id='word_1_490' title='bbox 1824 1284 1942 1340; x_wconf 91' lang='lat' dir='ltr'>volo,</span> <span class='ocrx_word' id='word_1_491' title='bbox 1973 1282 2136 1328; x_wconf 89' lang='lat' dir='ltr'>fratres</span> <span class='ocrx_word' id='word_1_492' title='bbox 2222 1318 2230 1326; x_wconf 95' lang='lat'>.</span> <span class='ocrx_word' id='word_1_493' title='bbox 2294 1317 2304 1327; x_wconf 89' lang='lat'><strong>.</strong></span> <span class='ocrx_word' id='word_1_494' title='bbox 2367 1317 2378 1328; x_wconf 89' lang='lat'><strong>.</strong></span> 
     </span>
     <span class='ocr_line' id='line_1_90' title="bbox 1556 1354 2302 1401; baseline 0 -1"><span class='ocrx_word' id='word_1_495' title='bbox 1556 1354 1691 1400; x_wconf 91' lang='lat' dir='ltr'>Scitis</span> <span class='ocrx_word' id='word_1_496' title='bbox 1721 1355 1883 1401; x_wconf 88' lang='lat' dir='ltr'>fratres</span> <span class='ocrx_word' id='word_1_497' title='bbox 1915 1360 1961 1400; x_wconf 92' lang='lat' dir='ltr'>et</span> <span class='ocrx_word' id='word_1_498' title='bbox 2001 1389 2302 1400; x_wconf 92' lang='grc'><strong>.....</strong></span> 
     </span>
     <span class='ocr_line' id='line_1_91' title="bbox 1552 1427 2303 1488; baseline 0 -15"><span class='ocrx_word' id='word_1_499' title='bbox 1552 1427 1839 1485; x_wconf 73' lang='lat' dir='ltr'>vServandum</span> <span class='ocrx_word' id='word_1_500' title='bbox 1871 1429 2257 1488; x_wconf 87' lang='lat' dir='ltr'>archiepiscopum</span> <span class='ocrx_word' id='word_1_501' title='bbox 2294 1463 2303 1473; x_wconf 90' lang='lat'><strong>.</strong></span> 
     </span>
     <span class='ocr_line' id='line_1_92' title="bbox 1557 1501 2304 1548; baseline 0.001 -1"><span class='ocrx_word' id='word_1_502' title='bbox 1557 1536 1568 1547; x_wconf 92' lang='lat'><strong>.</strong></span> <span class='ocrx_word' id='word_1_503' title='bbox 1587 1536 1598 1547; x_wconf 90' lang='lat'><strong>.</strong></span> <span class='ocrx_word' id='word_1_504' title='bbox 1618 1535 1628 1546; x_wconf 91' lang='lat'><strong>.</strong></span> <span class='ocrx_word' id='word_1_505' title='bbox 1662 1501 1711 1547; x_wconf 92' lang='lat' dir='ltr'>Si</span> <span class='ocrx_word' id='word_1_506' title='bbox 1741 1504 2114 1548; x_wconf 89' lang='lat' dir='ltr'>consuetudinem</span> <span class='ocrx_word' id='word_1_507' title='bbox 2148 1537 2155 1546; x_wconf 95' lang='lat'><strong><em>.</em></strong></span> <span class='ocrx_word' id='word_1_508' title='bbox 2222 1537 2229 1546; x_wconf 90' lang='lat'><strong>.</strong></span> <span class='ocrx_word' id='word_1_509' title='bbox 2295 1537 2304 1547; x_wconf 93' lang='lat'><strong>.</strong></span> 
     </span>
     <span class='ocr_line' id='line_1_93' title="bbox 1556 1575 2303 1623; baseline 0 -3"><span class='ocrx_word' id='word_1_510' title='bbox 1556 1575 1683 1621; x_wconf 89' lang='lat' dir='ltr'>Sicut</span> <span class='ocrx_word' id='word_1_511' title='bbox 1713 1577 1812 1621; x_wconf 93' lang='lat' dir='ltr'>aliis</span> <span class='ocrx_word' id='word_1_512' title='bbox 1842 1578 2002 1622; x_wconf 91' lang='lat' dir='ltr'>litteris</span> <span class='ocrx_word' id='word_1_513' title='bbox 2033 1578 2238 1623; x_wconf 88' lang='lat' dir='ltr'>misimus</span> <span class='ocrx_word' id='word_1_514' title='bbox 2294 1610 2303 1620; x_wconf 92' lang='lat'><strong>.</strong></span> 
     </span>
     <span class='ocr_line' id='line_1_94' title="bbox 1556 1647 2377 1706; baseline -0.001 -13"><span class='ocrx_word' id='word_1_515' title='bbox 1556 1647 1685 1694; x_wconf 87' lang='lat' dir='ltr'>Sicut</span> <span class='ocrx_word' id='word_1_516' title='bbox 1713 1648 1874 1694; x_wconf 88' lang='lat' dir='ltr'>beatus</span> <span class='ocrx_word' id='word_1_517' title='bbox 1905 1649 2152 1706; x_wconf 83' lang='lat' dir='ltr'>Gregorius</span> <span class='ocrx_word' id='word_1_518' title='bbox 2222 1684 2232 1692; x_wconf 93' lang='lat'>.</span> <span class='ocrx_word' id='word_1_519' title='bbox 2295 1684 2304 1693; x_wconf 97' lang='lat'><strong><em>.</em></strong></span> <span class='ocrx_word' id='word_1_520' title='bbox 2367 1683 2377 1693; x_wconf 88' lang='lat'><strong><em>.</em></strong></span> 
     </span>
     <span class='ocr_line' id='line_1_95' title="bbox 1557 1721 2304 1768; baseline -0.001 -1"><span class='ocrx_word' id='word_1_521' title='bbox 1557 1722 1685 1767; x_wconf 91' lang='lat' dir='ltr'>Sicut</span> <span class='ocrx_word' id='word_1_522' title='bbox 1713 1721 1914 1767; x_wconf 91' lang='lat' dir='ltr'>fidelium</span> <span class='ocrx_word' id='word_1_523' title='bbox 1943 1726 2124 1768; x_wconf 89' lang='lat' dir='ltr'>tuorum</span> <span class='ocrx_word' id='word_1_524' title='bbox 2148 1757 2157 1766; x_wconf 90' lang='lat'><strong>.</strong></span> <span class='ocrx_word' id='word_1_525' title='bbox 2222 1757 2230 1766; x_wconf 93' lang='lat'><strong><em>.</em></strong></span> <span class='ocrx_word' id='word_1_526' title='bbox 2295 1756 2304 1766; x_wconf 92' lang='lat'>.</span> 
     </span>
     <span class='ocr_line' id='line_1_96' title="bbox 1557 1794 2304 1841; baseline 0 -1"><span class='ocrx_word' id='word_1_527' title='bbox 1557 1794 1684 1840; x_wconf 90' lang='lat' dir='ltr'>Sicut</span> <span class='ocrx_word' id='word_1_528' title='bbox 1713 1796 1761 1840; x_wconf 93' lang='lat' dir='ltr'>in</span> <span class='ocrx_word' id='word_1_529' title='bbox 1788 1796 1949 1840; x_wconf 90' lang='lat' dir='ltr'>litteris</span> <span class='ocrx_word' id='word_1_530' title='bbox 1979 1797 2071 1841; x_wconf 86' lang='lat' dir='ltr'>tuis</span> <span class='ocrx_word' id='word_1_531' title='bbox 2149 1829 2157 1840; x_wconf 93' lang='lat'><strong><em>.</em></strong></span> <span class='ocrx_word' id='word_1_532' title='bbox 2221 1829 2232 1839; x_wconf 94' lang='lat'>.</span> <span class='ocrx_word' id='word_1_533' title='bbox 2294 1829 2304 1840; x_wconf 94' lang='lat'><strong><em>.</em></strong></span> 
     </span>
     <span class='ocr_line' id='line_1_97' title="bbox 1557 1868 2304 1927; baseline -0.003 -13"><span class='ocrx_word' id='word_1_534' title='bbox 1557 1868 1683 1914; x_wconf 91' lang='lat' dir='ltr'>Sicut</span> <span class='ocrx_word' id='word_1_535' title='bbox 1713 1870 1760 1914; x_wconf 88' lang='lat' dir='ltr'>in</span> <span class='ocrx_word' id='word_1_536' title='bbox 1789 1868 2013 1927; x_wconf 90' lang='lat' dir='ltr'>prioribus</span> <span class='ocrx_word' id='word_1_537' title='bbox 2075 1902 2084 1912; x_wconf 89' lang='lat'><strong>.</strong></span> <span class='ocrx_word' id='word_1_538' title='bbox 2149 1903 2158 1912; x_wconf 93' lang='lat'><strong>.</strong></span> <span class='ocrx_word' id='word_1_539' title='bbox 2221 1903 2231 1913; x_wconf 88' lang='lat'><em>.</em></span> <span class='ocrx_word' id='word_1_540' title='bbox 2295 1903 2304 1913; x_wconf 92' lang='lat'><strong>.</strong></span> 
     </span>
     <span class='ocr_line' id='line_1_98' title="bbox 1557 1942 2379 1988; baseline -0.001 -1"><span class='ocrx_word' id='word_1_541' title='bbox 1557 1942 1685 1988; x_wconf 87' lang='lat' dir='ltr'>Sicut</span> <span class='ocrx_word' id='word_1_542' title='bbox 1713 1943 1915 1988; x_wconf 90' lang='lat' dir='ltr'>nonnulli</span> <span class='ocrx_word' id='word_1_543' title='bbox 1944 1946 2168 1988; x_wconf 87' lang='lat' dir='ltr'>noverunt</span> <span class='ocrx_word' id='word_1_544' title='bbox 2225 1978 2231 1986; x_wconf 93' lang='lat'><em>.</em></span> <span class='ocrx_word' id='word_1_545' title='bbox 2296 1976 2306 1987; x_wconf 95' lang='lat'>.</span> <span class='ocrx_word' id='word_1_546' title='bbox 2368 1975 2379 1986; x_wconf 90' lang='lat'><strong>.</strong></span> 
     </span>
     <span class='ocr_line' id='line_1_99' title="bbox 1556 2015 2376 2062; baseline -0.002 0"><span class='ocrx_word' id='word_1_547' title='bbox 1556 2016 1683 2062; x_wconf 92' lang='lat' dir='ltr'>Sicut</span> <span class='ocrx_word' id='word_1_548' title='bbox 1712 2017 1842 2062; x_wconf 88' lang='lat' dir='ltr'>novit</span> <span class='ocrx_word' id='word_1_549' title='bbox 1869 2015 2128 2062; x_wconf 86' lang='lat' dir='ltr'>fraternitas</span> <span class='ocrx_word' id='word_1_550' title='bbox 2149 2050 2158 2060; x_wconf 94' lang='lat'><strong><em>.</em></strong></span> <span class='ocrx_word' id='word_1_551' title='bbox 2223 2051 2230 2059; x_wconf 97' lang='lat'>.</span> <span class='ocrx_word' id='word_1_552' title='bbox 2295 2051 2304 2060; x_wconf 90' lang='lat'><strong><em>.</em></strong></span> <span class='ocrx_word' id='word_1_553' title='bbox 2367 2051 2376 2060; x_wconf 91' lang='lat'><strong><em>.</em></strong></span> 
     </span>
     <span class='ocr_line' id='line_1_100' title="bbox 1556 2089 2378 2148; baseline -0.001 -14"><span class='ocrx_word' id='word_1_554' title='bbox 1556 2089 1684 2134; x_wconf 91' lang='lat' dir='ltr'>Sicut</span> <span class='ocrx_word' id='word_1_555' title='bbox 1713 2103 1795 2148; x_wconf 92' lang='lat' dir='ltr'>per</span> <span class='ocrx_word' id='word_1_556' title='bbox 1823 2089 1965 2135; x_wconf 89' lang='lat' dir='ltr'>filium</span> <span class='ocrx_word' id='word_1_557' title='bbox 1995 2094 2198 2135; x_wconf 89' lang='lat' dir='ltr'>nostrum</span> <span class='ocrx_word' id='word_1_558' title='bbox 2222 2124 2230 2133; x_wconf 91' lang='lat'><strong><em>.</em></strong></span> <span class='ocrx_word' id='word_1_559' title='bbox 2295 2123 2306 2134; x_wconf 89' lang='lat'><strong>.</strong></span> <span class='ocrx_word' id='word_1_560' title='bbox 2368 2123 2378 2133; x_wconf 92' lang='lat'>.</span> 
     </span>
     <span class='ocr_line' id='line_1_101' title="bbox 1557 2163 2306 2221; baseline -0.001 -13"><span class='ocrx_word' id='word_1_561' title='bbox 1557 2163 1685 2209; x_wconf 85' lang='lat' dir='ltr'>Sicut</span> <span class='ocrx_word' id='word_1_562' title='bbox 1713 2164 1956 2221; x_wconf 89' lang='lat' dir='ltr'>prudentia</span> <span class='ocrx_word' id='word_1_563' title='bbox 1985 2168 2066 2209; x_wconf 90' lang='lat' dir='ltr'>tua</span> <span class='ocrx_word' id='word_1_564' title='bbox 2151 2198 2159 2207; x_wconf 92' lang='lat'><strong><em>.</em></strong></span> <span class='ocrx_word' id='word_1_565' title='bbox 2224 2197 2232 2207; x_wconf 93' lang='lat'><strong><em>.</em></strong></span> <span class='ocrx_word' id='word_1_566' title='bbox 2294 2196 2306 2207; x_wconf 92' lang='lat'><strong>.</strong></span> 
     </span>
     <span class='ocr_line' id='line_1_102' title="bbox 1557 2236 2304 2294; baseline -0.003 -12"><span class='ocrx_word' id='word_1_567' title='bbox 1557 2236 1685 2282; x_wconf 90' lang='lat' dir='ltr'>Sicut</span> <span class='ocrx_word' id='word_1_568' title='bbox 1715 2237 2015 2294; x_wconf 88' lang='lat' dir='ltr'>quorumdam</span> <span class='ocrx_word' id='word_1_569' title='bbox 2043 2240 2247 2283; x_wconf 85' lang='lat' dir='ltr'>vestrum</span> <span class='ocrx_word' id='word_1_570' title='bbox 2294 2269 2304 2280; x_wconf 92' lang='lat'><strong><em>.</em></strong></span> 
     </span>
     <span class='ocr_line' id='line_1_103' title="bbox 1556 2309 2303 2367; baseline -0.001 -13"><span class='ocrx_word' id='word_1_571' title='bbox 1556 2309 1684 2354; x_wconf 91' lang='lat' dir='ltr'>Sicut</span> <span class='ocrx_word' id='word_1_572' title='bbox 1713 2314 1795 2354; x_wconf 92' lang='lat' dir='ltr'>tua</span> <span class='ocrx_word' id='word_1_573' title='bbox 1824 2323 1961 2367; x_wconf 91' lang='lat' dir='ltr'>super</span> <span class='ocrx_word' id='word_1_574' title='bbox 2001 2342 2303 2353; x_wconf 88' lang='grc'><strong>.....</strong></span> 
     </span>
    </p>
   </div>
   <div class='ocr_carea' id='block_1_19' title="bbox 2464 1064 2524 1110">
    <p class='ocr_par' dir='ltr' id='par_1_19' title="bbox 2464 1064 2524 1110">
     <span class='ocr_line' id='line_1_104' title="bbox 2464 1064 2524 1110; baseline 0.017 -1"><span class='ocrx_word' id='word_1_575' title='bbox 2464 1064 2524 1110; x_wconf 91' lang='grc'>42</span> 
     </span>
    </p>
   </div>
   <div class='ocr_carea' id='block_1_20' title="bbox 2366 1138 2524 1256">
    <p class='ocr_par' dir='ltr' id='par_1_20' title="bbox 2366 1138 2524 1256">
     <span class='ocr_line' id='line_1_105' title="bbox 2366 1138 2524 1184; baseline 0.013 -2"><span class='ocrx_word' id='word_1_576' title='bbox 2366 1171 2376 1182; x_wconf 95' lang='grc'><strong>.</strong></span> <span class='ocrx_word' id='word_1_577' title='bbox 2434 1138 2524 1184; x_wconf 88' lang='grc'>495</span> 
     </span>
     <span class='ocr_line' id='line_1_106' title="bbox 2367 1210 2524 1256; baseline 0.013 -2"><span class='ocrx_word' id='word_1_578' title='bbox 2367 1243 2376 1254; x_wconf 94' lang='grc'><strong>.</strong></span> <span class='ocrx_word' id='word_1_579' title='bbox 2438 1210 2524 1256; x_wconf 91' lang='grc'>158</span> 
     </span>
    </p>
   </div>
   <div class='ocr_carea' id='block_1_21' title="bbox 2438 1285 2526 1402">
    <p class='ocr_par' dir='ltr' id='par_1_21' title="bbox 2438 1285 2526 1402">
     <span class='ocr_line' id='line_1_107' title="bbox 2467 1285 2524 1330; baseline 0.018 -1"><span class='ocrx_word' id='word_1_580' title='bbox 2467 1285 2524 1330; x_wconf 89' lang='grc'>26</span> 
     </span>
     <span class='ocr_line' id='line_1_108' title="bbox 2438 1357 2526 1402; baseline 0 0"><span class='ocrx_word' id='word_1_581' title='bbox 2438 1357 2526 1402; x_wconf 88' lang='grc'>290</span> 
     </span>
    </p>
   </div>
   <div class='ocr_carea' id='block_1_22' title="bbox 2367 1430 2550 1622">
    <p class='ocr_par' dir='ltr' id='par_1_22' title="bbox 2367 1430 2550 1622">
     <span class='ocr_line' id='line_1_109' title="bbox 2367 1430 2526 1476; baseline 0.025 -4"><span class='ocrx_word' id='word_1_582' title='bbox 2367 1463 2376 1472; x_wconf 93' lang='grc'><strong>.</strong></span> <span class='ocrx_word' id='word_1_583' title='bbox 2438 1430 2526 1476; x_wconf 83' lang='lat'>235</span> 
     </span>
     <span class='ocr_line' id='line_1_110' title="bbox 2367 1503 2550 1572; baseline 0.011 -25"><span class='ocrx_word' id='word_1_584' title='bbox 2367 1536 2377 1547; x_wconf 95' lang='lat'><strong><em>.</em></strong></span> <span class='ocrx_word' id='word_1_585' title='bbox 2438 1503 2550 1572; x_wconf 16' lang='lat'>576*</span> 
     </span>
     <span class='ocr_line' id='line_1_111' title="bbox 2369 1577 2526 1622; baseline 0.006 -1"><span class='ocrx_word' id='word_1_586' title='bbox 2369 1609 2380 1621; x_wconf 93' lang='lat'><strong>.</strong></span> <span class='ocrx_word' id='word_1_587' title='bbox 2438 1577 2526 1622; x_wconf 86' lang='lat'>568</span> 
     </span>
    </p>
   </div>
   <div class='ocr_carea' id='block_1_23' title="bbox 2468 1651 2524 1694">
    <p class='ocr_par' dir='ltr' id='par_1_23' title="bbox 2468 1651 2524 1694">
     <span class='ocr_line' id='line_1_112' title="bbox 2468 1651 2524 1694; baseline 0 0"><span class='ocrx_word' id='word_1_588' title='bbox 2468 1651 2524 1694; x_wconf 95' lang='grc'>21</span> 
     </span>
    </p>
   </div>
   <div class='ocr_carea' id='block_1_24' title="bbox 2367 1723 2527 1841">
    <p class='ocr_par' dir='ltr' id='par_1_24' title="bbox 2367 1723 2527 1841">
     <span class='ocr_line' id='line_1_113' title="bbox 2367 1723 2526 1768; baseline 0.013 -2"><span class='ocrx_word' id='word_1_589' title='bbox 2367 1756 2377 1766; x_wconf 90' lang='grc'><strong>.</strong></span> <span class='ocrx_word' id='word_1_590' title='bbox 2426 1723 2526 1768; x_wconf 81' lang='grc'><strong>365</strong></span> 
     </span>
     <span class='ocr_line' id='line_1_114' title="bbox 2367 1797 2527 1841; baseline 0.006 -1"><span class='ocrx_word' id='word_1_591' title='bbox 2367 1827 2378 1840; x_wconf 92' lang='grc'><strong>.</strong></span> <span class='ocrx_word' id='word_1_592' title='bbox 2440 1797 2527 1841; x_wconf 92' lang='grc'>112</span> 
     </span>
    </p>
   </div>
   <div class='ocr_carea' id='block_1_25' title="bbox 2439 1869 2527 2062">
    <p class='ocr_par' dir='ltr' id='par_1_25' title="bbox 2439 1869 2527 2062">
     <span class='ocr_line' id='line_1_115' title="bbox 2439 1869 2527 1915; baseline 0.011 -1"><span class='ocrx_word' id='word_1_593' title='bbox 2439 1869 2527 1915; x_wconf 87' lang='lat'>545</span> 
     </span>
     <span class='ocr_line' id='line_1_116' title="bbox 2440 1942 2527 1988; baseline 0.011 -1"><span class='ocrx_word' id='word_1_594' title='bbox 2440 1942 2527 1988; x_wconf 89' lang='grc'>375</span> 
     </span>
     <span class='ocr_line' id='line_1_117' title="bbox 2439 2017 2527 2062; baseline -0.011 0"><span class='ocrx_word' id='word_1_595' title='bbox 2439 2017 2527 2062; x_wconf 87' lang='grc'><strong>372</strong></span> 
     </span>
    </p>
   </div>
   <div class='ocr_carea' id='block_1_26' title="bbox 2367 2163 2525 2281">
    <p class='ocr_par' dir='ltr' id='par_1_26' title="bbox 2367 2163 2525 2281">
     <span class='ocr_line' id='line_1_118' title="bbox 2368 2163 2525 2207; baseline 0.006 -1"><span class='ocrx_word' id='word_1_596' title='bbox 2368 2196 2378 2206; x_wconf 92' lang='grc'><strong>.</strong></span> <span class='ocrx_word' id='word_1_597' title='bbox 2437 2163 2525 2207; x_wconf 88' lang='grc'>449</span> 
     </span>
     <span class='ocr_line' id='line_1_119' title="bbox 2367 2237 2525 2281; baseline 0.006 -2"><span class='ocrx_word' id='word_1_598' title='bbox 2367 2269 2377 2279; x_wconf 93' lang='grc'><em>.</em></span> <span class='ocrx_word' id='word_1_599' title='bbox 2438 2237 2525 2281; x_wconf 88' lang='grc'>296</span> 
     </span>
    </p>
   </div>
   <div class='ocr_carea' id='block_1_27' title="bbox 2439 2310 2526 2354">
    <p class='ocr_par' dir='ltr' id='par_1_27' title="bbox 2439 2310 2526 2354">
     <span class='ocr_line' id='line_1_120' title="bbox 2439 2310 2526 2354; baseline 0 0"><span class='ocrx_word' id='word_1_600' title='bbox 2439 2310 2526 2354; x_wconf 90' lang='grc'>180</span> 
     </span>
    </p>
   </div>
   <div class='ocr_carea' id='block_1_28' title="bbox 2367 2382 2527 2426">
    <p class='ocr_par' dir='ltr' id='par_1_28' title="bbox 2367 2382 2527 2426">
     <span class='ocr_line' id='line_1_121' title="bbox 2367 2382 2527 2426; baseline 0.006 -1"><span class='ocrx_word' id='word_1_601' title='bbox 2367 2382 2527 2426; x_wconf 87' lang='lat'>.144</span> 
     </span>
    </p>
   </div>
   <div class='ocr_carea' id='block_1_29' title="bbox 2439 2455 2526 2500">
    <p class='ocr_par' dir='ltr' id='par_1_29' title="bbox 2439 2455 2526 2500">
     <span class='ocr_line' id='line_1_122' title="bbox 2439 2455 2526 2500; baseline 0 0"><span class='ocrx_word' id='word_1_602' title='bbox 2439 2455 2526 2500; x_wconf 87' lang='grc'><strong>346</strong></span> 
     </span>
    </p>
   </div>
   <div class='ocr_carea' id='block_1_30' title="bbox 2439 2603 2527 3015">
    <p class='ocr_par' dir='ltr' id='par_1_30' title="bbox 2439 2603 2527 3015">
     <span class='ocr_line' id='line_1_123' title="bbox 2470 2603 2527 2648; baseline 0.018 -1"><span class='ocrx_word' id='word_1_603' title='bbox 2470 2603 2527 2648; x_wconf 88' lang='lat'>76</span> 
     </span>
     <span class='ocr_line' id='line_1_124' title="bbox 2469 2677 2527 2721; baseline -0.017 0"><span class='ocrx_word' id='word_1_604' title='bbox 2469 2677 2527 2721; x_wconf 89' lang='lat'>93</span> 
     </span>
     <span class='ocr_line' id='line_1_125' title="bbox 2439 2748 2527 2794; baseline 0 0"><span class='ocrx_word' id='word_1_605' title='bbox 2439 2748 2527 2794; x_wconf 88' lang='grc'><strong>245</strong></span> 
     </span>
     <span class='ocr_line' id='line_1_126' title="bbox 2469 2823 2527 2868; baseline -0.017 0"><span class='ocrx_word' id='word_1_606' title='bbox 2469 2823 2527 2868; x_wconf 90' lang='grc'><strong>24</strong></span> 
     </span>
     <span class='ocr_line' id='line_1_127' title="bbox 2439 2896 2526 2941; baseline 0 0"><span class='ocrx_word' id='word_1_607' title='bbox 2439 2896 2526 2941; x_wconf 89' lang='grc'>385</span> 
     </span>
     <span class='ocr_line' id='line_1_128' title="bbox 2440 2970 2526 3015; baseline -0.012 0"><span class='ocrx_word' id='word_1_608' title='bbox 2440 2970 2526 3015; x_wconf 89' lang='grc'>192</span> 
     </span>
    </p>
   </div>
   <div class='ocr_carea' id='block_1_31' title="bbox 2367 3044 2528 3381">
    <p class='ocr_par' dir='ltr' id='par_1_31' title="bbox 2367 3044 2528 3381">
     <span class='ocr_line' id='line_1_129' title="bbox 2368 3044 2526 3088; baseline 0.019 -3"><span class='ocrx_word' id='word_1_609' title='bbox 2368 3076 2376 3085; x_wconf 94' lang='grc'><strong>.</strong></span> <span class='ocrx_word' id='word_1_610' title='bbox 2439 3044 2526 3088; x_wconf 90' lang='grc'>163</span> 
     </span>
     <span class='ocr_line' id='line_1_130' title="bbox 2368 3116 2526 3161; baseline 0.006 -2"><span class='ocrx_word' id='word_1_611' title='bbox 2368 3148 2378 3159; x_wconf 91' lang='grc'><strong>.</strong></span> <span class='ocrx_word' id='word_1_612' title='bbox 2438 3116 2526 3161; x_wconf 88' lang='grc'>575</span> 
     </span>
     <span class='ocr_line' id='line_1_131' title="bbox 2367 3189 2528 3235; baseline -0.006 0"><span class='ocrx_word' id='word_1_613' title='bbox 2367 3226 2376 3235; x_wconf 92' lang='grc'><strong>.</strong></span> <span class='ocrx_word' id='word_1_614' title='bbox 2438 3189 2528 3234; x_wconf 88' lang='lat'>554</span> 
     </span>
     <span class='ocr_line' id='line_1_132' title="bbox 2367 3262 2526 3307; baseline 0.013 -2"><span class='ocrx_word' id='word_1_615' title='bbox 2367 3295 2377 3305; x_wconf 92' lang='lat'><strong>.</strong></span> <span class='ocrx_word' id='word_1_616' title='bbox 2439 3262 2526 3307; x_wconf 91' lang='lat'>350</span> 
     </span>
     <span class='ocr_line' id='line_1_133' title="bbox 2367 3335 2526 3381; baseline 0.013 -3"><span class='ocrx_word' id='word_1_617' title='bbox 2367 3368 2377 3378; x_wconf 90' lang='lat'><em>.</em></span> <span class='ocrx_word' id='word_1_618' title='bbox 2438 3335 2526 3381; x_wconf 88' lang='lat'>533</span> 
     </span>
    </p>
   </div>
   <div class='ocr_carea' id='block_1_32' title="bbox 2439 3409 2526 3599">
    <p class='ocr_par' dir='ltr' id='par_1_32' title="bbox 2439 3409 2526 3599">
     <span class='ocr_line' id='line_1_134' title="bbox 2468 3409 2524 3454; baseline 0.018 -1"><span class='ocrx_word' id='word_1_619' title='bbox 2468 3409 2524 3454; x_wconf 90' lang='lat'>91</span> 
     </span>
     <span class='ocr_line' id='line_1_135' title="bbox 2439 3483 2525 3526; baseline 0 0"><span class='ocrx_word' id='word_1_620' title='bbox 2439 3483 2525 3526; x_wconf 87' lang='lat'>176</span> 
     </span>
     <span class='ocr_line' id='line_1_136' title="bbox 2439 3556 2526 3599; baseline 0 0"><span class='ocrx_word' id='word_1_621' title='bbox 2439 3556 2526 3599; x_wconf 90' lang='grc'>100</span> 
     </span>
    </p>
   </div>
  </div>
 </body>
</html>
