2730 4198
863 287 1137 326 GREGoRn
1175 288 1253 334 v11
1292 286 1556 324 REGISTRI
1593 286 1671 323 v11
1698 286 1734 322 8.
2162 271 2268 324 389

329 404 669 461 Massiliensis
706 404 1121 473 congregationis
1146 404 1395 458 fratribus
1423 403 1644 457 salutem
1673 406 1724 456 et
1750 400 2090 473 apostolicam
2115 400 2269 455 bene-

329 502 622 556 dictionem.

473 597 590 650 Non
630 596 943 664 dubitamuS,
983 596 1327 649 fraternitatis
1354 599 1558 648 vestrae
1585 593 1932 661 dilectionem,
1971 591 2192 645 meroris
2220 595 2272 645 et

326 693 571 747 tristitiae
609 692 837 763 plenam,
881 709 1037 761 super
1075 690 1358 744 venerandi
1396 690 1563 760 patris
1604 686 1712 742 sui¹
1738 705 1954 742 excessu
1978 687 2271 741 vehementi

327 788 504 843 dolore
551 788 852 856 constringi.
924 787 1003 841 De
1042 789 1187 841 cuius
1226 787 1450 840 transitu
1489 786 1721 854 profecto
1760 783 1959 837 nemini
1995 783 2165 835 maius
2190 783 2270 834 in-

328 884 658 938 commodum
707 901 862 952 quam
911 884 1060 937 nobis
1110 887 1199 935 aut
1246 898 1408 950 aeque
1446 897 1695 948 magnum
1737 879 1970 932 evenisse
2007 882 2270 948 putamus,

328 980 416 1049 qui
463 979 623 1033 talem
666 984 973 1048 tantumque
1013 958 1317 1032 adiutorem
1341 977 1492 1030 nobis
1533 993 1560 1029 e
1598 976 1762 1029 latere
1802 975 2113 1028 subductum
2154 991 2271 1027 sen-

325 1075 501 1129 timus,
561 1075 916 1129 Intelleximus
945 1074 1227 1143 siquidem:
1268 1073 1323 1125 in
1361 1072 1529 1142 ipsius
1569 1071 1848 1142 prudentia
1875 1075 1926 1123 et
1952 1069 2185 1137 consiliO,
2227 1071 2270 1122 si

326 1172 436 1226 vita
475 1171 774 1241 aliquandiu
814 1187 985 1224 comes
1025 1173 1276 1237 maneret,
1316 1169 1603 1239 plurimum
1641 1167 1884 1221 utilitatis
1913 1166 2024 1220 Deo
2063 1166 2271 1220 favente

325 1284 429 1321 non
468 1267 636 1320 solum
673 1267 728 1319 in
767 1265 1105 1335 transalpinis
1144 1282 1325 1319 verum
1366 1265 1524 1318 etiam
1561 1265 1617 1317 in
1655 1263 1836 1317 Italiae
1873 1261 2110 1334 partibus
2152 1279 2269 1315 cum

324 1363 606 1416 multorum
645 1361 811 1415 salute
850 1366 1060 1415 sanctae
1085 1361 1350 1414 Romanae
1390 1360 1637 1414 ecclesiae
1671 1363 2062 1430 proventurum.
2121 1358 2271 1412 Unde

322 1475 417 1511 nos
457 1474 660 1527 quoque
700 1487 769 1493 —
810 1458 944 1510 tanti
984 1457 1224 1511 culminis
1266 1474 1395 1510 onus
1437 1457 1575 1525 quod
1601 1456 1741 1509 ultra
1764 1456 1903 1510 vires
1929 1459 2163 1508 nostras⁸
2191 1459 2271 1509 est

323 1553 653 1622 sustinenteS,
695 1553 950 1607 eiusmodi
989 1553 1174 1607 solatio
1215 1553 1435 1622 sublate,
1476 1569 1593 1606 cum
1620 1552 1882 1606 neminem
1911 1555 2001 1604 aut
2025 1552 2113 1604 vix
2141 1568 2269 1621 pau-

322 1666 409 1704 cos
457 1648 824 1718 suffragatores
874 1649 1071 1703 similes
1118 1650 1445 1703 inveniamus
1486 1680 1552 1686 —
1597 1652 1790 1718 quanto
1837 1647 2029 1701 mentis
2078 1663 2269 1714 angore

321 1750 620 1813 teneamur,
670 1745 869 1815 liquido
918 1745 1125 1815 quidem
1175 1746 1394 1816 potestis
1442 1750 1493 1799 et
1529 1746 1633 1815 ipsi
1671 1743 2009 1814 perpendere.
2074 1742 2268 1796 Verum

323 1841 445 1911 quia
484 1842 854 1911 omnipotentis
885 1840 985 1895 Dei
1022 1842 1422 1896 inaestimabilis
1462 1841 1791 1912 providentia
1829 1840 2004 1893 omnia
2042 1839 2177 1892 iuste
2217 1842 2269 1892 et

323 1937 588 2007 sapienter
637 1937 892 2006 disponit,
941 1938 1134 1991 iudicia
1174 1939 1310 2006 eius,
1359 1937 1606 1990 nimirum
1647 1941 1791 1990 recta
1829 1935 2047 1989 consilia
2083 1936 2267 2005 ipsius,

323 2033 599 2103 aequitatis
628 2037 680 2086 et
705 2033 1094 2087 misericordiae
1121 2033 1292 2104 plena,
1320 2034 1469 2087 nobis
1498 2037 1635 2101 sunt,
1656 2033 1862 2100 fratreS,
1892 2031 2269 2101 aequanimiter

321 2129 550 2182 ferenda.
702 2128 774 2181 Et
811 2129 1054 2197 quoniam
1093 2133 1411 2182 memoratus
1449 2134 1600 2199 pater
1637 2132 1826 2196 vester,
1870 2128 2005 2196 quod
2044 2127 2266 2181 vivendo

318 2224 624 2294 promeruit,
665 2224 899 2277 obeundo
939 2226 1301 2279 incunctanter
1329 2230 1407 2279 est
1431 2225 1677 2278 Abrahae
1703 2225 1821 2277 sinu
1847 2227 2114 2294 receptus3
2153 2240 2266 2291 nOS,

319 2319 456 2374 dulci
482 2320 622 2373 illius
648 2321 902 2373 memoria
927 2320 1073 2374 vobis
1103 2321 1303 2374 astricti
1318 2320 1354 2389 ¹³,
1394 2321 1675 2391 praecipue
1702 2321 1861 2374 etiam
1889 2321 2063 2373 divino
2092 2336 2267 2373 amore

317 2421 578 2485 monente,
618 2416 790 2470 locum
829 2420 1060 2470 vestrum
1101 2417 1397 2487 specialiter
1437 2417 1652 2484 diligere
1691 2417 1871 2470 iuvare
1913 2420 1965 2470 et
2005 2416 2068 2469 ab
2097 2415 2263 2468 omni-

317 2511 414 2565 bus
452 2512 731 2581 violentiis,
773 2513 907 2566 sicut
940 2513 1186 2567 ecclesiae
1220 2513 1485 2567 Romanae
1521 2513 1817 2583 specialiter
1850 2513 2134 2580 herentem,
2177 2512 2264 2564 de-

317 2607 527 2661 fendere
566 2608 904 2662 decrevimus.
962 2608 1034 2662 Et
1060 2609 1495 2677 quemadmodum
1524 2608 1863 2663 Cluniacense
1889 2608 2265 2661 monasterium

317 2702 471 2771 longo
508 2704 615 2756 iam
653 2709 888 2774 tempore
928 2705 1039 2758 sedi
1066 2705 1379 2775 apostolicae
1406 2709 1610 2759 constat
1636 2722 1748 2759 esse
1773 2705 1996 2773 unitum,
2035 2705 2111 2758 ita
2137 2721 2263 2773 quo-

318 2816 418 2869 que
455 2803 683 2853 vestrum
735 2800 977 2870 deinceps
1024 2805 1083 2854 ut
1131 2801 1299 2854 eidem
1339 2801 1449 2855 sedi
1488 2802 1729 2855 similiter
1767 2801 1948 2855 hereat
1983 2801 2038 2854 in
2077 2817 2263 2870 perpe-

316 2899 481 2963 tuum,
521 2895 759 2950 volumus
800 2900 954 2965 atque
994 2896 1271 2950 sancimus,
1414 2897 1728 2951 Audivimus
1769 2901 1959 2965 autem,
2002 2897 2138 2966 quod
2178 2913 2263 2950 ca-

314 2992 444 3045 ritas
479 2996 656 3046 vestra
687 2991 850 3045 filium
877 2995 1114 3045 nostrum
1142 2996 1194 3045 et
1217 2993 1581 3063 presbyterum
1609 2993 1927 3047 cardinalem
1951 2992 2260 3046 Riccardum

314 3087 426 3142 loco
478 3089 712 3156 germani
761 3089 926 3158 ipsius
976 3088 1034 3140 in
1084 3087 1323 3142 abbatem
1368 3090 1496 3144 velit
1544 3090 1750 3157 eligere.
1829 3088 1995 3152 Quam
2041 3088 2262 3156 denique

315 3183 620 3238 electionem
658 3201 754 3237 nos
805 3184 1155 3254 approbamus
1201 3189 1252 3238 et
1293 3186 1579 3255 apostolica
1619 3183 1927 3239 auctoritate
1963 3183 2258 3250 firmamus3

313 3280 369 3334 in
417 3280 514 3333 hoc
559 3281 688 3334 item
726 3280 873 3334 vobis
923 3280 1136 3333 obnoxii
1186 3284 1237 3333 et
1286 3282 1433 3349 quasi
1471 3281 1692 3334 vinculis
1733 3281 2010 3349 geminatis
2051 3281 2257 3348 annexi,

315 3376 453 3444 quod
490 3381 699 3430 sanctae
737 3376 1002 3429 Romanae
1042 3375 1288 3429 ecclesiae
1325 3375 1490 3429 filium
1529 3381 1782 3430 rectorem
1818 3375 1965 3429 vobis
1994 3376 2255 3446 appetitis.

316 3470 569 3541 Oportere
596 3473 756 3540 igitur
785 3473 1115 3541 arbitramur,
1158 3472 1392 3526 omnium
1428 3473 1684 3526 bonorum
1725 3472 2141 3543 dispensatorem
2169 3490 2257 3526 ex-

434 3606 467 3632 a.
501 3598 650 3634 nostras
678 3597 828 3635 addidi.
983 3597 1020 3635 b.
1058 3609 1079 3634 a
1105 3597 1212 3635 vobis
1241 3598 1362 3635 stricti
1390 3599 1473 3635 cod.

434 3674 473 3717 1.
505 3673 721 3719 Bernardi
751 3674 943 3721 abbatis.

2317 408 2430 452 1079

2299 468 2393 504 Nov.
2417 470 2439 504 2
