2782 4198
413 1002 524 1045 1077

381 1061 489 1099 Mart.
508 1062 556 1100 25

588 276 694 330 268
1114 288 1390 327 GREGORII
1427 289 1506 325 vn
1544 287 1806 326 REGIS'rm
1843 289 1901 326 1v
1928 288 1990 325 20.

586 400 666 463 IV
693 405 793 464 20.
827 407 1065 477 Iosfredo
1106 409 1345 477 episcopo
1372 406 1673 459 Parisiensi
1708 406 1888 460 scribit
1924 408 1986 460 de
2024 407 2315 460 hominibus
2342 427 2376 460 a
2400 408 2524 462 Ma·

824 522 975 556 nasse
1014 503 1052 556 I
1092 503 1481 573 archiepiscopo
1533 502 1779 554 Remensi
1823 504 2011 555 iniuste
2058 506 2523 557 excommunicatis.

825 600 1111 652 Henricum
1152 598 1209 652 S.
1252 599 1484 668 Remiqii
1527 601 1819 651 invasorem
1855 609 2084 664 moneat,
2135 610 2194 652 ut
2230 601 2302 652 ad
2337 600 2523 670 Huqo—

825 714 940 748 nem
979 698 1276 765 episcopum
1301 695 1566 760 Diensem,
1610 704 1702 747 aut
1739 695 1810 746 ad
1840 694 2031 764 leqatos
2057 696 2114 746 in
2145 692 2378 749 Galliam
2402 714 2523 749 ven-

826 802 996 857 turos,
1049 801 1140 843 aut
1183 791 1254 843 ad
1289 809 1342 843 se
1380 791 1603 843 accedat.
1682 788 2070 842 Cameracenses
2109 794 2522 859 excommunicet,

826 889 967 957 quod
1005 888 1261 957 quendam
1298 889 1356 939 in
1392 889 1564 957 ionem
1602 888 1923 938 coniecerim.

735 987 1014 1057 Gregorius
1054 989 1328 1058 episcopus
1369 1005 1548 1042 servus
1587 1005 1858 1042 servorum
1895 987 1995 1041 Dei
2032 987 2262 1042 Iosfredo
2299 987 2525 1044 Parisia-

586 1085 726 1140 censi
765 1085 1008 1155 episcopo
1047 1084 1270 1138 salutem
1308 1088 1360 1138 et
1398 1084 1737 1154 apostolicam
1774 1083 2202 1137 benedictionem.

735 1180 826 1234 Vir
863 1180 979 1247 iste,
1020 1180 1259 1234 videlicet
1297 1181 1652 1250 praesentium
1689 1180 1929 1250 portitor,
1965 1178 2228 1234 Walterus
2255 1180 2319 1234 de
2344 1179 2524 1235 Duaco

585 1277 650 1330 ad
696 1293 790 1329 nos
830 1276 1043 1329 veniens
1091 1275 1269 1328 multis
1308 1276 1776 1346 supplicationibus
1814 1276 1963 1330 nobis
2001 1276 2216 1330 institit:
2271 1280 2525 1345 quatenus

584 1372 632 1426 ei
677 1389 772 1442 per
818 1371 1131 1442 apostolicae
1169 1372 1381 1441 pietatis
1420 1372 1834 1425 misericordiam
1872 1372 2144 1426 consilium
2184 1372 2524 1427 absolutionis

581 1471 760 1520 nostro
809 1467 1105 1521 interventu
1150 1467 1568 1537 impenderemus
1617 1468 1755 1537 apud
1799 1468 2112 1522 confratrem
2148 1472 2388 1522 nostrum
2424 1468 2525 1523 Re-

581 1580 814 1616 mensem
854 1563 1299 1633 archiepiscopum
1316 1559 1344 1631 ¹,
1386 1564 1475 1632 qui
1514 1580 1633 1616 eum
1673 1565 2239 1631 excommunicaverat3
2287 1547 2523 1619 indicans

581 1659 755 1726 nobiS‚
806 1658 944 1727 quod
991 1659 1053 1711 de
1103 1675 1166 1712 ea
1212 1675 1392 1727 causa,
1449 1663 1663 1729 propter
1712 1677 1866 1728 quam
1914 1661 2390 1714 excommunicatus
2438 1661 2522 1730 sit,

581 1754 883 1807 multotiens
932 1754 997 1807 ad
1046 1754 1475 1824 disceptationem
1529 1759 1580 1808 et
1624 1755 1918 1808 faciendam
1962 1757 2215 1810 iustitiam
2267 1760 2387 1810 ante
2434 1773 2525 1810 ex-

582 1850 1104 1904 communicationem
1153 1855 1205 1905 et
1252 1854 1372 1921 post
1418 1851 2004 1906 excommunicationem
2052 1868 2107 1906 se
2152 1855 2394 1922 paratum
2435 1851 2525 1906 ob-
2603 1887 2605 1889 >

582 1946 774 2000 tulerit.
834 1945 1047 2016 Verum,
1089 1946 1212 2016 quia
1249 1946 1493 2000 relationi
1521 1963 1644 2001 suae
1670 1947 1781 2001 sine
1805 1947 2043 2016 legitima
2068 1942 2389 2002 discussione
2415 1964 2525 2002 cre-

583 2043 705 2097 dere
731 2059 836 2096 non
863 2043 990 2096 satis
1018 2046 1226 2097 cautum
1255 2047 1344 2096 aut
1362 2043 1672 2098 rationabile
1694 2062 1805 2098 esse
1825 2044 2141 2114 putavimuS‚
2164 2043 2524 2099 diffinitivam⁰

581 2140 894 2193 sententiam
931 2155 1027 2209 pro
1068 2139 1178 2192 eius
1219 2138 1542 2194 absolutione
1582 2140 1705 2194 dare
1730 2140 2018 2206 noluimus3
2060 2158 2175 2194 eam
2201 2140 2523 2194 solummodo

580 2235 994 2289 misericordiam
1051 2251 1116 2288 ex
1172 2235 1343 2302 gratia
1400 2239 1452 2289 et
1507 2235 1833 2303 indulgentia
1881 2236 2237 2306 apostolorum
2281 2236 2425 2290 Petri
2473 2240 2525 2290 et

580 2332 748 2400 Pauli,
789 2331 855 2384 ad
894 2347 1114 2400 quorum
1151 2331 1337 2384 limina
1361 2331 1617 2399 veniebat,
1660 2331 1761 2384 sibi
1787 2332 2150 2385 concedentes:
2189 2335 2249 2385 ut
2272 2331 2327 2384 in
2355 2332 2522 2385 eundo

583 2432 635 2482 et
671 2427 934 2481 redeundo
975 2443 1152 2480 sacrae
1179 2443 1344 2480 comm
1355 2427 1557 2480 unionis
1582 2426 1849 2480 licentiam
1874 2427 2090 2481 haberet
2112 2444 2276 2497 usque
2300 2427 2357 2481 in
2383 2431 2524 2481 octa-

581 2540 704 2577 vum
744 2524 910 2591 diem,
946 2526 1224 2592 postquam
1260 2522 1455 2576 rediret
1493 2523 1559 2575 ad
1595 2522 1839 2593 patriam.
1918 2522 2186 2591 Ceterum,
2225 2540 2292 2577 ne
2330 2523 2524 2578 diutius

583 2619 758 2688 aliqua
804 2619 1020 2686 indigna
1059 2618 1327 2672 occasione
1367 2618 1461 2672 sub
1502 2619 2051 2672 excommunicationis
2089 2619 2309 2673 nexibus
2348 2624 2524 2674 tenea-

581 2719 692 2783 tur,
746 2714 1031 2786 apostolica
1078 2718 1131 2767 te
1179 2714 1486 2768 auctoritate
1531 2731 1830 2768 monemus:
1882 2718 1967 2784 ut,
2014 2714 2175 2769 fultus
2213 2715 2295 2769 his
2332 2715 2523 2769 litteris

580 2811 791 2880 nostriS‚
821 2810 1269 2880 archiepiscopum
1296 2810 1571 2864 convenire
1597 2811 1830 2878 studeas3
1861 2814 1912 2864 et
1930 2812 2220 2881 perquisita
2239 2827 2299 2864 ac
2318 2811 2524 2878 cognita

580 2925 727 2961 mera
763 2907 917 2960 huius
955 2906 1158 2973 negocii
1196 2906 1441 2974 veritate,
1489 2907 1534 2959 si
1570 2906 1670 2960 iste
1710 2911 1799 2960 aut
1834 2924 1930 2977 pro
1971 2924 2066 2960 sua
2101 2906 2396 2960 innocentia
2434 2909 2523 2959 aut

581 3020 838 3072 congruae
866 3002 1236 3056 satisfactionis
1264 3001 1582 3056 exhibitione
1608 3002 1705 3056 tibi
1732 3003 2074 3056 absolvendus
2098 3001 2373 3069 videbitur,
2401 3018 2521 3055 con-

580 3100 727 3154 tinuo
769 3099 1246 3169 archiepiscopum,
1295 3101 1354 3150 ut
1392 3115 1510 3151 eum
1550 3098 1661 3152 sine
1700 3098 2106 3152 contradictione
2147 3097 2407 3165 absolvat,
2457 3114 2521 3151 ex

580 3199 761 3249 nostra
798 3199 948 3265 parte
974 3211 1330 3260 commoneas3
1374 3194 1463 3262 qui
1489 3194 1533 3247 si
1561 3195 1734 3264 aliqua
1759 3195 1856 3248 hoc
1882 3194 2212 3248 excusatione
2237 3193 2520 3262 rennuerit,

581 3296 638 3344 tu
675 3292 789 3362 ipse
829 3308 946 3345 eum
985 3294 1166 3344 nostra
1203 3290 1316 3343 vice
1356 3290 1623 3344 absolvere
1648 3290 1943 3344 nullatenus
1972 3289 2376 3359 praetermittas
2429 3288 2521 3341 Sin

580 3403 703 3440 vero
749 3387 910 3440 istum
958 3387 1013 3440 in
1053 3386 1209 3457 culpa
1247 3403 1359 3440 esse
1399 3390 1475 3455 et,
1518 3387 1655 3455 quod
1691 3387 1887 3439 iustum
1924 3385 2108 3452 fuerit,
2159 3385 2344 3453 exequi
2381 3384 2521 3438 nolle

581 3483 897 3551 constiterit,
950 3500 1114 3552 usque
1163 3482 1229 3535 ad
1268 3482 1479 3550 dignam
1520 3482 1929 3535 satisfactionem
1966 3479 2061 3533 sub
2102 3481 2518 3534 excommunica-

580 3577 739 3631 tionis
777 3578 982 3631 vinculo
1022 3578 1276 3632 coarctari
1315 3578 1502 3631 debere
1541 3577 1880 3631 decernimus,

701 3678 741 3721 1.
773 3677 1028 3722 Manassem
1057 3678 1093 3721 Ι.
1265 3698 1298 3724 a.
1326 3687 1526 3724 diffinitam
1553 3688 1638 3724 cod.
1667 3688 1727 3732 cf.
1755 3689 1799 3723 L.
1823 3686 1861 3723 V
1881 3699 1936 3732 ep.
1957 3685 2006 3722 14
2033 3688 2147 3731 infra.
