2730 4198
366 394 481 437 1033

384 454 461 492 Ian.

358 964 473 1007 1045

351 1023 439 1062 Mai.
459 1026 479 1062 1

315 1826 430 1870 1044

264 1898 295 1923 c.
309 1886 417 1925 Febr.
434 1889 482 1925 22

321 2122 410 2170 Apr.
430 2123 479 2159 10

513 257 620 310 626
1010 268 1357 307 BONITHONIS
1397 269 1472 304 AD
1514 268 1740 305 AMICUM
1777 268 1885 304 Lm.
1914 269 1949 303 v

511 403 632 441 nem
678 386 959 455 reveritus,
1007 385 1096 454 qui
1140 387 1258 438 cata
1295 382 1570 437 antifrasin
1607 381 1890 435 vocabatur
1925 381 2237 436 Benedictus
2248 391 2282 451 ⁶,
2330 387 2449 454 post

511 481 676 536 multa
730 482 907 552 turpia
962 479 1218 534 adulteria
1263 482 1316 532 et
1361 477 1642 531 homicidia
1687 476 1928 530 manibus
1978 476 2086 530 suis
2130 483 2447 548 perpetrata,

511 581 776 648 postremo
804 606 872 613 -—
901 591 1019 629 cum
1056 574 1214 628 vellet
1260 572 1624 627 consobrinam
1673 572 1907 642 accipere
1945 573 2241 641 coniugem,
2287 572 2450 627 filiam

513 672 711 726 scilicet
745 669 952 725 Girardi
990 670 1054 724 de
1081 669 1236 738 SaXO,
1277 672 1329 722 et
1364 667 1453 722 ille
1491 667 1708 722 diceret:
1748 667 1891 720 nullo
1925 667 2077 721 modo
2105 685 2161 721 se
2189 668 2448 736 daturum,

511 767 615 821 nisi
658 767 988 821 renunciaret
1032 763 1355 836 pontificatui
1381 793 1450 800 -
1489 762 1554 816 ad
1601 762 1860 831 quendam
1908 762 2228 817 sacerdotem
2265 763 2450 816 Iohan-

510 878 630 916 nem
647 858 675 930 ¹,
716 862 803 931 qui
841 865 966 915 tunc
1002 861 1180 929 magni
1216 860 1391 913 meriti
1427 858 1727 928 putabatur,
1767 874 1822 911 se
1849 857 2067 911 contulit
2092 858 2303 927 eiusque
2330 875 2451 912 con-

513 956 628 1010 silio
668 962 833 1011 semet
868 958 1041 1027 ipsum
1082 956 1387 1026 dampnavit
1422 952 1847 1024 pontificatuique
1871 950 2244 1007 renunciavit2.
2305 952 2452 1016 Quod

512 1052 786 1106 consilium
826 1052 974 1106 valde
1011 1056 1148 1107 esset
1182 1050 1460 1118 laudabile,
1499 1049 1602 1102 nisi
1638 1048 2002 1119 turpissimum
2040 1053 2160 1118 post
2198 1051 2334 1102 esset
2372 1065 2451 1102 se-

512 1151 690 1201 cutum
726 1151 1014 1217 peccatum.

656 1242 794 1296 Nam
830 1242 971 1295 idem
1009 1241 1274 1308 sacerdOS,
1327 1241 1390 1295 de
1429 1257 1529 1310 quo
1569 1256 1728 1309 supra
1764 1238 2063 1307 retulimuS,
2106 1242 2318 1309 accepta
2355 1238 2452 1293 hac

512 1338 806 1405 occasione,
854 1337 1078 1390 nefando
1129 1336 1354 1403 ambitu,
1404 1331 1672 1389 seductus3
1713 1374 2020 1388 .........
2071 1351 2165 1404 per
2209 1334 2452 1404 turpissi-

510 1449 652 1485 mam
688 1430 1039 1499 venalitatem,
1081 1447 1390 1499 omnemque
1414 1419 1705 1484 Romanum
1729 1430 1981 1500 populum
2006 1429 2240 1499 pecuniis
2269 1430 2452 1497 ingen-

509 1527 648 1581 tibus
697 1527 832 1580 datis
881 1527 981 1580 sibi
1026 1527 1201 1579 iurare
1247 1526 1440 1593 coegit,
1491 1527 1667 1594 sicque
1717 1526 1782 1578 ad
1830 1524 2182 1595 pontificalem
2221 1524 2454 1578 ascendit

511 1623 833 1690 dignitatem.
892 1621 1056 1685 Quem
1093 1637 1244 1675 verso
1282 1621 1493 1674 nomine
1533 1617 1872 1688 Gregorium4
1909 1625 2240 1674 vocaverunt.

656 1717 753 1771 His
792 1718 868 1770 ita
894 1717 1053 1785 gestis
1066 1714 1101 1785 ⁵,
1143 1715 1405 1770 Gerardus
1432 1716 1495 1769 de
1525 1715 1662 1770 Saxo
1691 1732 1806 1769 cum
1837 1716 1952 1769 aliis
1979 1716 2264 1785 capitaneis
2292 1732 2453 1785 quen-

511 1814 633 1867 dam
661 1812 974 1867 Sabinorum
1013 1809 1345 1883 episcopum⁶
1383 1812 1483 1866 sibi
1522 1812 1720 1878 eligunt
1756 1810 2071 1881 pontificem,
2112 1827 2266 1880 quem
2303 1827 2453 1864 verso

510 1910 720 1963 nomine
758 1913 1076 1962 vocaverunt
1115 1904 1468 1963 Silvestrum⁷.

657 2004 805 2068 Quod
845 2005 1113 2058 audientes
1140 2003 1420 2072 Gregorius
1456 2003 1707 2073 patricius
1736 2006 1788 2056 et
1811 2001 1997 2055 Petrus
2024 2001 2260 2070 germani
2287 2001 2452 2055 Theo-

509 2100 799 2171 phylatum,
850 2117 942 2171 spe
981 2101 1213 2168 coniugis
1254 2100 1546 2170 deceptum,
1595 2099 1661 2153 ad
1699 2096 2020 2169 pontificalia
2054 2097 2245 2152 iterum
2283 2097 2454 2151 suble-
2549 2097 2551 2099 ’

509 2193 663 2251 vant⁸
701 2196 927 2264 fastigia.

661 2291 752 2346 Set
790 2293 905 2362 quis
943 2307 1040 2361 pro
1079 2291 1240 2344 tantis
1281 2289 1664 2343 calamitatibus
1702 2289 1852 2357 nobis
1889 2288 2032 2341 locus
2069 2288 2304 2356 remedii,
2351 2287 2454 2340 nisi

510 2405 613 2442 vox
649 2388 742 2441 illa
779 2386 1107 2455 euangelica,
1149 2403 1280 2455 quae
1319 2385 1578 2439 confortat
1616 2383 1907 2454 apostolum
1948 2383 2149 2437 dicens:
2199 2385 2316 2454 Eyo
2345 2402 2451 2453 pro

512 2495 558 2537 te
603 2487 814 2554 royavi,
864 2485 1044 2548 Petro,
1094 2493 1153 2535 ut
1194 2500 1300 2535 non
1340 2482 1543 2549 deficiat
1566 2482 1701 2549 fides
1740 2476 1876 2534 tuost.
1939 2478 2030 2532 Set
2068 2482 2205 2532 certe
2244 2483 2296 2532 et
2331 2495 2453 2531 vere

511 2595 617 2632 non
655 2579 842 2632 defecit
878 2577 1005 2631 fides
1044 2576 1204 2646 Petri,
1245 2593 1341 2630 nec
1379 2575 1583 2629 deficiet
1619 2575 1747 2629 fides
1777 2575 2042 2628 Romanae
2082 2573 2361 2627 aecclesiae
2398 2573 2453 2625 in

513 2678 796 2727 aeternum.
865 2673 1001 2726 Nam
1052 2673 1108 2726 in
1156 2675 1306 2725 tanta
1353 2676 1405 2725 et
1449 2675 1560 2725 tam
1604 2671 1779 2725 valida
1825 2673 2137 2740 tempestate
2185 2669 2455 2723 suscitavit

511 2769 653 2822 Deus
693 2769 936 2839 spiritum
975 2768 1246 2822 cuiusdam
1284 2767 1453 2836 Petri,
1490 2767 1713 2821 Romani
1752 2766 2118 2820 archidiaconi.
2178 2765 2293 2834 Qui,
2332 2781 2453 2818 con-

510 2881 700 2918 vocans
741 2864 1011 2934 episcopos
1051 2863 1341 2917 cardinales
1382 2863 1596 2916 clericos
1637 2878 1697 2916 ac
1733 2862 2031 2930 monachOS,
2070 2862 2210 2915 viros
2251 2876 2311 2914 ac
2338 2877 2452 2912 mu-

510 2959 681 3029 lieres,
723 2977 850 3029 quos
889 2960 1047 3013 timor
1072 2959 1174 3013 Dei
1213 2959 1538 3029 aliquantum
1575 2959 1836 3027 tetigerat,
1877 2957 2138 3013 subtraxit
2175 2973 2230 3010 se
2270 2955 2301 3009 a
2332 2971 2452 3025 pre-

631 3132 665 3158 a.
698 3123 864 3171 sequitur
890 3121 936 3158 cl'i
962 3123 1000 3158 in
1027 3121 1113 3158 cod.

630 3200 671 3243 1.
712 3198 1150 3256 archipresbyterum
1189 3197 1235 3243 S.
1265 3198 1477 3243 Iohannis
1517 3201 1622 3243 ante
1656 3200 1833 3255 portam
1861 3196 2084 3241 Latinam.
2235 3194 2276 3238 2.
2319 3191 2393 3238 die
2426 3194 2450 3238 1

511 3271 602 3315 Mai
632 3271 761 3316 1045.
808 3273 864 3317 V.
890 3272 1090 3327 Regesta
1118 3275 1243 3328 pont.
1273 3272 1403 3316 Rom.
1434 3285 1478 3327 p.
1502 3272 1603 3315 361.
1753 3272 1794 3315 3.
1827 3270 2048 3315 excidisse
2077 3266 2288 3313 videntur
2316 3265 2450 3310 haec:

516 3357 578 3402 „a
607 3343 806 3401 diabolo,
847 3346 1127 3401 comparavit
1167 3358 1195 3389 a
1225 3344 1566 3402 Theophylacto
1601 3342 1912 3400 pontificatum
1926 3342 1963 3386 “.
2016 3341 2070 3385 In
2098 3341 2293 3384 Decreto
2331 3339 2452 3383 enim

513 3418 581 3471 (L.
598 3417 664 3462 IV
685 3430 723 3461 c.
740 3418 825 3462 109
857 3431 928 3474 ap.
950 3418 1041 3462 Mai
1059 3418 1174 3463 Nov.
1195 3421 1310 3474 patr.
1331 3417 1439 3463 bibl.
1460 3418 1515 3462 T.
1530 3418 1620 3463 VII
1637 3429 1694 3461 ΠΙ
1711 3417 1787 3471 46)
1811 3413 2034 3472 significat
2053 3412 2260 3469 Bonitho,
2293 3425 2342 3457 se
2365 3412 2453 3456 hoc

512 3488 612 3533 libri
642 3489 700 3533 ad
721 3491 914 3535 amicum
934 3491 1034 3536 loco
1054 3504 1262 3535 narrasse
1286 3491 1369 3548 „de
1390 3490 1730 3548 Theophylacto
1752 3488 2022 3544 Tusculano,
2054 3486 2246 3542 qualiter
2265 3484 2453 3530 Iohanni

513 3562 736 3606 sacerdoti
772 3563 1029 3608 vendiderit
1063 3568 1280 3620 papatum
1294 3563 1331 3608 “.
1469 3564 1513 3609 4.
1552 3563 1631 3610 VI.
1778 3561 1820 3606 5.
1861 3561 1997 3605 immo
2034 3560 2125 3604 iam
2164 3571 2203 3603 c.
2229 3559 2287 3603 22
2317 3557 2450 3603 Febr.

513 3646 553 3678 a.
577 3635 705 3678 1044.
825 3637 867 3680 6.
898 3635 1158 3681 Iohannem.
1278 3638 1319 3681 7.
1351 3636 1431 3681 III.
1552 3637 1594 3681 8.
1628 3634 1743 3680 1044
1762 3633 1874 3691 Apr.
1897 3633 1968 3677 10.
2087 3632 2129 3676 9.
2152 3631 2263 3676 Luc.
2285 3632 2356 3688 22,
2377 3631 2450 3675 32.
