<?xml version="1.0" encoding="UTF-8"?>
<!DOCTYPE html PUBLIC "-//W3C//DTD XHTML 1.0 Transitional//EN"
    "http://www.w3.org/TR/xhtml1/DTD/xhtml1-transitional.dtd">
<html xmlns="http://www.w3.org/1999/xhtml" xml:lang="en" lang="en">
 <head>
  <title>
</title>
<meta http-equiv="Content-Type" content="text/html;charset=utf-8" />
  <meta name='ocr-system' content='tesseract 3.04.00' />
  <meta name='ocr-capabilities' content='ocr_page ocr_carea ocr_par ocr_line ocrx_word'/>
</head>
<body>
  <div class='ocr_page' id='page_1' title='image "bibliothecarerum02wattuoft_0559.png"; bbox 0 0 2730 4198; ppageno 0'>
   <div class='ocr_carea' id='block_1_1' title="bbox 620 318 2242 373">
    <p class='ocr_par' dir='ltr' id='par_1_1' title="bbox 620 318 2242 373">
     <span class='ocr_line' id='line_1_1' title="bbox 620 318 2242 373; baseline -0.001 -2"><span class='ocrx_word' id='word_1_1' title='bbox 620 333 895 372; x_wconf 78' lang='lat' dir='ltr'>GREGORII</span> <span class='ocrx_word' id='word_1_2' title='bbox 931 335 1010 371; x_wconf 83' lang='lat' dir='ltr'>vn</span> <span class='ocrx_word' id='word_1_3' title='bbox 1046 335 1355 372; x_wconf 76' lang='lat' dir='ltr'>EPIsToLAE</span> <span class='ocrx_word' id='word_1_4' title='bbox 1394 334 1738 373; x_wconf 80' lang='lat' dir='ltr'>COLLECTAE.</span> <span class='ocrx_word' id='word_1_5' title='bbox 1773 333 1830 369; x_wconf 88' lang='lat'>17.</span> <span class='ocrx_word' id='word_1_6' title='bbox 1859 333 1921 369; x_wconf 89' lang='lat'>18.</span> <span class='ocrx_word' id='word_1_7' title='bbox 2135 318 2242 370; x_wconf 83' lang='lat'>543</span> 
     </span>
    </p>
   </div>
   <div class='ocr_carea' id='block_1_2' title="bbox 291 447 2244 2324">
    <p class='ocr_par' dir='ltr' id='par_1_2' title="bbox 297 447 2244 601">
     <span class='ocr_line' id='line_1_2' title="bbox 297 447 2244 521; baseline -0.003 -15"><span class='ocrx_word' id='word_1_8' title='bbox 297 467 458 520; x_wconf 85' lang='lat' dir='ltr'>regno</span> <span class='ocrx_word' id='word_1_9' title='bbox 498 451 899 505; x_wconf 86' lang='lat' dir='ltr'>Teutonicorum</span> <span class='ocrx_word' id='word_1_10' title='bbox 947 451 1244 505; x_wconf 89' lang='lat' dir='ltr'>constitutis</span> <span class='ocrx_word' id='word_1_11' title='bbox 1293 451 1515 505; x_wconf 89' lang='lat' dir='ltr'>salutem</span> <span class='ocrx_word' id='word_1_12' title='bbox 1564 455 1615 505; x_wconf 90' lang='lat' dir='ltr'>et</span> <span class='ocrx_word' id='word_1_13' title='bbox 1655 449 1994 521; x_wconf 91' lang='lat' dir='ltr'>apostolicam</span> <span class='ocrx_word' id='word_1_14' title='bbox 2032 447 2244 502; x_wconf 92' lang='lat' dir='ltr'>benedi-</span> 
     </span>
     <span class='ocr_line' id='line_1_3' title="bbox 299 547 539 601; baseline -0.004 0"><span class='ocrx_word' id='word_1_15' title='bbox 299 547 539 601; x_wconf 88' lang='lat' dir='ltr'>ctionem.</span> 
     </span>
    </p>

    <p class='ocr_par' dir='ltr' id='par_1_3' title="bbox 291 639 2244 2324">
     <span class='ocr_line' id='line_1_4' title="bbox 444 639 2244 711; baseline -0.002 -16"><span class='ocrx_word' id='word_1_16' title='bbox 444 642 568 710; x_wconf 85' lang='lat' dir='ltr'>Nos,</span> <span class='ocrx_word' id='word_1_17' title='bbox 611 646 662 696; x_wconf 90' lang='lat' dir='ltr'>et</span> <span class='ocrx_word' id='word_1_18' title='bbox 697 642 901 709; x_wconf 85' lang='lat' dir='ltr'>indigni</span> <span class='ocrx_word' id='word_1_19' title='bbox 940 647 991 695; x_wconf 93' lang='lat' dir='ltr'>et</span> <span class='ocrx_word' id='word_1_20' title='bbox 1028 642 1238 695; x_wconf 91' lang='lat' dir='ltr'>inutiles</span> <span class='ocrx_word' id='word_1_21' title='bbox 1277 642 1530 711; x_wconf 91' lang='lat' dir='ltr'>principis</span> <span class='ocrx_word' id='word_1_22' title='bbox 1564 640 1918 711; x_wconf 88' lang='lat' dir='ltr'>apostolorum</span> <span class='ocrx_word' id='word_1_23' title='bbox 1946 639 2099 706; x_wconf 87' lang='lat' dir='ltr'>servi,</span> <span class='ocrx_word' id='word_1_24' title='bbox 2139 644 2244 692; x_wconf 89' lang='lat' dir='ltr'>sta-</span> 
     </span>
     <span class='ocr_line' id='line_1_5' title="bbox 297 737 2244 805; baseline -0.003 -13"><span class='ocrx_word' id='word_1_25' title='bbox 297 739 494 793; x_wconf 90' lang='lat' dir='ltr'>tuimus</span> <span class='ocrx_word' id='word_1_26' title='bbox 533 739 599 791; x_wconf 92' lang='lat' dir='ltr'>ad</span> <span class='ocrx_word' id='word_1_27' title='bbox 624 755 716 791; x_wconf 90' lang='lat' dir='ltr'>vos</span> <span class='ocrx_word' id='word_1_28' title='bbox 745 738 922 790; x_wconf 88' lang='lat' dir='ltr'>divina</span> <span class='ocrx_word' id='word_1_29' title='bbox 949 738 1233 790; x_wconf 83' lang='lat' dir='ltr'>auxiliante</span> <span class='ocrx_word' id='word_1_30' title='bbox 1261 737 1534 790; x_wconf 85' lang='lat' dir='ltr'>clementia</span> <span class='ocrx_word' id='word_1_31' title='bbox 1561 737 1738 789; x_wconf 89' lang='lat' dir='ltr'>venire</span> <span class='ocrx_word' id='word_1_32' title='bbox 1766 741 1831 804; x_wconf 91' lang='lat' dir='ltr'>et,</span> <span class='ocrx_word' id='word_1_33' title='bbox 1874 739 2244 805; x_wconf 82' lang='lat' dir='ltr'>postponentes</span> 
     </span>
     <span class='ocr_line' id='line_1_6' title="bbox 295 831 2244 905; baseline -0.003 -16"><span class='ocrx_word' id='word_1_34' title='bbox 295 844 490 905; x_wconf 77' lang='lat' dir='ltr'>paene’</span> <span class='ocrx_word' id='word_1_35' title='bbox 530 834 762 887; x_wconf 92' lang='lat' dir='ltr'>omnium</span> <span class='ocrx_word' id='word_1_36' title='bbox 800 833 1032 886; x_wconf 90' lang='lat' dir='ltr'>fidelium</span> <span class='ocrx_word' id='word_1_37' title='bbox 1070 838 1366 886; x_wconf 87' lang='lat' dir='ltr'>nostrorum</span> <span class='ocrx_word' id='word_1_38' title='bbox 1408 832 1706 900; x_wconf 91' lang='lat' dir='ltr'>consilium,</span> <span class='ocrx_word' id='word_1_39' title='bbox 1755 831 1830 883; x_wconf 90' lang='lat' dir='ltr'>ita</span> <span class='ocrx_word' id='word_1_40' title='bbox 1867 831 2244 900; x_wconf 87' lang='lat' dir='ltr'>profectionem</span> 
     </span>
     <span class='ocr_line' id='line_1_7' title="bbox 296 924 2241 997; baseline -0.002 -14"><span class='ocrx_word' id='word_1_41' title='bbox 296 934 531 984; x_wconf 89' lang='lat' dir='ltr'>nostram</span> <span class='ocrx_word' id='word_1_42' title='bbox 578 934 866 997; x_wconf 89' lang='lat' dir='ltr'>maturare,</span> <span class='ocrx_word' id='word_1_43' title='bbox 919 935 976 982; x_wconf 88' lang='lat' dir='ltr'>ut</span> <span class='ocrx_word' id='word_1_44' title='bbox 1022 932 1054 982; x_wconf 83' lang='lat'>6</span> <span class='ocrx_word' id='word_1_45' title='bbox 1094 928 1214 982; x_wconf 92' lang='lat' dir='ltr'>Idus</span> <span class='ocrx_word' id='word_1_46' title='bbox 1254 924 1512 981; x_wconf 88' lang='lat' dir='ltr'>Ianuarii¹</span> <span class='ocrx_word' id='word_1_47' title='bbox 1550 927 1770 980; x_wconf 92' lang='lat' dir='ltr'>velimus</span> <span class='ocrx_word' id='word_1_48' title='bbox 1809 926 2054 979; x_wconf 81' lang='lat' dir='ltr'>Mantuae</span> <span class='ocrx_word' id='word_1_49' title='bbox 2102 944 2241 994; x_wconf 83' lang='lat' dir='ltr'>esse3</span> 
     </span>
     <span class='ocr_line' id='line_1_8' title="bbox 298 1021 2244 1094; baseline -0.002 -15"><span class='ocrx_word' id='word_1_50' title='bbox 298 1025 389 1080; x_wconf 86' lang='lat' dir='ltr'>eab</span> <span class='ocrx_word' id='word_1_51' title='bbox 431 1026 639 1094; x_wconf 90' lang='lat' dir='ltr'>quidem</span> <span class='ocrx_word' id='word_1_52' title='bbox 678 1025 944 1079; x_wconf 84' lang='lat' dir='ltr'>voluntate</span> <span class='ocrx_word' id='word_1_53' title='bbox 983 1029 1035 1078; x_wconf 91' lang='lat' dir='ltr'>et</span> <span class='ocrx_word' id='word_1_54' title='bbox 1073 1024 1346 1091; x_wconf 83' lang='lat' dir='ltr'>desideriO,</span> <span class='ocrx_word' id='word_1_55' title='bbox 1387 1028 1445 1076; x_wconf 93' lang='lat' dir='ltr'>ut</span> <span class='ocrx_word' id='word_1_56' title='bbox 1480 1021 1670 1075; x_wconf 89' lang='lat' dir='ltr'>fiducia</span> <span class='ocrx_word' id='word_1_57' title='bbox 1708 1022 1958 1092; x_wconf 86' lang='lat' dir='ltr'>probatae</span> <span class='ocrx_word' id='word_1_58' title='bbox 1996 1022 2118 1075; x_wconf 88' lang='lat' dir='ltr'>fidei</span> <span class='ocrx_word' id='word_1_59' title='bbox 2157 1041 2244 1076; x_wconf 89' lang='lat' dir='ltr'>ve-</span> 
     </span>
     <span class='ocr_line' id='line_1_9' title="bbox 298 1118 2243 1190; baseline -0.002 -15"><span class='ocrx_word' id='word_1_60' title='bbox 298 1125 463 1175; x_wconf 81' lang='lat' dir='ltr'>strae⁰</span> <span class='ocrx_word' id='word_1_61' title='bbox 504 1121 766 1190; x_wconf 85' lang='lat' dir='ltr'>quaequed</span> <span class='ocrx_word' id='word_1_62' title='bbox 807 1138 992 1190; x_wconf 89' lang='lat' dir='ltr'>aspera</span> <span class='ocrx_word' id='word_1_63' title='bbox 1040 1124 1115 1188; x_wconf 89' lang='lat' dir='ltr'>et,</span> <span class='ocrx_word' id='word_1_64' title='bbox 1167 1120 1211 1172; x_wconf 93' lang='lat' dir='ltr'>si</span> <span class='ocrx_word' id='word_1_65' title='bbox 1255 1127 1490 1172; x_wconf 78' lang='lat' dir='ltr'>necesse⁰</span> <span class='ocrx_word' id='word_1_66' title='bbox 1528 1118 1711 1186; x_wconf 86' lang='lat' dir='ltr'>fuerit,</span> <span class='ocrx_word' id='word_1_67' title='bbox 1763 1119 1934 1188; x_wconf 85' lang='lat' dir='ltr'>ipsam</span> <span class='ocrx_word' id='word_1_68' title='bbox 1975 1119 2243 1186; x_wconf 85' lang='lat' dir='ltr'>sanguinis</span> 
     </span>
     <span class='ocr_line' id='line_1_10' title="bbox 298 1214 2244 1287; baseline -0.002 -16"><span class='ocrx_word' id='word_1_69' title='bbox 298 1217 599 1272; x_wconf 86' lang='lat' dir='ltr'>effusionem</span> <span class='ocrx_word' id='word_1_70' title='bbox 639 1233 734 1287; x_wconf 91' lang='lat' dir='ltr'>pro</span> <span class='ocrx_word' id='word_1_71' title='bbox 773 1215 1013 1269; x_wconf 86' lang='lat' dir='ltr'>libertate</span> <span class='ocrx_word' id='word_1_72' title='bbox 1052 1220 1262 1268; x_wconf 89' lang='lat' dir='ltr'>sanctae</span> <span class='ocrx_word' id='word_1_73' title='bbox 1302 1214 1549 1268; x_wconf 88' lang='lat' dir='ltr'>ecclesiae</span> <span class='ocrx_word' id='word_1_74' title='bbox 1590 1218 1641 1268; x_wconf 92' lang='lat' dir='ltr'>et</span> <span class='ocrx_word' id='word_1_75' title='bbox 1680 1214 1845 1267; x_wconf 87' lang='lat' dir='ltr'>salute</span> <span class='ocrx_word' id='word_1_76' title='bbox 1877 1215 2085 1284; x_wconf 90' lang='lat' dir='ltr'>imperii</span> <span class='ocrx_word' id='word_1_77' title='bbox 2113 1233 2244 1285; x_wconf 90' lang='lat' dir='ltr'>pura</span> 
     </span>
     <span class='ocr_line' id='line_1_11' title="bbox 297 1302 2244 1379; baseline -0.002 -12"><span class='ocrx_word' id='word_1_78' title='bbox 297 1318 350 1367; x_wconf 91' lang='lat' dir='ltr'>et</span> <span class='ocrx_word' id='word_1_79' title='bbox 384 1314 586 1367; x_wconf 88' lang='lat' dir='ltr'>sincera</span> <span class='ocrx_word' id='word_1_80' title='bbox 609 1312 896 1365; x_wconf 91' lang='lat' dir='ltr'>intentione</span> <span class='ocrx_word' id='word_1_81' title='bbox 924 1311 1097 1364; x_wconf 92' lang='lat' dir='ltr'>subire</span> <span class='ocrx_word' id='word_1_82' title='bbox 1125 1327 1227 1363; x_wconf 96' lang='lat' dir='ltr'>non</span> <span class='ocrx_word' id='word_1_83' title='bbox 1256 1302 1567 1364; x_wconf 76' lang='lat' dir='ltr'>dubitemus</span> <span class='ocrx_word' id='word_1_84' title='bbox 1683 1310 1859 1364; x_wconf 85' lang='lat' dir='ltr'>Vestri</span> <span class='ocrx_word' id='word_1_85' title='bbox 1895 1311 2057 1379; x_wconf 84' lang='lat' dir='ltr'>igitur</span> <span class='ocrx_word' id='word_1_86' title='bbox 2084 1312 2244 1364; x_wconf 90' lang='lat' dir='ltr'>studii</span> 
     </span>
     <span class='ocr_line' id='line_1_12' title="bbox 297 1406 2242 1478; baseline -0.001 -16"><span class='ocrx_word' id='word_1_87' title='bbox 297 1409 380 1477; x_wconf 88' lang='lat' dir='ltr'>sit,</span> <span class='ocrx_word' id='word_1_88' title='bbox 422 1408 484 1462; x_wconf 91' lang='lat' dir='ltr'>de</span> <span class='ocrx_word' id='word_1_89' title='bbox 524 1406 877 1477; x_wconf 78' lang='lat' dir='ltr'>susceptioner</span> <span class='ocrx_word' id='word_1_90' title='bbox 903 1411 955 1460; x_wconf 93' lang='lat' dir='ltr'>et</span> <span class='ocrx_word' id='word_1_91' title='bbox 994 1406 1205 1459; x_wconf 92' lang='lat' dir='ltr'>servitio</span> <span class='ocrx_word' id='word_1_92' title='bbox 1239 1411 1416 1460; x_wconf 89' lang='lat' dir='ltr'>nostro</span> <span class='ocrx_word' id='word_1_93' title='bbox 1448 1423 1789 1477; x_wconf 90' lang='lat' dir='ltr'>praemonere</span> <span class='ocrx_word' id='word_1_94' title='bbox 1817 1424 1920 1474; x_wconf 83' lang='lat' dir='ltr'>eOS,</span> <span class='ocrx_word' id='word_1_95' title='bbox 1963 1424 2091 1476; x_wconf 91' lang='lat' dir='ltr'>quos</span> <span class='ocrx_word' id='word_1_96' title='bbox 2117 1425 2242 1478; x_wconf 92' lang='lat' dir='ltr'>pru-</span> 
     </span>
     <span class='ocr_line' id='line_1_13' title="bbox 295 1502 2243 1573; baseline -0.001 -16"><span class='ocrx_word' id='word_1_97' title='bbox 295 1504 473 1557; x_wconf 90' lang='lat' dir='ltr'>dentia</span> <span class='ocrx_word' id='word_1_98' title='bbox 518 1508 694 1556; x_wconf 86' lang='lat' dir='ltr'>vestra</span> <span class='ocrx_word' id='word_1_99' title='bbox 740 1503 795 1555; x_wconf 93' lang='lat' dir='ltr'>id</span> <span class='ocrx_word' id='word_1_100' title='bbox 840 1519 995 1573; x_wconf 91' lang='lat' dir='ltr'>posse</span> <span class='ocrx_word' id='word_1_101' title='bbox 1043 1506 1095 1555; x_wconf 93' lang='lat' dir='ltr'>et</span> <span class='ocrx_word' id='word_1_102' title='bbox 1143 1503 1292 1556; x_wconf 91' lang='lat' dir='ltr'>nobis</span> <span class='ocrx_word' id='word_1_103' title='bbox 1343 1503 1530 1556; x_wconf 86' lang='lat' dir='ltr'>debere</span> <span class='ocrx_word' id='word_1_104' title='bbox 1575 1504 1890 1570; x_wconf 86' lang='lat' dir='ltr'>cognoverit.</span> <span class='ocrx_word' id='word_1_105' title='bbox 1965 1502 2045 1556; x_wconf 87' lang='lat' dir='ltr'>Sit</span> <span class='ocrx_word' id='word_1_106' title='bbox 2084 1505 2243 1556; x_wconf 85' lang='lat' dir='ltr'>etiam</span> 
     </span>
     <span class='ocr_line' id='line_1_14' title="bbox 294 1598 2242 1668; baseline 0 -16"><span class='ocrx_word' id='word_1_107' title='bbox 294 1599 454 1653; x_wconf 92' lang='lat' dir='ltr'>studii</span> <span class='ocrx_word' id='word_1_108' title='bbox 499 1599 684 1667; x_wconf 87' lang='lat' dir='ltr'>vestri,</span> <span class='ocrx_word' id='word_1_109' title='bbox 735 1615 830 1668; x_wconf 90' lang='lat' dir='ltr'>per</span> <span class='ocrx_word' id='word_1_110' title='bbox 876 1603 1053 1668; x_wconf 87' lang='lat' dir='ltr'>partes</span> <span class='ocrx_word' id='word_1_111' title='bbox 1092 1603 1293 1651; x_wconf 89' lang='lat' dir='ltr'>vestras</span> <span class='ocrx_word' id='word_1_112' title='bbox 1333 1615 1517 1668; x_wconf 91' lang='lat' dir='ltr'>pacem</span> <span class='ocrx_word' id='word_1_113' title='bbox 1555 1598 1790 1666; x_wconf 89' lang='lat' dir='ltr'>firmare,</span> <span class='ocrx_word' id='word_1_114' title='bbox 1839 1603 1899 1652; x_wconf 93' lang='lat' dir='ltr'>ut</span> <span class='ocrx_word' id='word_1_115' title='bbox 1936 1599 2242 1652; x_wconf 89' lang='lat' dir='ltr'>intentionis</span> 
     </span>
     <span class='ocr_line' id='line_1_15' title="bbox 291 1694 2242 1764; baseline 0.001 -16"><span class='ocrx_word' id='word_1_116' title='bbox 291 1699 503 1748; x_wconf 91' lang='lat' dir='ltr'>nostrae</span> <span class='ocrx_word' id='word_1_117' title='bbox 549 1695 879 1764; x_wconf 87' lang='lat' dir='ltr'>propositum</span> <span class='ocrx_word' id='word_1_118' title='bbox 926 1694 1057 1746; x_wconf 88' lang='lat' dir='ltr'>nihil</span> <span class='ocrx_word' id='word_1_119' title='bbox 1105 1695 1274 1764; x_wconf 90' lang='lat' dir='ltr'>possit</span> <span class='ocrx_word' id='word_1_120' title='bbox 1321 1695 1592 1764; x_wconf 89' lang='lat' dir='ltr'>impedire.</span> <span class='ocrx_word' id='word_1_121' title='bbox 1747 1694 1884 1758; x_wconf 82' lang='lat' dir='ltr'>Quot</span> <span class='ocrx_word' id='word_1_122' title='bbox 1932 1699 1983 1748; x_wconf 92' lang='lat' dir='ltr'>et</span> <span class='ocrx_word' id='word_1_123' title='bbox 2021 1700 2242 1764; x_wconf 91' lang='lat' dir='ltr'>quantas</span> 
     </span>
     <span class='ocr_line' id='line_1_16' title="bbox 293 1790 2242 1859; baseline 0 -15"><span class='ocrx_word' id='word_1_124' title='bbox 293 1791 682 1844; x_wconf 80' lang='lat' dir='ltr'>colluctationes</span> <span class='ocrx_word' id='word_1_125' title='bbox 723 1807 840 1843; x_wconf 91' lang='lat' dir='ltr'>cum</span> <span class='ocrx_word' id='word_1_126' title='bbox 880 1791 1082 1843; x_wconf 88' lang='lat' dir='ltr'>nunciis</span> <span class='ocrx_word' id='word_1_127' title='bbox 1122 1791 1292 1858; x_wconf 80' lang='lat' dir='ltr'>regisg</span> <span class='ocrx_word' id='word_1_128' title='bbox 1322 1790 1670 1858; x_wconf 79' lang='lat' dir='ltr'>habuerimuS,</span> <span class='ocrx_word' id='word_1_129' title='bbox 1713 1795 1764 1843; x_wconf 92' lang='lat' dir='ltr'>et</span> <span class='ocrx_word' id='word_1_130' title='bbox 1802 1791 1988 1859; x_wconf 89' lang='lat' dir='ltr'>quibus</span> <span class='ocrx_word' id='word_1_131' title='bbox 2027 1792 2242 1845; x_wconf 90' lang='lat' dir='ltr'>rationi-</span> 
     </span>
     <span class='ocr_line' id='line_1_17' title="bbox 292 1886 2243 1955; baseline 0.001 -15"><span class='ocrx_word' id='word_1_132' title='bbox 292 1886 389 1940; x_wconf 91' lang='lat' dir='ltr'>bus</span> <span class='ocrx_word' id='word_1_133' title='bbox 430 1887 581 1940; x_wconf 90' lang='lat' dir='ltr'>dictis</span> <span class='ocrx_word' id='word_1_134' title='bbox 621 1886 829 1940; x_wconf 80' lang='lat' dir='ltr'>eorumh</span> <span class='ocrx_word' id='word_1_135' title='bbox 859 1886 1257 1954; x_wconf 78' lang='lat' dir='ltr'>obviaverimUS,</span> <span class='ocrx_word' id='word_1_136' title='bbox 1299 1886 1551 1955; x_wconf 86' lang='lat' dir='ltr'>quidquid</span> <span class='ocrx_word' id='word_1_137' title='bbox 1589 1886 1690 1939; x_wconf 67' lang='lat' dir='ltr'>hisi</span> <span class='ocrx_word' id='word_1_138' title='bbox 1717 1887 1908 1940; x_wconf 91' lang='lat' dir='ltr'>litteris</span> <span class='ocrx_word' id='word_1_139' title='bbox 1948 1887 2127 1941; x_wconf 92' lang='lat' dir='ltr'>deesse</span> <span class='ocrx_word' id='word_1_140' title='bbox 2165 1889 2243 1941; x_wconf 92' lang='lat' dir='ltr'>vi-</span> 
     </span>
     <span class='ocr_line' id='line_1_18' title="bbox 294 1981 2241 2052; baseline 0.001 -17"><span class='ocrx_word' id='word_1_141' title='bbox 294 1983 471 2051; x_wconf 89' lang='lat' dir='ltr'>detur,</span> <span class='ocrx_word' id='word_1_142' title='bbox 519 1982 711 2036; x_wconf 89' lang='lat' dir='ltr'>latores</span> <span class='ocrx_word' id='word_1_143' title='bbox 752 1999 931 2035; x_wconf 87' lang='lat' dir='ltr'>earum</span> <span class='ocrx_word' id='word_1_144' title='bbox 970 1982 1173 2052; x_wconf 87' lang='lat' dir='ltr'>plenius</span> <span class='ocrx_word' id='word_1_145' title='bbox 1211 1983 1530 2036; x_wconf 87' lang='lat' dir='ltr'>indicabunt.</span> <span class='ocrx_word' id='word_1_146' title='bbox 1592 1981 1815 2051; x_wconf 81' lang='lat' dir='ltr'>Quibus,</span> <span class='ocrx_word' id='word_1_147' title='bbox 1867 1984 2002 2037; x_wconf 90' lang='lat' dir='ltr'>sicut</span> <span class='ocrx_word' id='word_1_148' title='bbox 2040 1984 2103 2037; x_wconf 92' lang='lat' dir='ltr'>de</span> <span class='ocrx_word' id='word_1_149' title='bbox 2142 1984 2241 2052; x_wconf 89' lang='lat' dir='ltr'>his,</span> 
     </span>
     <span class='ocr_line' id='line_1_19' title="bbox 295 2077 2241 2149; baseline 0.001 -18"><span class='ocrx_word' id='word_1_150' title='bbox 295 2094 426 2147; x_wconf 90' lang='lat' dir='ltr'>quae</span> <span class='ocrx_word' id='word_1_151' title='bbox 461 2095 556 2149; x_wconf 90' lang='lat' dir='ltr'>per</span> <span class='ocrx_word' id='word_1_152' title='bbox 591 2077 709 2132; x_wconf 69' lang='lat' dir='ltr'>eos¹K</span> <span class='ocrx_word' id='word_1_153' title='bbox 735 2077 886 2132; x_wconf 92' lang='lat' dir='ltr'>beato</span> <span class='ocrx_word' id='word_1_154' title='bbox 912 2077 1067 2132; x_wconf 91' lang='lat' dir='ltr'>Petro</span> <span class='ocrx_word' id='word_1_155' title='bbox 1109 2082 1160 2132; x_wconf 93' lang='lat' dir='ltr'>et</span> <span class='ocrx_word' id='word_1_156' title='bbox 1194 2079 1343 2132; x_wconf 91' lang='lat' dir='ltr'>nobis</span> <span class='ocrx_word' id='word_1_157' title='bbox 1370 2079 1704 2149; x_wconf 76' lang='lat' dir='ltr'>promisistis,</span> <span class='ocrx_word' id='word_1_158' title='bbox 1746 2079 2104 2133; x_wconf 84' lang='lat' dir='ltr'>indubitanter</span> <span class='ocrx_word' id='word_1_159' title='bbox 2131 2097 2241 2133; x_wconf 93' lang='lat' dir='ltr'>cre-</span> 
     </span>
     <span class='ocr_line' id='line_1_20' title="bbox 293 2174 2240 2246; baseline 0.002 -19"><span class='ocrx_word' id='word_1_160' title='bbox 293 2174 480 2243; x_wconf 80' lang='lat' dir='ltr'>dimuS,</span> <span class='ocrx_word' id='word_1_161' title='bbox 521 2175 596 2228; x_wconf 90' lang='lat' dir='ltr'>ita</span> <span class='ocrx_word' id='word_1_162' title='bbox 632 2191 724 2227; x_wconf 89' lang='lat' dir='ltr'>vos</span> <span class='ocrx_word' id='word_1_163' title='bbox 765 2174 827 2228; x_wconf 89' lang='lat' dir='ltr'>de</span> <span class='ocrx_word' id='word_1_164' title='bbox 866 2174 964 2243; x_wconf 84' lang='lat' dir='ltr'>his,</span> <span class='ocrx_word' id='word_1_165' title='bbox 1007 2192 1138 2243; x_wconf 92' lang='lat' dir='ltr'>quae</span> <span class='ocrx_word' id='word_1_166' title='bbox 1176 2191 1240 2228; x_wconf 84' lang='lat' dir='ltr'>ex</span> <span class='ocrx_word' id='word_1_167' title='bbox 1266 2179 1447 2228; x_wconf 91' lang='lat' dir='ltr'>nostra</span> <span class='ocrx_word' id='word_1_168' title='bbox 1470 2175 1638 2229; x_wconf 61' lang='grc' dir='ltr'>1701118ι</span> <span class='ocrx_word' id='word_1_169' title='bbox 1664 2179 1815 2246; x_wconf 90' lang='lat' dir='ltr'>parte</span> <span class='ocrx_word' id='word_1_170' title='bbox 1844 2175 2089 2245; x_wconf 82' lang='lat' dir='ltr'>dixerint,</span> <span class='ocrx_word' id='word_1_171' title='bbox 2131 2192 2240 2230; x_wconf 89' lang='lat' dir='ltr'>cre-</span> 
     </span>
     <span class='ocr_line' id='line_1_21' title="bbox 293 2270 709 2324; baseline -0.002 -1"><span class='ocrx_word' id='word_1_172' title='bbox 293 2270 415 2324; x_wconf 93' lang='lat' dir='ltr'>dere</span> <span class='ocrx_word' id='word_1_173' title='bbox 453 2270 709 2324; x_wconf 70' lang='lat' dir='ltr'>volumus</span> 
     </span>
    </p>
   </div>
   <div class='ocr_carea' id='block_1_3' title="bbox 299 2445 2238 2616">
    <p class='ocr_par' dir='ltr' id='par_1_4' title="bbox 299 2445 2238 2616">
     <span class='ocr_line' id='line_1_22' title="bbox 299 2445 2238 2512; baseline 0 -11"><span class='ocrx_word' id='word_1_174' title='bbox 299 2445 396 2503; x_wconf 90' lang='grc'><strong>18.</strong></span> <span class='ocrx_word' id='word_1_175' title='bbox 446 2446 740 2500; x_wconf 61' lang='lat' dir='ltr'>Teutonici&amp;</span> <span class='ocrx_word' id='word_1_176' title='bbox 777 2449 1013 2512; x_wconf 74' lang='lat' dir='ltr'>nuntiat,</span> <span class='ocrx_word' id='word_1_177' title='bbox 1064 2466 1116 2499; x_wconf 79' lang='grc'>86</span> <span class='ocrx_word' id='word_1_178' title='bbox 1153 2449 1331 2501; x_wconf 74' lang='lat' dir='ltr'>invitis</span> <span class='ocrx_word' id='word_1_179' title='bbox 1373 2449 1629 2501; x_wconf 78' lang='lat' dir='ltr'>Romanis</span> <span class='ocrx_word' id='word_1_180' title='bbox 1668 2451 1766 2502; x_wconf 77' lang='lat' dir='ltr'>iter</span> <span class='ocrx_word' id='word_1_181' title='bbox 1804 2450 1877 2501; x_wconf 80' lang='lat' dir='ltr'>ad</span> <span class='ocrx_word' id='word_1_182' title='bbox 1915 2467 1997 2501; x_wconf 79' lang='grc'>608</span> <span class='ocrx_word' id='word_1_183' title='bbox 2037 2449 2238 2502; x_wconf 73' lang='lat' dir='ltr'>habere.</span> 
     </span>
     <span class='ocr_line' id='line_1_23' title="bbox 439 2543 1835 2616; baseline 0.001 -21"><span class='ocrx_word' id='word_1_184' title='bbox 439 2543 714 2610; x_wconf 76' lang='lat' dir='ltr'>Hortatur,</span> <span class='ocrx_word' id='word_1_185' title='bbox 756 2546 877 2596; x_wconf 73' lang='lat' dir='ltr'>dent</span> <span class='ocrx_word' id='word_1_186' title='bbox 915 2562 1143 2614; x_wconf 75' lang='lat' dir='ltr'>operam,</span> <span class='ocrx_word' id='word_1_187' title='bbox 1185 2554 1243 2596; x_wconf 76' lang='lat' dir='ltr'>ut</span> <span class='ocrx_word' id='word_1_188' title='bbox 1279 2546 1352 2597; x_wconf 83' lang='lat' dir='ltr'>ad</span> <span class='ocrx_word' id='word_1_189' title='bbox 1389 2563 1472 2597; x_wconf 76' lang='lat' dir='ltr'>eos</span> <span class='ocrx_word' id='word_1_190' title='bbox 1506 2547 1777 2616; x_wconf 78' lang='lat' dir='ltr'>perveniat</span> <span class='ocrx_word' id='word_1_191' title='bbox 1790 2552 1835 2597; x_wconf 86' lang='lat'>¹¹¹.</span> 
     </span>
    </p>
   </div>
   <div class='ocr_carea' id='block_1_4' title="bbox 289 2650 2240 3204">
    <p class='ocr_par' dir='ltr' id='par_1_5' title="bbox 289 2650 2240 3204">
     <span class='ocr_line' id='line_1_24' title="bbox 442 2650 2240 2724; baseline 0.002 -19"><span class='ocrx_word' id='word_1_192' title='bbox 442 2650 722 2721; x_wconf 87' lang='lat' dir='ltr'>Gregorius</span> <span class='ocrx_word' id='word_1_193' title='bbox 770 2654 1074 2724; x_wconf 83' lang='lat' dir='ltr'>episcopusn</span> <span class='ocrx_word' id='word_1_194' title='bbox 1114 2671 1293 2708; x_wconf 85' lang='lat' dir='ltr'>servus</span> <span class='ocrx_word' id='word_1_195' title='bbox 1344 2673 1614 2708; x_wconf 90' lang='lat' dir='ltr'>servorum</span> <span class='ocrx_word' id='word_1_196' title='bbox 1654 2655 1753 2709; x_wconf 90' lang='lat' dir='ltr'>Dei</span> <span class='ocrx_word' id='word_1_197' title='bbox 1793 2655 2031 2709; x_wconf 89' lang='lat' dir='ltr'>omnibus</span> <span class='ocrx_word' id='word_1_198' title='bbox 2073 2655 2240 2709; x_wconf 88' lang='lat' dir='ltr'>archi-</span> 
     </span>
     <span class='ocr_line' id='line_1_25' title="bbox 294 2748 2239 2820; baseline 0.001 -18"><span class='ocrx_word' id='word_1_199' title='bbox 294 2748 551 2820; x_wconf 90' lang='lat' dir='ltr'>episcopis</span> <span class='ocrx_word' id='word_1_200' title='bbox 602 2749 860 2819; x_wconf 90' lang='lat' dir='ltr'>episcopis</span> <span class='ocrx_word' id='word_1_201' title='bbox 909 2750 1180 2804; x_wconf 89' lang='lat' dir='ltr'>abbatibus</span> <span class='ocrx_word' id='word_1_202' title='bbox 1231 2751 1447 2805; x_wconf 91' lang='lat' dir='ltr'>ducibus</span> <span class='ocrx_word' id='word_1_203' title='bbox 1495 2751 1883 2805; x_wconf 78' lang='lat' dir='ltr'>marchionibus</span> <span class='ocrx_word' id='word_1_204' title='bbox 1934 2752 2239 2805; x_wconf 92' lang='lat' dir='ltr'>comitibus⁰</span> 
     </span>
     <span class='ocr_line' id='line_1_26' title="bbox 292 2845 2239 2918; baseline 0.002 -21"><span class='ocrx_word' id='word_1_205' title='bbox 292 2845 635 2915; x_wconf 91' lang='lat' dir='ltr'>omnibusque</span> <span class='ocrx_word' id='word_1_206' title='bbox 684 2845 1022 2899; x_wconf 86' lang='lat' dir='ltr'>christianam</span> <span class='ocrx_word' id='word_1_207' title='bbox 1069 2850 1120 2899; x_wconf 88' lang='lat' dir='ltr'>et</span> <span class='ocrx_word' id='word_1_208' title='bbox 1168 2846 1308 2900; x_wconf 91' lang='lat' dir='ltr'>beati</span> <span class='ocrx_word' id='word_1_209' title='bbox 1356 2847 1500 2901; x_wconf 89' lang='lat' dir='ltr'>Petri</span> <span class='ocrx_word' id='word_1_210' title='bbox 1549 2847 1905 2917; x_wconf 90' lang='lat' dir='ltr'>apostolorum</span> <span class='ocrx_word' id='word_1_211' title='bbox 1953 2848 2239 2918; x_wconf 75' lang='lat' dir='ltr'>principis⁹</span> 
     </span>
     <span class='ocr_line' id='line_1_27' title="bbox 289 2938 2238 3011; baseline 0.002 -18"><span class='ocrx_word' id='word_1_212' title='bbox 289 2938 446 2993; x_wconf 89' lang='lat' dir='ltr'>fidem</span> <span class='ocrx_word' id='word_1_213' title='bbox 480 2945 531 2994; x_wconf 92' lang='lat' dir='ltr'>et</span> <span class='ocrx_word' id='word_1_214' title='bbox 556 2941 846 2994; x_wconf 88' lang='lat' dir='ltr'>doctrinam</span> <span class='ocrx_word' id='word_1_215' title='bbox 873 2941 1267 2996; x_wconf 86' lang='lat' dir='ltr'>defendentibus</span> <span class='ocrx_word' id='word_1_216' title='bbox 1296 2947 1348 2996; x_wconf 91' lang='lat' dir='ltr'>et</span> <span class='ocrx_word' id='word_1_217' title='bbox 1374 2943 1769 2997; x_wconf 88' lang='lat' dir='ltr'>observantibus</span> <span class='ocrx_word' id='word_1_218' title='bbox 1796 2944 1880 2996; x_wconf 81' lang='lat' dir='ltr'>inq</span> <span class='ocrx_word' id='word_1_219' title='bbox 1910 2944 2052 2996; x_wconf 90' lang='lat' dir='ltr'>omni</span> <span class='ocrx_word' id='word_1_220' title='bbox 2079 2961 2238 3011; x_wconf 87' lang='lat' dir='ltr'>regno</span> 
     </span>
     <span class='ocr_line' id='line_1_28' title="bbox 291 3035 2239 3110; baseline 0.002 -21"><span class='ocrx_word' id='word_1_221' title='bbox 291 3035 722 3090; x_wconf 80' lang='lat' dir='ltr'>Teutonicorum&#39;</span> <span class='ocrx_word' id='word_1_222' title='bbox 762 3038 984 3091; x_wconf 87' lang='lat' dir='ltr'>salutem</span> <span class='ocrx_word' id='word_1_223' title='bbox 1024 3042 1075 3091; x_wconf 92' lang='lat' dir='ltr'>et</span> <span class='ocrx_word' id='word_1_224' title='bbox 1111 3038 1410 3092; x_wconf 80' lang='lat' dir='ltr'>beatorum‘</span> <span class='ocrx_word' id='word_1_225' title='bbox 1451 3040 1806 3110; x_wconf 88' lang='lat' dir='ltr'>apostolorum</span> <span class='ocrx_word' id='word_1_226' title='bbox 1832 3039 1975 3093; x_wconf 89' lang='lat' dir='ltr'>Petri</span> <span class='ocrx_word' id='word_1_227' title='bbox 2011 3044 2063 3093; x_wconf 92' lang='lat' dir='ltr'>et</span> <span class='ocrx_word' id='word_1_228' title='bbox 2087 3039 2239 3093; x_wconf 90' lang='lat' dir='ltr'>Pauli</span> 
     </span>
     <span class='ocr_line' id='line_1_29' title="bbox 289 3132 1909 3204; baseline 0.002 -18"><span class='ocrx_word' id='word_1_229' title='bbox 289 3132 703 3187; x_wconf 87' lang='lat' dir='ltr'>benedictionem</span> <span class='ocrx_word' id='word_1_230' title='bbox 744 3134 1102 3204; x_wconf 77' lang='lat' dir='ltr'>omniumquet</span> <span class='ocrx_word' id='word_1_231' title='bbox 1139 3139 1474 3204; x_wconf 89' lang='lat' dir='ltr'>peccatorum</span> <span class='ocrx_word' id='word_1_232' title='bbox 1515 3136 1909 3189; x_wconf 90' lang='lat' dir='ltr'>absolutionem.</span> 
     </span>
    </p>
   </div>
   <div class='ocr_carea' id='block_1_5' title="bbox 289 3259 2239 3701">
    <p class='ocr_par' dir='ltr' id='par_1_6' title="bbox 289 3259 2239 3701">
     <span class='ocr_line' id='line_1_30' title="bbox 406 3259 2238 3308; baseline 0.002 -13"><span class='ocrx_word' id='word_1_233' title='bbox 406 3270 438 3295; x_wconf 81' lang='lat' dir='ltr'>a.</span> <span class='ocrx_word' id='word_1_234' title='bbox 465 3270 585 3307; x_wconf 85' lang='lat' dir='ltr'>paene</span> <span class='ocrx_word' id='word_1_235' title='bbox 609 3273 678 3295; x_wconf 90' lang='lat' dir='ltr'>om.</span> <span class='ocrx_word' id='word_1_236' title='bbox 695 3260 729 3295; x_wconf 88' lang='lat'>2.</span> <span class='ocrx_word' id='word_1_237' title='bbox 834 3259 870 3296; x_wconf 90' lang='lat' dir='ltr'>b.</span> <span class='ocrx_word' id='word_1_238' title='bbox 898 3261 1025 3296; x_wconf 83' lang='lat' dir='ltr'>vestra</span> <span class='ocrx_word' id='word_1_239' title='bbox 1046 3261 1081 3296; x_wconf 89' lang='lat'>2.</span> <span class='ocrx_word' id='word_1_240' title='bbox 1186 3271 1217 3296; x_wconf 91' lang='lat' dir='ltr'>c.</span> <span class='ocrx_word' id='word_1_241' title='bbox 1245 3261 1392 3297; x_wconf 78' lang='lat' dir='ltr'>vestrae</span> <span class='ocrx_word' id='word_1_242' title='bbox 1421 3275 1492 3298; x_wconf 90' lang='lat' dir='ltr'>om.</span> <span class='ocrx_word' id='word_1_243' title='bbox 1507 3262 1542 3297; x_wconf 85' lang='lat'>2.</span> <span class='ocrx_word' id='word_1_244' title='bbox 1648 3261 1685 3297; x_wconf 90' lang='lat' dir='ltr'>d.</span> <span class='ocrx_word' id='word_1_245' title='bbox 1713 3272 1956 3308; x_wconf 87' lang='lat' dir='ltr'>quaecunque</span> <span class='ocrx_word' id='word_1_246' title='bbox 1979 3261 2014 3297; x_wconf 84' lang='lat'>2.</span> <span class='ocrx_word' id='word_1_247' title='bbox 2118 3271 2150 3297; x_wconf 84' lang='lat' dir='ltr'>e.</span> <span class='ocrx_word' id='word_1_248' title='bbox 2172 3272 2238 3298; x_wconf 85' lang='lat' dir='ltr'>ne·</span> 
     </span>
     <span class='ocr_line' id='line_1_31' title="bbox 290 3325 2239 3374; baseline 0.001 -13"><span class='ocrx_word' id='word_1_249' title='bbox 290 3325 494 3362; x_wconf 81' lang='lat' dir='ltr'>cessarium</span> <span class='ocrx_word' id='word_1_250' title='bbox 522 3327 557 3362; x_wconf 87' lang='lat'>2.</span> <span class='ocrx_word' id='word_1_251' title='bbox 661 3325 686 3362; x_wconf 84' lang='lat' dir='ltr'>f.</span> <span class='ocrx_word' id='word_1_252' title='bbox 716 3325 935 3373; x_wconf 84' lang='lat' dir='ltr'>exceptione</span> <span class='ocrx_word' id='word_1_253' title='bbox 965 3327 999 3361; x_wconf 85' lang='lat'>2.</span> <span class='ocrx_word' id='word_1_254' title='bbox 1027 3327 1030 3332; x_wconf 86' lang='grc'><em>“</em></span> <span class='ocrx_word' id='word_1_255' title='bbox 1105 3336 1138 3371; x_wconf 83' lang='lat' dir='ltr'>g.</span> <span class='ocrx_word' id='word_1_256' title='bbox 1166 3326 1280 3371; x_wconf 87' lang='lat' dir='ltr'>regiis</span> <span class='ocrx_word' id='word_1_257' title='bbox 1309 3327 1344 3362; x_wconf 88' lang='lat'>2.</span> <span class='ocrx_word' id='word_1_258' title='bbox 1449 3325 1486 3362; x_wconf 91' lang='lat' dir='ltr'>h.</span> <span class='ocrx_word' id='word_1_259' title='bbox 1516 3327 1571 3363; x_wconf 90' lang='lat' dir='ltr'>eis</span> <span class='ocrx_word' id='word_1_260' title='bbox 1601 3328 1636 3363; x_wconf 92' lang='lat'>1.</span> <span class='ocrx_word' id='word_1_261' title='bbox 1740 3327 1766 3363; x_wconf 92' lang='lat' dir='ltr'>i.</span> <span class='ocrx_word' id='word_1_262' title='bbox 1793 3326 1853 3363; x_wconf 89' lang='lat' dir='ltr'>his</span> <span class='ocrx_word' id='word_1_263' title='bbox 1882 3341 1951 3362; x_wconf 89' lang='lat' dir='ltr'>om.</span> <span class='ocrx_word' id='word_1_264' title='bbox 1968 3328 2002 3363; x_wconf 93' lang='grc'>2.</span> <span class='ocrx_word' id='word_1_265' title='bbox 2106 3325 2144 3363; x_wconf 88' lang='lat' dir='ltr'>k.</span> <span class='ocrx_word' id='word_1_266' title='bbox 2170 3338 2239 3374; x_wconf 90' lang='lat' dir='ltr'>per</span> 
     </span>
     <span class='ocr_line' id='line_1_32' title="bbox 290 3389 2233 3440; baseline 0 -12"><span class='ocrx_word' id='word_1_267' title='bbox 290 3401 356 3428; x_wconf 78' lang='lat' dir='ltr'>eos</span> <span class='ocrx_word' id='word_1_268' title='bbox 384 3405 453 3428; x_wconf 89' lang='lat' dir='ltr'>om.</span> <span class='ocrx_word' id='word_1_269' title='bbox 469 3393 505 3428; x_wconf 87' lang='lat'>2.</span> <span class='ocrx_word' id='word_1_270' title='bbox 607 3391 634 3428; x_wconf 95' lang='lat' dir='ltr'>l.</span> <span class='ocrx_word' id='word_1_271' title='bbox 661 3391 768 3427; x_wconf 85' lang='lat' dir='ltr'>vobis</span> <span class='ocrx_word' id='word_1_272' title='bbox 798 3406 866 3427; x_wconf 90' lang='lat' dir='ltr'>om.</span> <span class='ocrx_word' id='word_1_273' title='bbox 884 3393 919 3428; x_wconf 87' lang='lat'>2.</span> <span class='ocrx_word' id='word_1_274' title='bbox 1024 3402 1071 3427; x_wconf 93' lang='lat' dir='ltr'>m.</span> <span class='ocrx_word' id='word_1_275' title='bbox 1102 3393 1254 3440; x_wconf 75' lang='lat' dir='ltr'>Legitur</span> <span class='ocrx_word' id='word_1_276' title='bbox 1283 3389 1319 3437; x_wconf 91' lang='lat'>1)</span> <span class='ocrx_word' id='word_1_277' title='bbox 1345 3405 1406 3439; x_wconf 78' lang='lat' dir='ltr'>ap.</span> <span class='ocrx_word' id='word_1_278' title='bbox 1433 3394 1592 3428; x_wconf 83' lang='lat' dir='ltr'>Paulum</span> <span class='ocrx_word' id='word_1_279' title='bbox 1619 3393 1799 3435; x_wconf 66' lang='lat' dir='ltr'>Bernrid„</span> <span class='ocrx_word' id='word_1_280' title='bbox 1831 3395 1938 3429; x_wconf 84' lang='lat' dir='ltr'>Pont.</span> <span class='ocrx_word' id='word_1_281' title='bbox 1961 3395 2068 3428; x_wconf 85' lang='lat' dir='ltr'>Rom.</span> <span class='ocrx_word' id='word_1_282' title='bbox 2090 3395 2154 3429; x_wconf 82' lang='lat' dir='ltr'>vit.</span> <span class='ocrx_word' id='word_1_283' title='bbox 2177 3393 2233 3429; x_wconf 83' lang='lat' dir='ltr'>ed.</span> 
     </span>
     <span class='ocr_line' id='line_1_33' title="bbox 293 3454 2237 3505; baseline 0.001 -12"><span class='ocrx_word' id='word_1_284' title='bbox 293 3457 502 3493; x_wconf 72' lang='lat' dir='ltr'>Walterich</span> <span class='ocrx_word' id='word_1_285' title='bbox 529 3460 550 3494; x_wconf 94' lang='lat' dir='ltr'><em>I</em></span> <span class='ocrx_word' id='word_1_286' title='bbox 576 3457 663 3502; x_wconf 85' lang='lat'>524,</span> <span class='ocrx_word' id='word_1_287' title='bbox 699 3454 736 3502; x_wconf 84' lang='lat'>2)</span> <span class='ocrx_word' id='word_1_288' title='bbox 768 3471 829 3503; x_wconf 81' lang='lat' dir='ltr'>ap.</span> <span class='ocrx_word' id='word_1_289' title='bbox 853 3459 999 3505; x_wconf 74' lang='lat' dir='ltr'>Hugon.</span> <span class='ocrx_word' id='word_1_290' title='bbox 1023 3459 1146 3501; x_wconf 61' lang='lat' dir='ltr'>Flam,</span> <span class='ocrx_word' id='word_1_291' title='bbox 1175 3461 1280 3494; x_wconf 87' lang='lat' dir='ltr'>Mon.</span> <span class='ocrx_word' id='word_1_292' title='bbox 1302 3460 1420 3494; x_wconf 82' lang='lat' dir='ltr'>Germ.</span> <span class='ocrx_word' id='word_1_293' title='bbox 1443 3460 1511 3495; x_wconf 87' lang='lat' dir='ltr'>SS.</span> <span class='ocrx_word' id='word_1_294' title='bbox 1539 3459 1634 3495; x_wconf 90' lang='lat' dir='ltr'><em>VIII</em></span> <span class='ocrx_word' id='word_1_295' title='bbox 1660 3459 1748 3503; x_wconf 86' lang='lat'>444,</span> <span class='ocrx_word' id='word_1_296' title='bbox 1784 3456 1821 3503; x_wconf 86' lang='lat'>3)</span> <span class='ocrx_word' id='word_1_297' title='bbox 1850 3460 1886 3494; x_wconf 85' lang='lat' dir='ltr'>in</span> <span class='ocrx_word' id='word_1_298' title='bbox 1914 3459 2050 3494; x_wconf 82' lang='lat' dir='ltr'>Udalr.</span> <span class='ocrx_word' id='word_1_299' title='bbox 2072 3459 2237 3495; x_wconf 77' lang='lat' dir='ltr'>Bobenb.</span> 
     </span>
     <span class='ocr_line' id='line_1_34' title="bbox 291 3522 2237 3570; baseline 0.002 -13"><span class='ocrx_word' id='word_1_300' title='bbox 291 3522 375 3558; x_wconf 86' lang='lat' dir='ltr'>cod.</span> <span class='ocrx_word' id='word_1_301' title='bbox 400 3536 460 3570; x_wconf 81' lang='lat' dir='ltr'>ap.</span> <span class='ocrx_word' id='word_1_302' title='bbox 483 3523 697 3559; x_wconf 80' lang='lat' dir='ltr'>Eccardum</span> <span class='ocrx_word' id='word_1_303' title='bbox 728 3525 838 3569; x_wconf 84' lang='lat' dir='ltr'>Corp.</span> <span class='ocrx_word' id='word_1_304' title='bbox 860 3523 942 3559; x_wconf 79' lang='lat' dir='ltr'>bist.</span> <span class='ocrx_word' id='word_1_305' title='bbox 967 3525 1011 3559; x_wconf 83' lang='lat' dir='ltr'>l!</span> <span class='ocrx_word' id='word_1_306' title='bbox 1034 3523 1119 3559; x_wconf 89' lang='grc'><strong>149.</strong></span> <span class='ocrx_word' id='word_1_307' title='bbox 1250 3534 1286 3559; x_wconf 88' lang='lat' dir='ltr'>n.</span> <span class='ocrx_word' id='word_1_308' title='bbox 1325 3523 1524 3570; x_wconf 84' lang='lat' dir='ltr'>episcopus</span> <span class='ocrx_word' id='word_1_309' title='bbox 1554 3538 1622 3560; x_wconf 83' lang='lat' dir='ltr'>om.</span> <span class='ocrx_word' id='word_1_310' title='bbox 1649 3525 1683 3560; x_wconf 95' lang='grc'>1.</span> <span class='ocrx_word' id='word_1_311' title='bbox 1813 3535 1847 3560; x_wconf 90' lang='grc'>0.</span> <span class='ocrx_word' id='word_1_312' title='bbox 1881 3523 2080 3560; x_wconf 77' lang='lat' dir='ltr'>comitibus</span> <span class='ocrx_word' id='word_1_313' title='bbox 2108 3538 2177 3560; x_wconf 86' lang='lat' dir='ltr'>om.</span> <span class='ocrx_word' id='word_1_314' title='bbox 2202 3526 2237 3561; x_wconf 92' lang='grc'>1.</span> 
     </span>
     <span class='ocr_line' id='line_1_35' title="bbox 289 3587 2236 3636; baseline 0.002 -13"><span class='ocrx_word' id='word_1_315' title='bbox 289 3597 327 3634; x_wconf 89' lang='lat' dir='ltr'>p.</span> <span class='ocrx_word' id='word_1_316' title='bbox 355 3587 608 3634; x_wconf 79' lang='lat' dir='ltr'>apostolorum</span> <span class='ocrx_word' id='word_1_317' title='bbox 633 3588 817 3636; x_wconf 88' lang='lat' dir='ltr'>principis</span> <span class='ocrx_word' id='word_1_318' title='bbox 846 3603 914 3625; x_wconf 88' lang='lat' dir='ltr'>om.</span> <span class='ocrx_word' id='word_1_319' title='bbox 938 3590 972 3625; x_wconf 89' lang='lat'>1.</span> <span class='ocrx_word' id='word_1_320' title='bbox 999 3590 1033 3625; x_wconf 92' lang='grc'><strong>2.</strong></span> <span class='ocrx_word' id='word_1_321' title='bbox 1146 3599 1181 3636; x_wconf 89' lang='lat' dir='ltr'>q.</span> <span class='ocrx_word' id='word_1_322' title='bbox 1216 3589 1256 3626; x_wconf 92' lang='lat' dir='ltr'>in</span> <span class='ocrx_word' id='word_1_323' title='bbox 1288 3608 1329 3613; x_wconf 77' lang='lat'>-</span> <span class='ocrx_word' id='word_1_324' title='bbox 1360 3588 1647 3625; x_wconf 88' lang='lat' dir='ltr'>Teutonicorum</span> <span class='ocrx_word' id='word_1_325' title='bbox 1676 3603 1745 3626; x_wconf 91' lang='lat' dir='ltr'>om.</span> <span class='ocrx_word' id='word_1_326' title='bbox 1762 3591 1796 3625; x_wconf 87' lang='lat'>1.</span> <span class='ocrx_word' id='word_1_327' title='bbox 1915 3601 1946 3626; x_wconf 87' lang='lat' dir='ltr'>r.</span> <span class='ocrx_word' id='word_1_328' title='bbox 1980 3589 2236 3627; x_wconf 82' lang='lat' dir='ltr'>habitantibus</span> 
     </span>
     <span class='ocr_line' id='line_1_36' title="bbox 292 3653 1401 3701; baseline 0.002 -12"><span class='ocrx_word' id='word_1_329' title='bbox 292 3653 385 3689; x_wconf 79' lang='lat' dir='ltr'>add.</span> <span class='ocrx_word' id='word_1_330' title='bbox 402 3654 439 3690; x_wconf 93' lang='grc'>2.</span> <span class='ocrx_word' id='word_1_331' title='bbox 542 3665 573 3690; x_wconf 84' lang='grc'>8.</span> <span class='ocrx_word' id='word_1_332' title='bbox 601 3656 639 3690; x_wconf 86' lang='lat' dir='ltr'>et</span> <span class='ocrx_word' id='word_1_333' title='bbox 663 3665 732 3701; x_wconf 88' lang='lat' dir='ltr'>per</span> <span class='ocrx_word' id='word_1_334' title='bbox 756 3654 951 3692; x_wconf 83' lang='lat' dir='ltr'>beatorum</span> <span class='ocrx_word' id='word_1_335' title='bbox 979 3656 1013 3691; x_wconf 91' lang='grc'>2.</span> <span class='ocrx_word' id='word_1_336' title='bbox 1118 3656 1144 3691; x_wconf 89' lang='lat' dir='ltr'>t.</span> <span class='ocrx_word' id='word_1_337' title='bbox 1174 3655 1339 3691; x_wconf 91' lang='lat' dir='ltr'>omnium</span> <span class='ocrx_word' id='word_1_338' title='bbox 1366 3656 1401 3691; x_wconf 94' lang='grc'>2.</span> 
     </span>
    </p>
   </div>
   <div class='ocr_carea' id='block_1_6' title="bbox 410 3724 787 3770">
    <p class='ocr_par' dir='ltr' id='par_1_7' title="bbox 410 3724 787 3770">
     <span class='ocr_line' id='line_1_37' title="bbox 410 3724 787 3770; baseline 0.008 -3"><span class='ocrx_word' id='word_1_339' title='bbox 410 3724 450 3768; x_wconf 65' lang='lat'>1„</span> <span class='ocrx_word' id='word_1_340' title='bbox 481 3724 510 3768; x_wconf 89' lang='lat'>8</span> <span class='ocrx_word' id='word_1_341' title='bbox 539 3724 621 3768; x_wconf 86' lang='lat' dir='ltr'>Ian</span> <span class='ocrx_word' id='word_1_342' title='bbox 658 3726 787 3770; x_wconf 86' lang='lat'>1077.</span> 
     </span>
    </p>
   </div>
   <div class='ocr_carea' id='block_1_7' title="bbox 2273 456 2472 553">
    <p class='ocr_par' dir='ltr' id='par_1_8' title="bbox 2273 456 2472 553">
     <span class='ocr_line' id='line_1_38' title="bbox 2321 456 2435 499; baseline 0 -1"><span class='ocrx_word' id='word_1_343' title='bbox 2321 456 2435 499; x_wconf 84' lang='lat'>1076</span> 
     </span>
     <span class='ocr_line' id='line_1_39' title="bbox 2273 514 2472 553; baseline 0.01 -2"><span class='ocrx_word' id='word_1_344' title='bbox 2273 514 2366 552; x_wconf 91' lang='lat' dir='ltr'>Nov.</span> <span class='ocrx_word' id='word_1_345' title='bbox 2382 516 2472 553; x_wconf 86' lang='lat' dir='ltr'>Dec.</span> 
     </span>
    </p>
   </div>
   <div class='ocr_carea' id='block_1_8' title="bbox 2269 2667 2470 2765">
    <p class='ocr_par' dir='ltr' id='par_1_9' title="bbox 2269 2667 2470 2765">
     <span class='ocr_line' id='line_1_40' title="bbox 2317 2667 2431 2710; baseline 0 0"><span class='ocrx_word' id='word_1_346' title='bbox 2317 2667 2431 2710; x_wconf 83' lang='lat'>1076</span> 
     </span>
     <span class='ocr_line' id='line_1_41' title="bbox 2269 2727 2470 2765; baseline 0 -1"><span class='ocrx_word' id='word_1_347' title='bbox 2269 2728 2362 2765; x_wconf 86' lang='lat' dir='ltr'>Nov.</span> <span class='ocrx_word' id='word_1_348' title='bbox 2378 2727 2470 2764; x_wconf 90' lang='lat' dir='ltr'>Dec.</span> 
     </span>
    </p>
   </div>
  </div>
 </body>
</html>
