2722 4172
815 282 1091 321 GREGORH
1127 283 1207 320 vn
1243 282 1509 321 REG1s‘rR1
1544 282 1588 319 11
1614 281 1676 318 14.
2117 269 2222 323 129

274 391 326 453 H
361 396 458 453 14.
500 396 795 453 Guarnerz'o
831 399 1210 471 Aryentinensz'
1241 411 1288 454 et
1319 401 1599 452 Baro-ardo
1632 399 1934 452 Basileensi
1965 401 2221 470 episcopis

493 496 738 560 mandat,
787 507 846 549 ut
883 498 1228 567 parthenonis
1277 496 1334 550 S.
1375 495 1553 548 Crucis
1602 497 1956 560 advocatiam,
2009 496 2072 547 de
2118 514 2224 564 qua

494 589 688 643 Leonis
715 591 805 643 IX
839 605 1047 663 nepotes
1087 594 1414 656 contendant,
1460 589 1698 645 Gerar-do
1727 593 1958 656 tradant,
1998 590 2225 661 Huqone

497 686 719 739 excluso.

422 793 705 864 Gregorius
744 797 1018 868 episcopus
1058 813 1238 850 servus
1279 812 1548 849 servorum
1575 795 1676 849 Dei
1704 793 1992 849 Guarnerio
2019 795 2224 864 Argen-

273 890 467 944 tinensi
514 895 566 945 81
601 891 866 946 Burcardo
904 892 1162 946 Basilensi
1211 892 1469 962 episcopis
1521 891 1743 945 salutem
1794 895 1846 944 et
1883 891 2225 961 apostolicam

273 986 702 1042 benedictionem.
1823 1001 1827 1002 ’

423 1083 540 1137 Non
576 1084 816 1152 ignorare
853 1101 944 1137 vos
983 1083 1270 1152 credimuS,
1311 1083 1581 1136 dominum
1619 1086 1853 1136 nostrum
1893 1081 2077 1136 beatae
2115 1100 2223 1137 me-

273 1179 470 1232 moriae
507 1176 765 1233 Leonem¹
800 1196 994 1250 papam
1041 1180 1418 1232 monasterium
1464 1183 1674 1233 sanctae
1713 1174 1940 1246 Crucis²‚
1988 1179 2043 1232 in
2082 1183 2224 1233 terra

273 1275 576 1328 hereditatis
625 1291 748 1328 suae
787 1275 1063 1328 fundatum
1104 1292 1163 1329 ac
1201 1276 1430 1346 propriis
1472 1276 1657 1346 opibus
1698 1275 1809 1328 eius
1850 1278 2221 1344 constructum,

273 1374 481 1423 sanctae
506 1370 770 1424 Romanae
811 1371 1075 1440 ecclesiae,
1116 1372 1199 1425 cui
1237 1372 1323 1442 pie
1350 1376 1402 1425 et
1428 1375 1606 1425 sancte
1631 1370 1981 1442 praesidebat,
2019 1370 2074 1423 in
2101 1387 2223 1441 pro-

270 1465 446 1536 prium
490 1466 572 1519 ius
620 1463 945 1535 tradidisse³‚
997 1472 1252 1536 quatenus
1298 1467 1612 1521 venerabilis
1659 1467 1748 1521 ille
1795 1467 1940 1521 locus
1988 1467 2083 1522 sub
2125 1467 2220 1521 alis

271 1562 438 1615 sancti
463 1561 606 1615 Petri
643 1563 807 1616 tutior
846 1567 898 1617 et
934 1563 1149 1617 liberior
1185 1565 1241 1617 in
1281 1564 1456 1617 divino
1488 1563 1746 1617 famulatu
1770 1562 2061 1634 proficeret.
2124 1564 2221 1618 Ve-

268 1674 402 1726 rum,
444 1658 579 1711 sicut
614 1675 710 1711 nos
749 1663 892 1713 certa
928 1659 1182 1714 relatione
1222 1661 1587 1731 comperimuS‚
1626 1664 1843 1730 nepotes
1868 1660 2028 1728 illius,
2068 1659 2220 1728 Hugo

268 1754 511 1807 videlicet
551 1758 603 1807 et
627 1753 907 1823 Gerardus‚
949 1773 1044 1809 sua
1080 1757 1254 1826 potius
1292 1774 1449 1826 quam
1481 1773 1613 1826 quae
1639 1756 1738 1809 Dei
1765 1760 1887 1809 sunt
1914 1760 2220 1825 quaerentes

269 1866 365 1903 nec
402 1853 511 1902 tam
542 1851 860 1904 sanctissimi
885 1851 987 1904 viri
1013 1853 1604 1906 excommunicationem
1630 1853 1892 1920 timenteS‚
1933 1852 2056 1905 dum
2082 1853 2221 1907 inter

271 1962 325 1999 se
365 1945 428 1999 de
468 1946 739 2000 advocatia
778 1947 1112 2016 contendunt,
1163 1950 1469 2003 monasterii
1507 1950 1645 2003 bona
1683 1949 1939 2019 diripiunt
1978 1952 2046 2018 et,
2087 1965 2220 2018 quae

270 2041 336 2094 ad
374 2043 805 2096 sustentationem
845 2043 1149 2096 ancillarum
1189 2043 1290 2097 Dei
1327 2045 1610 2098 constituta
1648 2049 1785 2113 sunt,
1833 2044 2100 2112 sacrilegis
2139 2045 2219 2098 in-

268 2138 567 2191 vasionibus
606 2139 859 2192 militibus
900 2139 1007 2192 suis
1047 2140 1297 2209 praedam
1335 2141 1551 2194 faciunt.
1612 2140 1941 2211 Quapropter
1973 2141 2220 2194 fraterni-

267 2237 429 2287 tatem
469 2238 699 2287 vestram
747 2235 971 2288 multum
1019 2252 1262 2303 rogamus
1303 2241 1356 2290 et
1394 2237 1758 2290 admonemus:
1810 2241 1869 2290 ut
1906 2254 2002 2307 pro
2044 2254 2218 2291 amore

268 2334 321 2384 et
357 2330 532 2384 debita
567 2335 749 2399 ‘sancto
776 2330 930 2384 Petro
971 2331 1267 2386 obedientia
1303 2332 1482 2386 ambos
1509 2333 1564 2385 in
1589 2333 1764 2386 locum
1791 2333 2018 2401 aliquem
2044 2338 2216 2387 vestro

268 2427 543 2480 conventui
590 2431 770 2497 aptum
810 2428 1102 2480 convocetis
1143 2433 1220 2497 et,
1270 2445 1483 2482 causam
1521 2429 1783 2499 utrimque
1823 2429 2100 2497 diligenter
2137 2431 2218 2483 in-

270 2522 556 2590 quirenteS,
604 2522 762 2576 finem
811 2524 1131 2577 contentioni
1179 2542 1360 2579 eorum
1408 2526 1677 2596 imponere
1728 2543 2059 2596 summopere
2109 2530 2218 2579 stu-

270 2617 463 2684 deatis3
502 2619 558 2671 in
587 2619 729 2672 nullo
757 2619 968 2688 quidem
996 2619 1059 2673 ab
1088 2637 1164 2688 ea,
1206 2637 1337 2689 quae
1363 2621 1418 2674 in
1444 2622 1718 2691 privilegio
1746 2622 2025 2692 praelibati
2049 2623 2216 2692 patris

267 2713 434 2765 nostri
470 2711 660 2766 Leonis
708 2731 877 2784 papae
925 2715 1189 2787 descripta
1235 2722 1339 2786 est⁷
1388 2718 1767 2772 constitutione
1808 2722 1860 2772 et
1903 2718 2217 2772 determina-

267 2808 407 2862 tione
442 2807 806 2875 digredientes
866 2810 945 2864 Ibi
970 2813 1110 2865 enim
1135 2813 1271 2866 inter
1298 2817 1472 2866 cetera
1498 2815 1607 2867 eius
1636 2814 1922 2884 apostolica
1948 2815 2216 2868 sanctione

267 2904 532 2958 decretum
559 2909 662 2958 est:
691 2909 764 2972 ut,
793 2906 883 2973 qui
908 2906 971 2959 de
991 2909 1238 2977 progenie
1266 2910 1433 2962 suain
1454 2914 1624 2963 castro
1645 2909 2002 2977 Egeneschem
2029 2911 2214 2964 ceteris

265 3000 433 3053 maior
469 3004 599 3058 natu
635 3001 809 3068 fuerit,
851 3017 1030 3055 curam
1057 3003 1358 3058 advocatiae
1399 3005 1538 3059 solus
1577 3010 1780 3072 teneat;
1823 3010 1876 3060 et
1910 3007 1966 3059 in
2006 3023 2212 3060 omnem

265 3097 628 3167 posteritatem
667 3097 777 3150 eius
811 3098 1015 3164 generis
1043 3098 1171 3152 haec
1195 3104 1427 3169 potestas
1454 3102 1531 3154 ita
1554 3102 1818 3172 procedat.
1878 3102 2031 3155 quta
2058 3119 2213 3170 quam

265 3192 643 3246 ordinationem
672 3191 959 3246 Gerardum
989 3194 1197 3262 quidem
1222 3195 1409 3249 iustius
1437 3213 1589 3264 agere
1616 3201 1669 3250 et
1694 3197 2020 3251 advocatiam
2046 3198 2213 3264 magis

264 3290 451 3343 merito
491 3306 649 3359 quam
679 3288 953 3356 Hugonem
993 3289 1359 3345 administrare
1397 3297 1661 3362 putamuS‚
1703 3293 1826 3360 quia
1865 3296 2033 3345 aetate
2071 3294 2214 3363 prio-

263 3402 375 3438 rem
415 3403 528 3439 esse
566 3385 935 3439 intelleximus.
997 3384 1145 3448 Quod
1183 3387 1228 3438 si
1267 3391 1319 3440 81
1355 3404 1447 3440 vos
1486 3389 1560 3441 ita
1600 3405 1712 3441 esse
1744 3389 2106 3457 cognoveritiS‚
2147 3407 2213 3442 ex

264 3484 414 3550 parte
463 3481 601 3534 beati
637 3480 783 3535 Petri
832 3486 884 3535 et
928 3485 1109 3534 nostra
1153 3482 1464 3552 apostolica,
1515 3488 1692 3536 vestra
1730 3484 1891 3537 etiam.
1928 3485 2213 3555 episcopali

382 3596 422 3639 1.
454 3596 534 3640 IX.
659 3598 700 3641 2.
733 3596 1158 3654 Woffenheimense,
1189 3610 1329 3654 prope
1362 3597 1645 3643 Colmariam.
1773 3600 1815 3643 3.
1854 3600 1969 3644 1049
2001 3600 2115 3646 Nov.
2140 3601 2210 3644 18.

262 3668 321 3713 V.
352 3668 464 3725 Reg.
486 3673 610 3725 pont.
632 3670 760 3714 Rom.
792 3685 837 3715 n.
858 3672 990 3716 3197.

336 3747 466 3790 Just,
493 3751 728 3787 Bibliotheca
753 3753 797 3787 11.
1798 3753 1825 3796 9

2272 804 2387 848 1074

2255 863 2335 902 Oct.
2357 866 2405 902 29
