2730 4198
308 402 388 446 107
392 402 419 445 8

296 462 374 499 Oct.
396 464 418 500 8

299 3365 413 3408 1078

277 3423 358 3462 Oct.
380 3427 428 3462 22

451 267 558 318 328
969 277 1242 315 GREGORH
1280 278 1357 313 vn
1395 276 1659 314 Rnffls‘rm
1698 277 1753 313 v1
1779 277 1816 313 4.
1845 277 1880 314 5.

451 414 571 467 ceps
611 411 813 462 caveaS,
853 410 918 447 ne
956 392 1253 446 huiusmodi
1292 395 1473 445 contra
1509 408 1604 445 nos
1642 393 1935 447 temeritate
1972 394 2255 463 rescribaS‚
2302 395 2394 448 sed

449 493 624 563 potius
665 491 730 543 ad
768 490 1077 542 documenta
1115 492 1412 541 sanctorum
1452 492 1686 558 patrum,
1736 505 1867 557 quae
1903 492 1956 543 te
1995 489 2138 560 loqui
2178 495 2230 545 et
2267 491 2393 545 scri-

450 588 571 641 bere
593 586 826 653 doceant,
855 584 1120 637 humiliter
1146 600 1408 650 recurras3
1438 587 1490 637 et
1515 583 1798 637 secundum
1824 588 2057 639 tenorem
2082 586 2392 656 litterarum,

452 699 672 752 quarum
708 680 974 750 exemplar
1009 679 1104 733 tibi
1130 679 1551 748 transmittimus,
1591 679 1846 750 praedicti
1870 680 2095 735 hominis
2122 683 2393 751 negocium

453 778 518 831 ad
554 776 712 830 finem
750 776 1033 846 perducere
1074 776 1308 829 studeas:

610 874 703 927 Vir
740 875 835 926 iste
875 873 1254 926 Weremboldus
1302 875 1509 925 nomine
1548 881 1852 941 conquestus
1892 883 1987 938 est,
2039 892 2091 926 se
2136 876 2325 928 iniuste
2361 895 2395 928 a

452 982 499 1023 te
539 971 1031 1022 excommunicatum
1077 988 1191 1020 cum
1237 987 1400 1021 uxore
1450 988 1547 1020 sua
1595 986 1700 1020 esse
1710 987 1728 1030 ,·
1776 970 1914 1020 unde
1961 969 2065 1022 sibi
2109 972 2200 1022 via:
2233 971 2396 1037 fidem

452 1066 693 1117 adhibere
722 1083 1018 1135 possumus.
1084 1064 1279 1117 Tamen
1325 1083 1590 1117 monemus
1622 1066 1961 1134 prudentiam
2009 1076 2178 1129 tuam,
2232 1076 2290 1118 ut
2326 1067 2398 1118 ad

451 1162 691 1213 notitiam
725 1160 1087 1230 reliqiosorum
1122 1160 1446 1229 confratrum
1482 1171 1795 1225 nostrorum,
1844 1159 2171 1213 Treverensis
2207 1162 2399 1214 scilicet

452 1257 832 1327 archiepiscopi
844 1252 857 1275 ¹
896 1267 942 1308 et
980 1257 1244 1308 Mettensis
1293 1251 1550 1326 episcopi²

1552 1296 1568 1321 ,
1620 1257 1772 1308 liuius
1823 1258 1902 1308 rei
1948 1276 2159 1309 causam
2198 1258 2399 1325 deferre

436 1352 622 1420 facias
662 1370 936 1420 eorumque
975 1352 1190 1404 consilio
1231 1362 1277 1403 et
1313 1353 1508 1404 iudicio
1549 1353 1781 1421 diffinire
1810 1371 2080 1422 procures.
2145 1354 2231 1406 De
2267 1364 2402 1407 veste

450 1465 569 1499 vero
608 1447 913 1498 monachica
952 1458 999 1500 et
1023 1447 1132 1499 velo
1160 1449 1401 1517 imposito
1434 1458 1481 1500 et
1496 1450 1726 1518 pecunia
1753 1449 1931 1502 ablata
1957 1451 2233 1502 eorundem
2258 1452 2396 1503 testi-

450 1544 624 1594 monio
665 1552 711 1594 et
747 1543 1000 1593 iustitiam
1021 1541 1209 1609 facere
1247 1553 1293 1595 et
1327 1546 1583 1595 rationem
1619 1563 1811 1613 ponere
1848 1563 1954 1597 non
1990 1563 2190 1598 recuses
2199 1565 2217 1608 ,⁰
2265 1564 2397 1615 qua-

451 1640 588 1690 tinus
627 1637 731 1688 sibi
768 1639 1085 1689 occasionem
1114 1638 1491 1707 proclamandi
1526 1639 1737 1707 auferas
1777 1651 1824 1692 et
1860 1650 1906 1692 te
1942 1643 2117 1710 ipsum
2155 1641 2218 1693 ab
2259 1643 2402 1693 omni

451 1735 778 1785 accusatione
812 1743 1075 1802 proteyas,
1117 1735 1346 1786 iustitiae
1392 1736 1685 1804 inteyritate
1723 1745 1770 1787 et
1807 1738 2059 1788 canonica
2097 1739 2424 1790 auctoritate⁴

451 1840 655 1881 servata
691 1830 750 1880 in
790 1829 1041 1880 omnibus.

599 1923 1100 1993 Contemptores
1141 1923 1335 1994 quippe
1375 1924 1607 1994 synodi
1644 1925 1701 1978 in
1738 1925 2008 1995 praedicta
2043 1930 2224 1979 nostra
2262 1925 2401 1980 salu-

451 2015 679 2073 tatione³
716 2019 835 2072 illos
883 2023 1152 2088 notamuS‚
1204 2021 1294 2089 qui
1342 2019 1514 2090 aliquo
1562 2020 1772 2088 ingenio
1811 2021 1896 2075 vel
1933 2021 2184 2075 violentia
2230 2023 2403 2076 conati

453 2120 575 2169 sunt
612 2115 892 2185 impedire,
942 2132 1008 2169 ne
1056 2116 1333 2170 concilium
1381 2120 1471 2169 aut
1509 2121 1791 2170 conventus
1830 2116 1979 2172 fieret
2014 2118 2070 2171 in
2106 2118 2401 2172 Teutonicis

451 2211 708 2281 partibuS,
734 2212 791 2264 in
818 2228 918 2280 quo
946 2211 1144 2265 sollerti
1169 2212 1506 2281 inquisitione
1531 2217 2001 2281 recognosceretur,
2040 2218 2217 2267 utrum
2242 2214 2401 2268 Hein-

451 2308 559 2361 rioo
601 2325 668 2360 an
705 2307 926 2360 Rodulfo
966 2308 1134 2375 magis
1172 2308 1374 2361 iustitia
1408 2308 1608 2362 faveret
1646 2309 1709 2362 de
1748 2308 2095 2376 gubernaculo
2133 2310 2281 2377 regni
2293 2307 2325 2362 ⁴.

600 2403 847 2456 Preterea
894 2404 1026 2457 scire
1072 2421 1164 2457 vos
1202 2404 1470 2472 volumuS‚
1521 2421 1616 2457 nos
1661 2404 1847 2458 horum
1884 2405 2193 2474 portitorem
2232 2405 2402 2459 absol-

455 2499 592 2552 visse
632 2499 696 2552 ab
736 2499 1294 2567 excommunicatione,
1343 2500 1531 2553 timore
1568 2500 1752 2552 mortis
1799 2499 1940 2553 facta
1978 2501 2042 2554 ab
2082 2518 2141 2554 eo
2179 2502 2403 2571 promis-

456 2595 600 2648 sione
647 2595 703 2648 in
750 2599 932 2648 nostra
977 2612 1163 2648 manu:
1217 2613 1271 2649 se
1319 2596 1496 2648 omnia
1540 2596 1801 2649 facturum
1852 2596 2135 2649 secundum
2172 2601 2402 2651 vestram

454 2691 766 2760 iussionem,
808 2691 1022 2744 consilio
1062 2692 1448 2761 praedictorum
1487 2692 1849 2762 episcoporum
1886 2692 2095 2746 factam.
2172 2693 2311 2747 Data
2347 2693 2403 2746 in

456 2787 620 2855 burgo
659 2787 1121 2856 Aquaependentis
1162 2789 1193 2841 8
1234 2787 1354 2840 Idus
1394 2787 1651 2856 OctobriS‚
1690 2788 1974 2843 indictione
2014 2791 2062 2843 2.

455 3037 535 3100 VI
563 3044 618 3099 5.
660 3044 987 3097 Herimanno
1029 3047 1268 3116 episcopo
1309 3047 1554 3099 Mettensi
1588 3048 1909 3099 commendat
1945 3047 2253 3116 Popponem
2291 3047 2401 3115 epi-

658 3159 872 3211 scopum
917 3141 967 3194 T
963 3142 1208 3194 ullensem
1217 3182 1232 3207 ,
1273 3143 1553 3211 infamiam
1591 3143 1805 3194 amoliri
1842 3143 2139 3211 cupientem.
2204 3141 2400 3206 Monet,

660 3237 899 3290 ecclesiae
937 3238 1073 3290 bona
1109 3257 1173 3290 ne
1209 3238 1459 3293 militibus
1501 3239 1774 3308 laryiatur.

605 3359 886 3430 Gregorius
927 3363 1200 3433 episcopus
1252 3380 1430 3417 servus
1471 3379 1735 3417 servorum
1775 3361 1875 3415 Dei
1913 3359 2234 3414 Herimanno
2271 3360 2404 3415 Met-

458 3456 594 3509 tensi
632 3457 876 3528 episcopo
917 3458 1140 3512 salutem
1178 3462 1230 3513 et
1268 3459 1607 3530 apostolicam
1645 3456 2074 3512 benedictionem.

578 3586 617 3628 1.
658 3585 844 3631 Udonis.
1004 3589 1045 3632 2.
1076 3589 1354 3633 Herimanni.
1512 3589 1554 3632 3.
1586 3599 1723 3644 supra
1751 3586 1798 3630 in
1827 3586 1978 3630 limine
2009 3585 2142 3630 huius
2172 3585 2402 3643 epistolae.

458 3656 500 3701 4.
542 3655 610 3701 Of.
643 3670 712 3714 ep.
738 3659 763 3702 1
795 3672 932 3715 supra
961 3673 1005 3717 p.
1031 3660 1132 3704 321.
