2730 4198
485 306 594 359 340
973 317 1247 357 Gnnconn
1283 318 1363 354 vn
1399 316 1663 355 Rnc1srn1
1699 317 1845 354 v11o.
1874 318 1935 354 11.

317 442 432 487 1078
633 436 798 500 Quam
836 434 1059 488 fideliter
1098 450 1355 503 quamque
1393 433 1658 487 humiliter
1695 433 1846 487 beato
1871 433 2042 504 Petr0,
2083 452 2271 506 nempe
2299 452 2423 506 apo-

291 502 387 540 Nov.
407 503 454 540 ²⁵
485 532 734 586 stolorum
772 530 1015 601 principi,
1055 530 1329 583 Ravennas
1358 529 1575 583 ecclesia
1601 546 1804 599 semper
1832 530 2125 586 adhaeserit
2151 535 2423 601 quantam-

486 645 584 697 que
622 627 779 680 matri
819 643 966 695 suae,
1008 629 1216 679 sanctae
1255 625 1496 679 videlicet
1532 624 1798 678 Romanae
1838 626 2107 696 ecclesiae,
2148 627 2423 681 oboedien-

482 724 611 777 tiam
637 723 693 776 in
720 723 957 777 omnibus
986 722 1294 790 exhibuerit,
1335 725 1509 775 vestra
1533 721 1835 774 fraternitas
1864 723 2058 791 optime
2082 724 2243 777 novit.
2303 719 2424 776 Ille¹

484 824 681 888 autem,
742 818 831 889 qui
886 834 1025 872 nunc
1075 817 1321 872 ecclesiae
1368 817 1685 871 Ravennatis
1737 817 2009 888 episcopus
2059 835 2170 872 esse
2215 819 2422 887 dicitur,

483 916 738 985 quomodo
779 931 910 983 eam,
952 914 1076 967 olim
1114 917 1220 967 tam
1251 913 1563 967 ditissimam
1590 930 1745 982 quam
1774 913 1931 966 etiam
1956 914 2422 983 religiosissimam,

481 1012 756 1082 tyrannica
794 1010 1163 1081 depredatione
1202 1009 1550 1063 devastaverit
1589 1012 1640 1062 et
1664 1009 1995 1077 inreligiosae
2021 1010 2158 1064 vitae
2185 1010 2423 1081 exemplo

482 1107 788 1177 corruperit,
829 1109 880 1160 et
918 1122 1010 1159 vos
1049 1105 1294 1176 patiendo
1333 1106 1658 1174 videndoque
1698 1106 1932 1159 sensistis
1970 1109 2021 1159 et
2044 1122 2139 1159 nos
2167 1110 2306 1159 certo
2335 1123 2425 1160 ex-

480 1203 771 1274 perimento
811 1202 1101 1256 didicimus
1163 1201 1263 1255 Sed
1292 1202 1429 1271 quia,
1469 1201 1549 1254 his
1577 1201 1729 1254 malis
1759 1201 1977 1271 aliisque
2005 1219 2161 1271 quam
2186 1201 2424 1273 pluribus

479 1297 691 1367 flagitiis
730 1298 964 1351 irretitus
1004 1301 1158 1366 atque
1196 1297 1443 1368 pollutus,
1483 1315 1549 1351 ne
1589 1298 1738 1366 argui
1775 1299 1942 1368 possit
1980 1303 2134 1368 atque
2170 1298 2423 1367 convinci,

482 1394 755 1464 superbiae
793 1394 934 1447 fastu
973 1393 1155 1459 elatuS,
1196 1397 1376 1447 contra
1415 1394 1769 1464 apostolorum
1807 1395 2100 1465 principem
2126 1394 2424 1448 calcaneum

480 1489 648 1543 erexit
697 1494 748 1542 et
784 1489 839 1542 in
877 1488 1288 1556 inoboedientia,
1339 1506 1470 1558 quae
1510 1490 1692 1544 sceleri
1731 1494 2064 1561 comparatur
2101 1490 2375 1544 idolatriae
2387 1486 2422 1559 ²,

477 1588 804 1656 perseverat,
852 1601 971 1637 eum
1010 1585 1121 1638 sine
1162 1601 1254 1654 spe
1291 1587 1700 1656 recuperationis
1743 1566 1969 1656 Spiritus
2010 1587 2177 1640 sancti
2214 1587 2422 1655 iudicio,

479 1680 795 1751 apostolicae
835 1680 972 1734 sedis
1015 1680 1338 1749 auctoritate,
1379 1680 1435 1733 in
1475 1686 1654 1735 sancta
1679 1681 1914 1735 Romana
1952 1683 2149 1753 synodo
2191 1699 2303 1736 esse
2336 1683 2424 1736 de-

477 1777 724 1847 positum,
747 1776 1103 1847 praesentium
1123 1776 1330 1830 indiciis
1350 1776 1709 1830 indubitanter
1730 1778 2038 1845 cognoscite.
2080 1777 2423 1848 Quapropter,

475 1877 535 1926 ut
571 1873 770 1926 nullam
810 1873 858 1927 ei
898 1873 1159 1943 deincepS,
1202 1890 1333 1941 quae
1374 1872 1615 1943 episcopo
1654 1873 1885 1942 debetur,
1928 1873 2308 1927 oboedientiam
2336 1890 2425 1926 ex-

475 1969 714 2038 hibeatis,
757 1969 996 2023 omnibus
1035 1969 1182 2023 vobis
1222 1968 1361 2022 beati
1386 1967 1528 2021 Petri
1565 1969 1918 2039 apostolorum
1956 1970 2209 2040 principis
2249 1973 2424 2023 aucto-

475 2065 632 2119 ritate
669 2066 1036 2136 praecipimus.
1118 2064 1174 2118 Si
1214 2065 1301 2135 qui
1339 2082 1487 2138 ver0,
1529 2067 2081 2120 excommunicationis
2120 2067 2425 2134 contagione

474 2162 760 2231 vulnerati,
800 2162 882 2215 his
922 2161 1201 2215 salutiferis
1243 2162 1356 2214 ausi
1392 2161 1588 2214 fuerint
1636 2179 1928 2231 repugnare
1966 2163 2286 2232 praeceptiS,
2337 2178 2424 2215 eos

476 2257 638 2311 veluti
676 2258 889 2329 putrida
926 2257 1162 2311 membra
1201 2274 1232 2310 a
1268 2260 1377 2310 toto
1418 2273 1634 2326 corpore
1662 2256 1872 2326 Christi,
1914 2258 2051 2326 quod
2090 2262 2169 2311 est
2208 2257 2425 2310 ecclesia

477 2354 747 2423 catholica,
789 2353 1137 2407 anathematis
1176 2352 1348 2421 gladio
1387 2369 1682 2406 resecamus
1722 2357 1877 2421 atque
1903 2353 2201 2424 proicimus
2262 2352 2423 2406 Vobis

480 2454 670 2518 autem,
709 2449 877 2503 Deum
909 2449 1241 2518 diligentibus
1270 2453 1322 2502 et
1346 2449 1495 2502 beato
1522 2448 1676 2502 Petro
1705 2449 2114 2518 oboedientibus,
2155 2466 2220 2503 ex
2248 2453 2424 2502 aucto-

476 2546 632 2599 ritate
673 2546 905 2599 eiusdem
945 2545 1298 2616 apostolorum
1337 2545 1589 2615 principis
1624 2546 1855 2598 omnium
1880 2549 2212 2615 peccatorum
2237 2545 2423 2599 remis-

479 2642 678 2695 sionem
702 2641 969 2710 largimur.
1019 2642 1158 2695 Data
1182 2640 1344 2694 Rome
1374 2643 1402 2694 7
1425 2640 1686 2695 Kalendas
1712 2641 2034 2711 DecembriS,
2060 2641 2343 2695 indictione
2371 2642 2419 2694 2.

476 2810 556 2874 VI
585 2817 682 2874 11.
719 2818 930 2872 Clericis
972 2819 1030 2873 S.
1058 2819 1269 2872 Mariae
1294 2818 1543 2871 Lucensis
1578 2820 1842 2872 interdicit
1879 2820 2101 2872 ecclesiis
2139 2820 2418 2883 intrandi&

714 2918 823 2969 nisi
867 2927 960 2969 aut
1003 2918 1062 2968 in
1108 2917 1464 2967 communione
1510 2915 1762 2968 bonorum
1816 2918 1995 2968 vivant
2047 2926 2139 2968 aut
2185 2915 2422 2967 ecclesiae

713 3013 1065 3082 praebendam
1103 3011 1350 3064 Anselmo
1391 3011 1461 3063 II
1491 3013 1730 3082 episcopo
1768 3013 2004 3064 reddant.

310 3129 424 3172 1078
626 3119 906 3189 Gregorius
934 3122 1207 3192 episcopus
1235 3138 1415 3175 servus
1444 3138 1710 3176 servorum
1730 3121 1830 3175 Dei
1857 3121 2055 3175 clericis
2085 3119 2262 3173 Sancti
2282 3118 2421 3173 Mar-

286 3188 380 3226 N0v'
400 3190 446 3226 28
477 3216 578 3269 tini
613 3215 864 3271 Lucensis
903 3217 1151 3272 ecclesiae
1190 3217 1412 3272 salutem
1451 3221 1502 3271 et
1541 3218 1880 3288 apostolicam
1917 3198 2342 3271 benedictionem.

626 3311 757 3366 Cum
796 3313 937 3384 apud
972 3331 1064 3367 vos
1104 3310 1380 3383 essemUS3,
1421 3314 1693 3384 sepissime
1732 3330 1822 3367 vos
1860 3330 1954 3383 per
1979 3329 2074 3365 nos
2101 3315 2152 3365 et
2176 3329 2272 3381 per
2299 3328 2420 3365 con-

476 3407 663 3461 fratres
702 3412 907 3462 nostros
948 3410 1356 3463 ammonuimus:
1396 3410 1476 3463 uti
1514 3409 1796 3463 secundum
1830 3407 2161 3478 privilegium
2189 3411 2420 3461 anteces-

478 3519 654 3557 sorum
691 3509 1006 3574 nostrorum,
1046 3506 1213 3559 sancti
1246 3505 1488 3559 videlicet
1511 3505 1702 3559 Leonis
1729 3521 1897 3575 papae
1924 3508 1976 3557 et
1999 3503 2241 3572 VictoriS,
2283 3503 2421 3572 quod

475 3598 709 3668 ipsorum
748 3604 873 3654 tunc
911 3602 1278 3655 canoni-corum
1315 3605 1520 3654 vestrae
1559 3601 1806 3655 ecclesiae
1831 3603 2017 3667 rogatu
2042 3599 2145 3668 ipsi
2172 3599 2421 3652 ecclesiae

595 3707 635 3749 1.
658 3706 903 3753 Wibertus.
1025 3711 1066 3753 2.
1095 3708 1162 3753 Cf.
1187 3710 1212 3752 1
1228 3709 1340 3765 Reg.
1360 3710 1429 3765 15,
1447 3710 1519 3753 23.
1640 3710 1682 3754 3.
1709 3707 1776 3753 Of.
1799 3707 1953 3754 Lib.V
1969 3719 2038 3764 ep.
2059 3707 2084 3751 1
2107 3719 2243 3763 supra
2262 3720 2306 3763 p.
2318 3706 2418 3750 288.
