2730 4198
515 294 623 348 556
838 309 1111 347 GREGORn
1149 310 1226 345 vn
1264 309 1571 345 ΕΡΙεΤοιΑΕ
1610 308 1949 347 COLLEOTAE.
1981 309 2042 345 29.
2070 310 2131 346 :30.

371 430 484 473 1079
517 430 568 479 et
604 443 699 496 per
726 430 909 494 totam,
947 429 1006 478 ut
1031 425 1305 492 credimus,
1346 424 1779 477 christianitatem
1805 425 2036 478 famosus
2065 429 2117 478 et
2143 426 2450 481 venerabilis

367 489 484 538 (ΑΝ)
514 525 691 574 tantae
728 521 1042 588 ignominiae
1080 519 1310 589 periculo
1350 519 1652 573 subiaceret.
1713 518 2055 589 Quapropter,
2100 521 2252 574 huius
2289 525 2451 576 teme-

515 617 685 669 ritatis
723 633 914 668 noxam
952 615 1172 667 inultam
1213 631 1324 668 esse
1363 631 1466 667 non
1504 614 1730 667 ferentes
1758 644 1824 650 ——
1854 617 2164 684 praesertim
2202 631 2338 684 cum,
2375 616 2452 669 lo-

515 728 633 764 cum
671 716 899 764 vestrum
940 710 1191 763 violatum
1232 727 1344 763 esse
1385 714 1437 763 et
1474 709 1710 779 exemplo
1744 709 1897 762 huius
1922 710 2168 764 facinoris
2195 711 2454 765 deteriora

513 823 667 875 posse
693 806 839 859 vobis
867 806 1180 872 contingere,
1221 806 1604 874 perpendamus
1632 835 1699 842 ——-
1731 805 2093 859 admonemus:
2132 810 2192 859 ut
2217 806 2450 860 divinum

514 900 739 954 officium
785 901 842 953 in
888 900 1104 954 ecclesia
1152 900 1291 953 beati
1337 900 1605 954 Benedicti
1653 917 1759 953 non
1806 901 2036 967 faciatis;
2096 901 2213 968 sed,
2265 901 2452 955 altaria

514 997 689 1048 omnia
728 1013 858 1064 quac
895 996 1036 1048 intus
1077 999 1198 1048 sunt
1236 995 1558 1063 detegenteS,
1614 1000 1862 1064 quantum
1903 997 1971 1049 sit
2007 995 2305 1049 huiusmodi
2340 996 2451 1049 vio-

511 1091 729 1144 lacionis
767 1091 1074 1160 periculum,
1117 1107 1346 1159 quosque
1386 1107 1694 1158 cognoscere
1731 1091 1950 1144 faciatis,
2013 1090 2069 1144 Si
2107 1091 2246 1144 enim
2283 1091 2340 1144 in
2370 1107 2451 1144 ec-

513 1185 670 1238 clesia
708 1186 875 1238 sancti
899 1184 1059 1253 Petri,
1099 1186 1325 1238 humano
1366 1187 1617 1254 sanguine
1655 1203 1913 1256 respersa,
1955 1186 2189 1239 divinum
2224 1185 2451 1239 officium

510 1296 616 1333 non
654 1280 765 1332 sine
804 1280 1040 1347 diligenti
1078 1281 1496 1334 reconciliatione
1536 1282 1840 1350 celebratur,
1886 1281 2050 1334 multo
2090 1282 2256 1349 magis
2292 1282 2450 1350 istud,

512 1374 650 1442 quod
704 1375 758 1426 in
817 1375 1034 1428 ecclesia
1081 1375 1220 1428 beati
1268 1375 1536 1430 Benedicti
1583 1378 1925 1446 perniciosius
1973 1377 2307 1430 commissum
2354 1381 2449 1445 est,

511 1470 827 1538 competenti
863 1470 1063 1537 indiget
1103 1471 1415 1539 expiatione.
1472 1455 1580 1525 >Vos
1618 1472 1794 1541 itaque
1834 1474 2242 1543 omnipotentem
2268 1471 2451 1526 Domi-

510 1581 634 1616 num
672 1565 928 1618 instanter
966 1565 1336 1634 deprecamini,
1378 1571 1436 1619 ut
1473 1568 1724 1621 tristiciae
1753 1569 1943 1621 mentis
1969 1571 2181 1621 nostrae
2207 1568 2452 1635 dignetur

510 1676 666 1729 super
704 1659 800 1713 hac
836 1676 894 1713 re
931 1659 1082 1713 nobis
1122 1660 1533 1714 consolacionem
1570 1662 1873 1731 impendere
1913 1667 1965 1715 et
2003 1663 2068 1715 ad
2103 1663 2451 1732 reparandam

508 1755 564 1807 in
603 1755 745 1808 omni
783 1758 1040 1808 vestramn
1078 1755 1402 1824 dignitatem,
1442 1757 1612 1809 modis
1640 1757 1825 1826 quibus
1853 1757 2015 1825 decet,
2053 1774 2149 1810 nos
2175 1758 2448 1812 instruere.

514 1930 614 1987 30.
654 1933 720 1983 M
724 1932 946 1984 onachos
987 1930 1287 1984 Casinences
1335 1934 1606 1985 interdicto
1656 1951 1824 2003 nuper
1869 1936 1925 1985 in
1974 1952 2056 1987 eos
2104 1936 2338 2004 irroyato
2389 1935 2450 1988 ob

656 2030 932 2080 instantem
970 2030 1284 2080 ascensionis
1308 2028 1511 2097 fectum
1549 2026 1814 2081 absolvitb.

364 2146 478 2189 1079
661 2135 940 2205 Gregorius
990 2137 1263 2207 episcopus
1313 2154 1493 2191 servus
1543 2155 1813 2191 servorum
1851 2138 1951 2191 Dei
1998 2139 2283 2192 venerabili
2329 2155 2451 2192 con-

360 2204 478 2253 (Apr')
510 2233 800 2300 gregationi
850 2231 1175 2286 Cassinensis
1233 2233 1468 2286 coenobii
1524 2233 1746 2286 salutem
1803 2238 1855 2287 et
1911 2234 2249 2303 apostolicam
2295 2234 2450 2287 bene·

510 2327 803 2381 dictionem.

656 2421 852 2491 Nuper,
894 2423 1219 2477 dilectissimi
1255 2423 1460 2490 fratres,
1499 2439 1612 2490 nOS,
1653 2422 1905 2475 violencia
1940 2422 2199 2489 sacrilegii
2223 2422 2344 2476 huic
2367 2441 2449 2477 re-

509 2518 872 2571 verentissimo
919 2518 1032 2572 loco
1070 2518 1220 2572 illata
1258 2517 1539 2588 compulsi,
1591 2521 1795 2571 vestrae
1833 2517 2080 2571 ecclesiae
2119 2516 2347 2571 officium
2384 2519 2450 2572 ob

510 2616 714 2666 tantum
751 2614 952 2666 facinus
989 2614 1277 2681 irrogatum
1313 2614 1693 2667 interdiximus,
1742 2613 1938 2666 Verum
1977 2613 2100 2682 quia
2135 2613 2450 2667 ascensionis

510 2708 723 2762 Domini
774 2705 1163 2779 sollempnitas¹
1199 2712 1309 2762 toto
1348 2709 1660 2763 venerabilis
1711 2708 1824 2762 orbi
1870 2725 2009 2761 nunc
2045 2709 2310 2776 imminet,
2356 2725 2450 2762 no-

509 2804 675 2858 lentes
713 2805 818 2857 iam
857 2809 1074 2874 propter
1114 2804 1331 2857 alicuius
1372 2804 1537 2857 scelus
1576 2805 1632 2856 in
1669 2808 1815 2857 tanto
1853 2804 1987 2857 festo
2014 2807 2124 2856 tam
2148 2795 2450 2881 religiosum

510 2900 681 2954 locum
713 2899 881 2953 officio
908 2900 1120 2970 pietatis
1147 2916 1340 2968 carere,
1382 2899 1720 2968 decrevimus,
1762 2904 1813 2952 et
1837 2917 1927 2952 vos
1956 2903 2008 2953 et
2033 2899 2253 2952 eundem
2278 2898 2449 2952 locum

512 2996 575 3049 ab
621 2996 897 3049 interdicto
949 2995 1231 3049 absolvere.
1313 2994 1669 3065 Quapropter,
1723 2995 2009 3065 apostolica
2052 2994 2450 3048 mansuetudine

512 3092 670 3159 ducti,
708 3091 976 3144 reddimus
1017 3095 1068 3144 et
1107 3090 1354 3144 ecclesiae
1393 3081 1740 3144 ministerium
1781 3095 1832 3144 et
1857 3090 2054 3168 cultum
2078 3089 2372 3156 religionis⁰
2398 3094 2450 3143 et

512 3186 775 3240 devotioni
811 3190 1016 3240 vestrae
1053 3186 1320 3240 licentiam
1359 3187 1669 3243 celebrandi.
1800 3181 2054 3239 Volumus
2092 3185 2256 3238 eciam
2294 3187 2449 3252 atque

512 3299 756 3349 rogamus
796 3282 1069 3336 caritatem
1105 3286 1351 3350 vestram,
1389 3286 1449 3336 ut
1485 3282 1652 3335 nost-ri
1688 3298 1943 3335 memores
1973 3297 2068 3350 pro
2094 3279 2251 3333 nobis:
2268 3296 2448 3349 preces

511 3377 742 3431 fundatis
791 3377 857 3430 ad
894 3377 1203 3445 Dominum,
1251 3394 1348 3447 pro
1400 3381 1539 3431 statu
1578 3388 1781 3446 quoque
1820 3379 2028 3429 sanctae
2063 3374 2329 3429 Romanae
2366 3391 2448 3429 ec-

628 3490 661 3516 a.
694 3480 818 3516 vestre
846 3481 883 3516 2.
1043 3479 1082 3516 b.
1117 3481 1179 3516 Ex
1207 3482 1311 3516 Petri
1344 3480 1444 3517 diac.
1473 3482 1616 3530 registr.
1641 3481 1714 3525 fol.
1733 3480 1780 3516 21
1808 3493 1844 3515 n.
1863 3478 1912 3515 35
1946 3477 2066 3515 edidit
2099 3474 2137 3523 1)
2166 3478 2323 3532 Gattula
2350 3479 2452 3522 Hist,

514 3545 689 3581 abbatiae
717 3547 845 3583 δαείη.
868 3558 907 3593 p.
928 3545 1023 3591 149,
1060 3543 1097 3592 2)
1126 3547 1231 3583 Tosii
1253 3547 1381 3584 Storia
1409 3545 1452 3582 di
1477 3547 1706 3582 Montecass.
1733 3547 1755 3581 Ι
1779 3543 1868 3580 428.
2029 3553 2062 3579 ο.
2097 3542 2345 3580 ministerium
2371 3542 2447 3579 oul-

510 3609 664 3657 tumque
689 3609 877 3657 religiosis
904 3611 940 3647 2.

631 3673 671 3716 1.
702 3673 806 3716 Mai.
827 3674 870 3717 2.
