2730 4198
511 279 620 330 650
1007 291 1354 330 Bonlrnoms
1391 293 1468 329 AD
1508 292 1733 330 AMICUM
1770 294 1878 331 Lm.
1905 295 1964 331 v1

334 413 481 458 1067?
513 413 564 462 et
603 409 692 478 qui
731 408 874 462 velut
910 409 1086 478 biceps
1126 407 1334 460 coluber
1370 424 1465 477 per
1502 406 1702 461 fistulas
1741 409 2066 476 geminarum
2104 410 2332 464 faucium
2356 429 2447 466 ne-

511 504 712 573 quiciae
762 522 886 558 suae
934 521 1090 574 super
1138 519 1230 556 vos
1277 519 1478 556 venena
1519 504 1760 572 nequiter
1799 505 2094 574 evomebat,
2147 507 2312 560 sancti
2348 507 2449 562 zeli

507 602 670 655 vestri
716 601 849 655 telo*
886 601 1204 671 perfossum,
1254 603 1408 669 atque
1453 600 1715 669 precisum
1763 616 1818 653 se
1863 600 2072 654 virtutis
2109 606 2315 656 vestrae
2352 619 2448 673 pu-

507 698 659 766 gione
699 696 942 767 suspirat.
1001 696 1180 764 Plane,
1223 697 1311 766 qui
1360 696 1589 765 serpenti
1627 694 1822 748 dudum
1858 696 1914 749 in
1951 697 2195 775 paradise
2234 698 2448 753 damna-

507 794 665 847 tionis
706 797 915 846 eternae
953 792 1203 846 iudicium
1241 791 1435 860 intulit,
1475 792 1588 861 ipse
1627 807 1718 845 vos
1758 791 2005 845 adversus
2031 792 2336 847 modernam
2363 810 2448 848 00-

506 889 633 943 culti
672 888 911 942 draconis
952 888 1201 941 astutiam
1249 887 1566 942 unanimiter
1603 887 1858 940 incitavit.
2009 886 2176 951 Quam
2214 888 2279 942 ob
2315 906 2445 959 rem,

503 984 592 1038 utb
631 985 826 1038 sanctis
865 984 1133 1038 conatibus
1173 984 1360 1038 vestris
1400 984 1557 1037 etiam
1583 982 1736 1036 huius
1765 986 1942 1036 sancte
1969 983 2106 1037 sedis
2134 983 2447 1054 apostolicae

506 1080 719 1134 accedat
766 1080 940 1149 vigor,
989 1080 1088 1133 hoc
1125 1080 1300 1150 ipsum
1340 1079 1480 1150 apud
1516 1095 1608 1132 vos
1646 1095 1741 1149 per
1780 1079 1955 1132 omnia
1992 1079 2317 1133 decernimus
2357 1080 2447 1135 ob-

504 1176 843 1244 servandum,
885 1176 1021 1244 quod
1062 1192 1092 1228 a
1130 1175 1323 1229 sanctis
1361 1174 1815 1246 predecessoribus
1853 1175 2047 1228 nostris
2087 1178 2139 1229 et
2178 1192 2209 1228 a
2247 1176 2445 1230 cunctis

500 1288 635 1342 pene
662 1275 962 1324 sanctorum
989 1287 1247 1324 canonum
1274 1270 1626 1324 conditoribus
1651 1287 1758 1324 non
1784 1270 2094 1339 ambigimus
2118 1271 2444 1326 institutum:

501 1366 744 1420 videlicet
792 1369 851 1418 ut
898 1369 1008 1419 tam
1056 1366 1360 1420 subdiaconi
1407 1383 1562 1435 quam
1612 1366 1841 1435 diaconi,
1899 1370 1978 1420 set
2026 1370 2078 1420 et
2122 1367 2447 1437 permaxime

502 1461 825 1529 sacerdoteS,
877 1461 965 1530 qui
1012 1461 1317 1515 mulieribus
1366 1462 1565 1515 carnali
1614 1463 1923 1516 commercio
1973 1462 2325 1517 admiscentur
2362 1464 2446 1518 vel

501 1557 804 1628 symoniaca
842 1557 996 1610 sorde
1033 1556 1223 1627 polluti
1262 1561 1399 1625 sunt,
1441 1561 1495 1611 et
1532 1557 1893 1611 ecclesiasticis
1933 1562 2146 1612 careant
2182 1557 2444 1614 beneficiis

501 1658 554 1708 et
605 1656 883 1724 perceptae
929 1652 1202 1722 priventur
1252 1651 1420 1706 officio
1470 1653 1755 1721 dignitatis.
1833 1653 2111 1721 Indignum
2158 1659 2238 1708 est
2285 1655 2444 1724 enim,

498 1752 573 1817 ut,
614 1749 703 1818 qui
741 1748 825 1803 vel
863 1765 958 1819 per
995 1749 1428 1802 incontinentiam
1467 1750 1637 1803 carnis
1662 1749 1746 1803 vel
1770 1765 1865 1820 per
1891 1749 2259 1803 commercium
2285 1748 2445 1804 sacri-

497 1844 645 1913 legae
683 1844 982 1898 venalitatis
1033 1845 1263 1916 suscepti
1310 1845 1506 1899 ordinis
1545 1846 1786 1916 privatur
1823 1845 2047 1914 honore,
2097 1845 2445 1901 ecclesiastica

496 1940 738 2011 pociatur
775 1940 996 1994 ulterius
1034 1940 1299 1995 facultate.
1434 1941 1645 1995 Ceteros
1688 1945 1859 1995 autem
1901 1941 2133 2009 clericOS,
2173 1941 2263 2011 qui
2299 1941 2444 1996 vide-

496 2036 619 2090 licet
665 2036 998 2091 inferioribus
1047 2037 1327 2107 pociuntur
1373 2036 1586 2106 officiiS,
1637 2038 1683 2091 si
1731 2037 1984 2105 legalibus
2030 2037 2284 2106 coniugiis
2322 2041 2445 2092 sunt

497 2132 730 2202 obligati,
769 2132 825 2185 in
864 2133 971 2186 suis
998 2133 1245 2201 gradibus
1271 2150 1484 2188 manere
1509 2133 1846 2204 precipimuS,
1887 2138 1940 2187 et
1965 2133 2066 2187 eis⁰
2095 2133 2444 2204 competentia

497 2228 835 2283 ecclesiastici
883 2234 1122 2300 sumptus
1170 2228 1420 2284 beneficia
1464 2247 1569 2284 11011
1606 2246 1873 2298 negamus,
2028 2228 2117 2283 Set
2154 2229 2276 2298 quia
2311 2246 2442 2282 non-

495 2324 641 2377 nulla
665 2328 842 2394 preter
867 2325 979 2394 hec,
1021 2342 1120 2395 que
1145 2325 1294 2379 vobis
1321 2330 1444 2378 sunt
1470 2325 1747 2378 admodum
1773 2325 2084 2393 necessaria,
2122 2329 2182 2377 ut
2207 2341 2238 2378 a
2262 2329 2441 2378 nostra

495 2420 871 2490 respondeatur
911 2422 1242 2490 auctoritate,
1292 2420 1586 2490 consulitiS,
1634 2421 1928 2474 hortamur:
1977 2424 2036 2473 ut
2074 2419 2170 2473 add
2208 2420 2441 2474 sinodale

495 2516 790 2585 concilium,
831 2516 969 2585 quod
1008 2521 1218 2571 auctore
1251 2517 1364 2571 Deo
1403 2520 1525 2587 post
1560 2517 1861 2587 proximum
1898 2516 2094 2586 pascha
2130 2516 2442 2570 celebraturi

496 2628 700 2681 sumuS,
747 2613 1031 2683 prudentes
1073 2630 1138 2667 ex
1176 2614 1322 2667 vobis
1361 2614 1501 2667 viros
1539 2613 1718 2667 venire
1756 2629 1862 2665 non
1897 2613 2103 2682 pigeat3
2146 2613 2235 2681 qui
2271 2612 2439 2681 nobiS,

497 2708 741 2778 quicquid
779 2708 1092 2777 exigendum
1133 2713 1213 2763 est
1249 2710 1540 2778 vestrisque
1566 2708 1879 2762 utilitatibus
1908 2708 2295 2777 conferendum,
2333 2724 2441 2762 non

494 2822 590 2876 per
626 2805 849 2858 indicia⁸
887 2805 1180 2858 litterarum
1221 2809 1301 2859 set
1337 2822 1432 2876 per
1469 2805 1620 2859 vivae
1657 2805 1799 2859 vocis
1828 2803 2056 2858 officium
2080 2807 2322 2874 patenter
2349 2821 2438 2858 ex-

492 2905 708 2972 ponant.
786 2900 923 2954 Huic
971 2901 1108 2955 enim
1161 2900 1324 2970 bello,
1375 2901 1514 2971 quod
1562 2901 1674 2955 zelo
1725 2901 1890 2954 divini
1926 2900 2145 2954 fervoris
2185 2899 2310 2953 estis
2349 2916 2438 2967 ag-

494 2997 684 3066 gressi,
732 3013 838 3050 non
884 2997 1113 3065 segniter
1160 3001 1240 3051 set
1291 2998 1433 3051 omni
1478 2997 1687 3051 virtutis
1727 2996 1980 3050 instantia
2015 2995 2251 3049 Romana
2288 2995 2436 3049 sedes

495 3093 734 3162 accurrit,
774 3093 1044 3147 brachium
1083 3094 1323 3164 porrigit,
1364 3093 1591 3164 clipeum
1621 3093 1936 3147 defensionis
1966 3092 2207 3163 obponit3
2249 3094 2301 3144 et
2324 3107 2435 3160 vOS,

493 3192 553 3242 ut
600 3189 768 3257 magis
816 3205 877 3243 ac
913 3190 1080 3257 magis
1120 3193 1302 3243 contra
1340 3189 1558 3243 menbra
1595 3189 1789 3243 diaboli
1826 3206 1933 3243 non
1970 3188 2228 3242 enerviter
2263 3187 2437 3240 insur-

492 3301 615 3354 gere
641 3285 890 3353 debeatiS,
931 3285 1181 3339 accendit.
1239 3285 1404 3354 Igitur
1428 3285 1784 3355 unusquisque
1809 3289 2059 3352 vestrum,
2100 3283 2305 3336 divinae
2330 3282 2436 3336 vir-

491 3382 619 3436 tutis
657 3397 904 3435 mucrone
940 3381 1264 3452 precinctuS,
1315 3381 1479 3435 dicat:
1531 3382 1599 3437 Si
1635 3385 1752 3453 quis
1791 3394 1865 3436 est
1899 3382 2147 3446 Domini,
2187 3382 2438 3450 iunqatur

492 3496 688 3531 mecum
704 3474 717 3498 ¹
726 3498 744 3541 ,·
785 3477 961 3547 sicque
999 3494 1119 3531 cum
1142 3476 1324 3548 Moyse
1351 3477 1500 3547 quasi
1535 3477 1599 3532 de
1628 3482 1781 3548 porta
1804 3478 1860 3531 in
1883 3479 2091 3547 portam
2116 3471 2435 3528 castrorum²

609 3592 642 3617 a.
677 3579 759 3618 zelo
788 3581 873 3618 cod.
1010 3580 1048 3617 b.
1083 3581 1127 3617 ut
1153 3581 1308 3618 addidit
1337 3580 1559 3618 Walter-ich.
1698 3591 1730 3618 c.
1764 3579 1820 3617 eis
1847 3578 1998 3617 addidi.
2135 3576 2172 3614 d.
2206 3577 2256 3616 ad
2282 3577 2439 3615 addidit

497 3646 714 3682 Wauerich.
845 3657 877 3683 e.
910 3645 1053 3683 iudicia
1078 3661 1109 3685 c.

612 3710 652 3752 1.
685 3709 829 3754 Exod.
851 3710 922 3766 32,
944 3711 1016 3753 26.
1165 3711 1206 3753 2.
1237 3709 1383 3754 Exod.
1406 3710 1477 3766 32,
1500 3710 1571 3753 27.
