2730 4198
557 333 667 388 530
938 350 1212 389 GREGORII
1249 353 1327 388 vn
1365 352 1672 390 131>1s⁷r0LAE
1712 353 2055 392 cOLLEoTAE.
2088 354 2122 391 9.

414 470 529 514 1074
706 466 945 520 Misimus
984 467 1135 520 fratri
1172 471 1376 536 nostro,
1428 468 1670 538 episcopo
1711 473 1908 539 vestm,
1951 470 2129 524 Ottoni
2165 470 2369 524 litteras
2409 489 2498 526 ex-

425 530 516 568 ΒΜ
558 562 918 630 hortatorias⁰,
966 579 1061 632 per
1110 579 1236 632 quas
1285 580 1379 633 pro
1426 565 1594 617 nostri
1640 566 1948 619 necessitate
1988 565 2171 620 officiib
2215 566 2499 637 apostoliea

556 657 635 710 illi
675 658 981 713 auctoritate
1020 659 1366 727 iniunximuS,
1413 665 1471 713 ut
1510 661 1844 714 simoniacam
1884 661 2141 715 haeresim
2181 663 2243 716 de
2284 663 2499 716 ecclesia

558 770 652 806 sua
697 755 904 823 penitus
957 754 1255 808 excluderet
1304 761 1355 808 et
1403 756 1697 809 castitatem
1737 756 2041 809 clericorum
2083 758 2310 811 studiose
2347 775 2498 828 prae-

556 848 832 902 dicandam
880 851 1166 920 susciperet
1214 855 1265 904 et
1302 850 1521 905 firmiter
1560 852 1866 904 tenendam⁰
1907 853 2188 923 episcopali
2225 853 2499 920 vigilantia

554 943 853 1004 inculcaret.
912 945 1043 998 Nam
1084 947 1158 998 sic
1186 963 1296 999 eam
1326 946 1473 1000 nobis
1502 947 1830 1015 euangelicae
1858 951 1909 1000 et
1936 948 2248 1018 apostolicae
2271 948 2495 1016 litterae,

557 1041 935 1093 autenticarum
983 1042 1296 1111 synodorum
1349 1042 1555 1096 decreta
1601 1049 1652 1096 et
1691 1044 1998 1096 eximiorum
2039 1045 2308 1097 doctorum
2345 1061 2497 1114 prae-

555 1139 706 1204 cepta
751 1136 1043 1204 insinuant,
1093 1140 1151 1190 ut
1202 1155 1316 1191 eam
1368 1138 1696 1193 dissimulare
1744 1144 1795 1193 et
1842 1140 2105 1208 negligere
2153 1141 2264 1193 sine
2308 1157 2496 1208 magno

555 1230 758 1283 animae
804 1236 1014 1284 nostrae
1063 1236 1114 1285 et
1162 1233 1344 1302 populi
1383 1234 1650 1288 christiani
1691 1236 2035 1290 detrimento‘¹
2073 1253 2180 1289 non
2217 1236 2494 1306 possimus.

555 1323 658 1377 Sed
697 1326 970 1396 episcopus
1011 1332 1182 1380 vester
1218 1345 1385 1398 neque
1424 1332 1718 1384 reverentia
1754 1333 2021 1402 praecepti
2054 1332 2195 1385 beati
2230 1331 2374 1385 Petri
2406 1348 2495 1385 ne-

554 1436 652 1488 que
691 1420 847 1473 officii
886 1422 966 1474 sui
1006 1422 1351 1477 sollicitudine
1393 1429 1659 1494 attraotUS,
1700 1432 1758 1480 ut
1794 1428 1943 1481 nobis
1979 1428 2203 1481 relatum
2230 1431 2325 1495 est,
2365 1444 2496 1497 quae

550 1519 768 1584 paterne
808 1533 1161 1586 suaseramUS,
1203 1518 1450 1588 perficere
1490 1522 1715 1588 curavit3
1766 1527 1832 1591 et,
1872 1529 1930 1576 ut
1969 1541 2073 1577 non
2113 1523 2280 1576 solum
2317 1523 2496 1577 inobe-

551 1610 777 1664 dientiae
817 1629 997 1665 verum
1038 1614 1223 1666 etiam⁰
1262 1614 1560 1668 rebellionis
1588 1616 1837 1670 offensam
1864 1619 2207 1687 contraheret,
2249 1619 2495 1688 quemad-

548 1706 762 1759 modum
812 1709 1133 1778 accepimus,
1183 1709 1360 1779 palam
1408 1711 1608 1764 clericis
1659 1714 1766 1766 suis
1813 1714 2031 1766 iussioni
2077 1719 2288 1767 nostrae
2333 1715 2493 1767 immo

548 1801 688 1855 beati
726 1802 870 1857 Petri
909 1804 1147 1858 omninof
1184 1807 1448 1859 contraria
1484 1809 1725 1877 permisit
1761 1808 1862 1861 ita:
1914 1814 1995 1876 ut,
2037 1809 2126 1877 qui
2164 1791 2495 1862 mulierculas

547 1897 837 1951 habuerant
850 1907 884 1967 g,
924 1901 1235 1970 retinerent,
1287 1907 1339 1955 et
1377 1902 1466 1971 qui
1505 1919 1609 1955 non
1647 1903 1932 1972 habebant,
1980 1904 2165 1957 illicita
2201 1905 2496 1958 temeritate

548 1993 1050 2049 subintroducerent.
1105 1996 1253 2060 Quod
1278 2001 1337 2050 ut
1364 1999 1674 2067 audivimus,
1702 2000 1919 2053 moleste
1944 2000 2187 2068 ferenteS,
2215 2000 2495 2053 secundam

549 2090 597 2143 ei
649 2090 955 2160 scripsimus
1006 2093 1307 2163 epistolam,
1359 2094 1735 2162 indignationis
1776 2096 1823 2149 ei
1862 2100 2072 2149 nostrae
2109 2100 2282 2149 motus
2322 2099 2495 2149 osten*
2550 2134 2552 2136 ψ

549 2185 729 2240 dentes
786 2191 837 2240 et
882 2187 1022 2241 idem
1070 2190 1440 2260 praeceptumh
1487 2191 1675 2245 iterato
1726 2192 1894 2245 acrius
1943 2192 2287 2258 inculcantes3
2348 2191 2492 2259 quini

548 2282 705 2335 etiam
746 2284 921 2352 ipsum
961 2285 1025 2336 ad
1066 2285 1323 2354 synodum
1347 2285 1652 2355 Romanam,
1694 2304 1825 2356 quae
1863 2288 2036 2357 prima
2067 2287 2339 2357 proximae
2366 2303 2492 2356 qua-

549 2377 874 2445 dragesimae
913 2377 1268 2433 hebdomada¹
1303 2381 1482 2434 futura
1522 2386 1616 2450 est,
1659 2383 2043 2450 advocavimuS,
2085 2386 2143 2435 ut
2181 2399 2274 2452 pro
2315 2399 2370 2436 se
2407 2399 2492 2435 ra-

546 2473 742 2526 tionem
780 2473 966 2527 reddat
1004 2478 1055 2527 et
1092 2475 1475 2531 inobedientiae
1516 2494 1724 2546 causas,
1777 2479 1821 2531 si
1860 2478 2195 2532 rationabiles
2235 2477 2490 2546 habuerit,

545 2568 602 2620 in
642 2569 906 2622 audientia
944 2570 1103 2623 totius
1144 2577 1427 2626 conventus
1468 2578 1710 2643 exponat.

694 2664 836 2718 Haec
873 2665 1014 2734 ideo,
1063 2665 1188 2719 filiik
1228 2668 1509 2737 carissimi,
1558 2669 1705 2723 vobis
1744 2670 2144 2738 innotescimus,
2184 2651 2244 2721 ut
2285 2668 2490 2722 animae

545 2765 749 2814 vestrae
789 2761 946 2814 saluti
985 2762 1330 2817 consulamus.
1394 2764 1449 2818 Si
1489 2765 1626 2818 enim
1667 2765 1819 2819 beato
1846 2765 2001 2819 Petro
2043 2770 2094 2819 et
2133 2768 2341 2818 sanctae
2380 2764 2490 2817 sedi

547 2857 861 2927 apostolicae
906 2857 1078 2911 fronte
1128 2864 1311 2929 aperta
1347 2878 1645 2930 repugnans
1687 2866 1738 2914 et
1777 2866 2057 2915 contumax
2098 2878 2210 2914 esse
2250 2859 2486 2927 voluerit,

543 2952 740 3022 liquido
779 2953 1113 3007 manifestum
1154 2960 1248 3024 est,
1290 2956 1443 3024 quod,
1485 2958 1573 3026 qui
1608 2962 1811 3027 patrem
1836 2957 1920 3010 vel
1947 2962 2166 3011 matrem
2194 2956 2486 3023 inhonorat,

544 3049 740 3102 nullam
781 3066 811 3102 a
848 3049 1086 3103 fidelibus
1125 3051 1291 3120 patris
1341 3056 1392 3104 et
1434 3053 1618 3106 matris
1658 3052 1802 3106 filiis*
1840 3053 1952 3106 iure
1991 3052 2338 3106 obedientiam
2377 3051 2487 3104 exi-

543 3161 664 3212 gere
705 3150 795 3198 aut
833 3162 1081 3214 quaerere
1108 3146 1308 3200 debeat.
1364 3147 1681 3216 Indignumlm
1709 3153 1788 3202 est
1814 3149 1968 3216 enim,
2009 3152 2082 3216 ut,
2123 3147 2211 3216 qui
2235 3146 2485 3214 magistro

545 3240 799 3294 detrectat
837 3241 1064 3310 subesse,
1105 3243 1356 3310 magister
1397 3245 1720 3298 auditoribus
1757 3245 1986 3315 postulet
2022 3260 2278 3313 praeesse.
2351 3242 2486 3306 Qua-

543 3340 760 3406 propter
798 3337 1055 3404 omnibuS,
1096 3338 1230 3391 sicut
1267 3339 1643 3409 praediximus,
1684 3340 1968 3394 maioribus
2008 3343 2161 3407 atque
2199 3338 2485 3392 minoribus

543 3429 655 3484 Deo
705 3436 756 3485 et
803 3433 954 3486 beato
993 3432 1148 3487 Petro
1200 3434 1602 3490 adhaerentibus
1653 3435 1937 3506 apostolica
1984 3435 2291 3487 auctoritate
2334 3451 2486 3504 prae-

659 3545 692 3571 a.
728 3535 1032 3572 commonitorias
1067 3537 1102 3573 2.
1258 3537 1295 3574 b.
1331 3539 1369 3575 et
1405 3540 1498 3575 add.
1528 3541 1563 3576 3.
1719 3550 1750 3575 c.
1785 3537 1948 3575 tenenda
1982 3538 2017 3573 2.
2176 3537 2211 3573 d.
2246 3537 2414 3584 periculo
2450 3538 2486 3573 3.

545 3609 576 3634 e.
605 3600 643 3635 et
669 3601 704 3635 2.
833 3600 860 3637 f.
888 3601 1038 3638 omnino
1067 3616 1137 3638 om.
1155 3603 1190 3638 2.
1321 3614 1356 3650 g.
1382 3603 1523 3641 habent
1541 3606 1576 3641 2.
1705 3603 1743 3640 11.
1770 3605 2012 3651 praeceptum
2038 3617 2107 3639 om.
2124 3604 2159 3639 2.
2289 3603 2315 3639 i.
2342 3604 2423 3639 tum
2450 3604 2485 3639 1.

542 3662 580 3700 k.
607 3663 741 3702 fratres
766 3667 800 3702 1.
930 3666 955 3703 1.
982 3666 1072 3704 filiis
1101 3681 1170 3703 om.
1193 3669 1229 3704 1.
1360 3680 1408 3706 m.
1437 3669 1635 3716 Indignum
1668 3688 1708 3693 -—
1737 3679 1913 3716 praeesse
1940 3682 2009 3705 om.
2033 3669 2068 3705 2.

662 3729 703 3772 1.
737 3729 851 3773 1075
881 3730 1013 3775 Febr.
1036 3732 1242 3775 22-28,
