2782 4198
868 250 1143 290 GREGORII
1180 251 1260 288 vn
1296 249 1559 289 REGISTRI
1594 250 1659 287 111
1685 247 1721 284 1.
2158 232 2264 286 203

323 434 935 518 INCIPIT
1034 434 1494 515 LIBER
1597 427 2263 512 TERTIUS

710 559 998 613 REGISTRI
1044 558 1336 612 GREGORII
1381 557 1583 610 PAPAE
1634 554 1877 608 SEPTIMI

425 667 567 700 anno
599 654 915 698 dominicae
947 652 1368 697 incarnationis
1400 650 1700 694 millesimo
1731 646 2158 705 septuagesimo

777 727 997 784 quinto,
1031 726 1352 770 indictione
1383 723 1598 768 decima
1627 721 1813 766 tertia.

321 849 398 910 ΠΙ
435 853 487 910 l.
540 855 1010 926 Bamberyensibus
1036 854 1309 924 siqnfficat‚
1343 851 1727 904 Herimannum
1754 848 1801 913 I,
1843 850 1951 900 iam
1977 859 2130 901 antea
2156 850 2265 920 epi-

542 945 746 1014 scopali
784 945 953 1014 officio
987 953 1033 996 et
1057 942 1345 994 sacerdotio
1363 941 1654 1010 privatum,
1696 936 2019 990 anathemate
2045 956 2263 1007 quoque,

544 1035 704 1085 donec
740 1035 812 1086 ad
846 1051 898 1084 se
923 1033 1130 1095 veniret,
1173 1029 1410 1100 affectum
1437 1045 1556 1079 esse.
1620 1025 1728 1093 Qui
1743 1027 1975 1096 praedia
2002 1025 2065 1078 ab
2094 1027 2267 1079 eodem

543 1123 848 1192 acceperint,
891 1138 974 1173 eos
1013 1101 1456 1172 anathematizaffl.

470 1230 750 1299 Gregorius
800 1230 1072 1300 episcopus
1121 1245 1302 1282 servus
1351 1242 1622 1281 servorum
1659 1223 1760 1279 Dei
1805 1224 1942 1278 clero
1983 1229 2036 1279 et
2071 1226 2264 1296 populo

320 1326 765 1394 Babenbergensis
814 1325 1059 1379 ecclesiae
1104 1324 1328 1378 salutem
1367 1327 1419 1377 et
1456 1320 1796 1393 apostolicam
1833 1320 2263 1376 benedictionem.

466 1419 724 1476 Litteras¹
749 1452 818 1459 -
847 1438 975 1490 quas
1001 1420 1182 1491 Poppo
1220 1420 1551 1491 praepositus
1592 1418 1840 1472 ecclesiae
1878 1418 2113 1472 vestraeh
2149 1435 2266 1473 cum

318 1518 417 1587 his,
458 1519 548 1588 qui
586 1534 761 1571 secum
801 1521 966 1586 erant,
1007 1517 1211 1587 decepti
1237 1516 1484 1570 simulata
1513 1514 1837 1586 poenitentia
1874 1513 2109 1582 falsaque
2145 1514 2266 1568 reli-

317 1615 471 1683 gione
509 1613 818 1667 Herimanni
855 1613 981 1667 olim
1019 1614 1146 1668 dicti
1183 1614 1346 1667 vestri
1385 1611 1643 1683 episcopi,
1683 1610 1891 1664 incaute
1931 1627 1963 1663 a
1998 1610 2148 1664 nobis
2186 1610 2266 1663 ni-

317 1710 425 1764 mia
461 1710 556 1764 sub
594 1710 927 1764 festinatione
963 1710 1292 1778 recedenteS,
1343 1709 1410 1762 ad
1447 1725 1540 1762 vos
1581 1707 1782 1761 deferre
1819 1706 2163 1775 neglexerunt
2194 1736 2263 1744 --

316 1811 495 1861 nostro
535 1806 705 1874 sigillo
734 1806 1010 1874 insignitas
1036 1806 1229 1859 idcirco
1255 1805 1403 1859 vobis
1432 1805 1499 1858 ad
1523 1820 1771 1875 praesens
1799 1801 2022 1871 dirigere
2049 1803 2265 1871 dignum

318 1903 588 1971 duximuS,
635 1906 694 1955 ut
737 1903 792 1955 in
831 1902 905 1956 eis
945 1903 1221 1956 manifeste
1260 1901 1639 1969 cognoscatis⁶z
1691 1916 1824 1970 quae
1860 1899 2021 1953 suerit
2058 1899 2121 1953 de
2158 1900 2265 1952 iam

318 2000 454 2053 dicto
481 1999 925 2069 pseudoepiscopo
945 2003 1126 2053 nostra
1143 1998 1402 2066 voluntaS,
1431 2013 1690 2066 quamque
1717 1995 2030 2050 sententiam
2050 1996 2265 2050 damna-

316 2095 473 2149 tionis
521 2095 711 2148 iudicio
758 2098 967 2148 sanctae
1007 2094 1323 2165 apostolicae
1362 2093 1500 2147 sedis
1538 2094 1594 2146 in
1634 2110 1753 2147 eum
1791 2092 2263 2163 promulgavimus3

315 2191 670 2245 indubitanter
708 2191 1002 2259 credenteS,
1054 2190 1300 2260 quoniam
1338 2190 1532 2243 nullius
1573 2189 1884 2259 supplicatio
1925 2192 2015 2242 aut
2051 2189 2264 2242 fraudu-

313 2287 457 2341 lenta
504 2287 767 2356 suggestio
815 2286 879 2340 ab
929 2286 1111 2340 eadem
1159 2286 1425 2340 voluntate
1477 2286 1586 2340 sive
1626 2285 1886 2339 sententia
1923 2302 1989 2339 ex
2027 2302 2111 2354 ec,
2163 2302 2263 2355 quo

316 2401 371 2438 se
407 2384 598 2437 iudicio
639 2386 849 2437 sanctae
888 2382 1204 2453 apostolicae
1242 2383 1380 2436 sedis
1420 2381 1707 2451 subtraxit,
1756 2382 1989 2435 animum
2025 2385 2264 2436 nostrum

314 2479 488 2550 potuit
525 2495 770 2533 revocare
807 2478 891 2532 vel
918 2496 1166 2549 umquam
1194 2478 1306 2533 Deo
1335 2482 1545 2533 auctore
1569 2482 1776 2532 mutare
1801 2478 2010 2532 valebit.
2068 2477 2263 2532 Verum

317 2575 440 2643 quia
496 2574 591 2628 sub
640 2575 855 2629 obtentu
902 2575 1171 2643 religionis
1219 2592 1280 2630 ac
1328 2575 1579 2630 mentitae
1626 2575 1979 2645 poenitentiae
2027 2578 2263 2629 sanctam

314 2669 799 2738 Babenbergensem
839 2671 1126 2740 ecclesiam,
1173 2672 1455 2742 specialem
1494 2671 1874 2741 quodammodo
1914 2675 2125 2726 sanctae
2160 2671 2262 2726 Ro-

314 2783 500 2820 manae
541 2766 786 2820 ecclesiae
822 2765 1003 2836 filiam,
1043 2767 1352 2838 tyrannided
1377 2771 1593 2822 conatus
1634 2772 1714 2821 est
1749 2768 2064 2822 confundere
2100 2768 2262 2822 bona-

316 2879 415 2932 que
452 2861 593 2916 illius
634 2861 923 2932 dilapidare
962 2866 1116 2931 atque
1155 2864 1455 2934 disperdere
1467 2872 1501 2933 ⁰,
1541 2865 1772 2934 priorem
1801 2865 2113 2919 sententiam
2141 2881 2261 2919 con-

312 2958 599 3027 firmanteS,
642 2958 709 3012 ad
746 2957 1011 3011 cumulum
1050 2958 1399 3013 damnationis
1439 2960 1550 3013 eius
1578 2960 1677 3015 hoc
1703 2961 1969 3014 addimus:
2008 2964 2082 3030 ut,
2120 2961 2260 3015 inre-

313 3054 682 3126 cuperabiliter
722 3054 786 3108 ab
826 3054 1111 3124 episcopali
1148 3053 1316 3109 officio
1356 3060 1602 3125 semotuS,
1645 3073 1676 3110 a
1709 3056 2020 3111 sacerdotali
2057 3073 2260 3126 quoque

314 3151 383 3204 sit
420 3151 630 3204 omnino
671 3149 919 3218 seclusuS,
961 3167 1061 3220 quo
1089 3167 1253 3220 usque
1279 3152 1596 3222 apostolicae
1621 3169 1678 3206 se
1717 3153 2011 3207 audientiae
2049 3169 2259 3223 reprae-

313 3250 506 3315 sentet,
553 3250 770 3317 paratus
821 3261 938 3300 eam
985 3246 1280 3301 cautionem
1325 3247 1523 3316 facere,
1574 3264 1730 3317 quam
1767 3252 1973 3302 vestrae
2011 3248 2259 3303 ecclesiae

313 3343 706 3412 cognoverimus
746 3342 1008 3413 expedire.
1067 3342 1151 3397 Ab
1192 3343 1479 3414 episcopali
1515 3360 1638 3397 vero
1678 3343 1844 3398 officio
1885 3361 2004 3398 eum
2033 3344 2150 3399 ideo
2178 3362 2258 3400 se-

427 3456 460 3482 a.
498 3448 689 3493 Reperitur
715 3447 826 3483 etiam
863 3443 901 3492 2)
923 3459 985 3492 ap.
1006 3446 1226 3483 Udalricum
1255 3447 1593 3496 Babenbergensem
1620 3462 1656 3484 n.
1677 3447 1763 3493 139,
1790 3448 1960 3484 Eccardi
1983 3449 2092 3496 corp.
2113 3449 2197 3486 hist.
2216 3451 2259 3487 II

309 3524 349 3558 p.
369 3510 456 3548 137.
563 3510 599 3548 b.
626 3512 752 3548 vester
775 3513 797 3548 2
820 3525 891 3559 pro
920 3511 1100 3548 ecclesiae
1119 3513 1278 3549 vestrae.
1384 3523 1416 3550 c.
1445 3512 1657 3559 agnoscatis
1678 3513 1714 3551 2.
1818 3512 1855 3550 d.
1877 3523 1946 3563 per
1961 3513 2198 3563 tyrannidem
2220 3515 2256 3555 2.

313 3587 346 3613 e.
381 3575 596 3623 dispergere
624 3578 660 3613 2.

431 3640 470 3683 1.
502 3637 601 3684 Lib.
623 3639 668 3683 Π
697 3651 769 3696 ep.
793 3640 849 3684 76
879 3653 1017 3697 supra
1045 3654 1090 3698 p.
1113 3641 1214 3687 200.

2307 1231 2421 1275 1075

2295 1292 2364 1329 Iul.
2383 1293 2431 1329 20
