2730 4198
498 267 609 320 600
1149 280 1404 318 BONITHO
1443 282 1519 317 AD
1558 280 1784 318 AMICUM

495 396 760 450 iudicare?
801 395 903 451 Sed
929 412 1166 465 egressus
1191 396 1348 463 foraS,
1375 394 1466 448 lie-'-
1523 395 1652 449 haec
1686 395 1880 464 fecisti,
1919 413 2200 467 pauperem
2239 399 2323 453 hic
2360 400 2437 454 vi-

497 492 574 545 vit
611 509 803 546 amare.
863 492 942 545 Tu
976 492 1032 544 in
1059 491 1176 543 sinu
1213 495 1302 544 tuo
1340 489 1466 544 tolle
1524 507 1646 544 vere
1694 520 1764 527 —
1813 507 1970 559 quam
2030 508 2150 546 cum
2210 492 2436 563 Symone

498 586 550 653 (1.
579 587 781 655 collige)
809 602 1019 640 causam
1050 589 1223 652 tuam3
1262 589 1320 639 tu
1345 602 1466 656 pro·
1524 602 1676 654 mago
1708 615 1773 624 —
1799 586 1856 639 in
1895 589 2163 640 aeternum
2199 589 2372 659 perire
2387 587 2433 643 “.

495 682 610 752 prio
651 699 738 735 ore
775 685 828 735 te
865 678 1090 734 iudica“.

567 777 803 831 Audiens
832 777 977 844 haec,
1016 775 1348 830 Marcellinus
1387 776 1464 829 di·
1598 776 1794 840 Quibus
1822 776 2030 846 auditiS,
2052 778 2361 832 sententiam
2380 778 2438 832 in

495 873 658 926 ctavit
692 874 748 926 in
786 890 842 926 se
881 872 1218 941 sententiam,
1260 872 1462 926 dicens:
1524 889 1579 926 se
1617 871 1862 943 protulit,
1906 871 2004 926 hoc
2039 873 2194 926 modo
2233 873 2434 928 dicens:

498 967 643 1036 „Ego
669 968 1004 1022 Marcellinus
1044 968 1108 1021 ob
1148 967 1313 1021 scelus
1352 967 1464 1021 ido-
1526 967 1671 1037 „Ego
1693 967 1975 1035 Gregorius
1995 998 2066 1005 —
2085 972 2302 1039 propter
2326 974 2437 1024 tur—

492 1063 703 1132 latriae,
770 1064 907 1133 quod
968 1063 1151 1118 infelix
1209 1063 1462 1133 commisi,
1521 1064 1795 1135 pissimam
1819 1063 2158 1118 venalitatem
2184 1094 2272 1134 -—,
2304 1082 2437 1135 quae

491 1159 663 1213 iudico
702 1176 787 1214 me
825 1159 1189 1230 deponendum
1204 1157 1248 1212 “.
1520 1176 1668 1213 meae
1706 1159 1946 1214 electioni
1983 1160 2221 1230 irrepsit,
2267 1177 2300 1214 a
2333 1159 2437 1214 Ro-

1520 1272 1674 1309 mano
1703 1256 2007 1327 episcopatu
2020 1255 2191 1310 iudico
2211 1272 2298 1310 me
2316 1256 2437 1310 sub-

1520 1351 1834 1406 movendum
1850 1349 1895 1405 “.

1036 1497 1132 1550 De
1180 1497 1496 1551 electione
1534 1518 1884 1570 paparum.

636 1607 755 1661 Hoc
798 1609 1049 1660 nimirum
1086 1608 1272 1659 studiis
1305 1611 1479 1678 partis
1523 1606 1881 1680 Greqorianae
1920 1612 2128 1662 omnino
2169 1621 2435 1664 consenta—

487 1722 641 1756 neum
675 1703 819 1772 fuit,
870 1703 1047 1756 tollere
1095 1703 1376 1772 quamlibet
1422 1722 1604 1774 reyum
1649 1707 1756 1757 sive
1801 1708 2176 1776 imperatorum
2226 1724 2342 1758 cum
2378 1709 2437 1774 in

489 1801 727 1852 creandis
744 1799 1083 1870 pontificibus
1109 1809 1217 1851 tum
1242 1800 1299 1851 in
1326 1802 1604 1852 eorundem
1620 1811 1875 1872 potestate
1900 1803 2231 1854 terminanda
2257 1813 2435 1856 aucto-

486 1898 708 1948 ritatem.
769 1896 837 1948 In
878 1913 979 1965 quo
1020 1905 1219 1964 quanta
1256 1895 1505 1949 historiae
1544 1898 1953 1967 corrumpendae
1992 1898 2437 1968 ementiendaeque

488 1993 716 2044 audacia
752 1992 982 2045 Bonitho
1022 2009 1146 2043 usus
1185 1993 1267 2056 sit,
1300 1992 1540 2061 profecto
1578 1995 1771 2045 mirari
1808 1993 1938 2046 licet.

633 2088 708 2141 Et
763 2089 826 2140 de
875 2086 1151 2140 Ambrosii
1206 2088 1416 2156 quidem
1463 2090 1697 2159 episcopi
1741 2088 2151 2141 Mediolanensis
2200 2089 2438 2144 electione

488 2203 622 2254 quae
646 2184 899 2236 ba'bentur
923 2185 981 2235 in
1009 2201 1084 2248 ea,
1130 2201 1235 2252 qua
1259 2185 1439 2250 utitur,
1469 2185 1689 2238 historia
1715 2186 1985 2255 tripartita
2011 2182 2101 2250 (L.
2128 2183 2244 2238 VII
2260 2205 2302 2238 c.
2322 2181 2432 2253 8¹),

486 2281 795 2351 depravavit
831 2280 926 2332 hoc
956 2290 1133 2349 pacto,
1206 2280 1516 2349 Reperimus
1557 2282 1740 2333 etenim
1776 2282 1834 2332 in
1873 2281 1989 2332 hist.
2018 2282 2162 2350 trip„
2203 2280 2432 2335 Valenti-

485 2379 704 2429 nianum
728 2376 768 2428 I
783 2378 1165 2445 imperatorem,
1198 2374 1439 2443 defuneto
1466 2374 1731 2428 Auxentio
1760 2377 2002 2446 episcopo
2031 2376 2431 2443 Mediolanensi,

485 2474 792 2524 successoris
831 2471 1096 2540 deli9endi
1120 2489 1279 2523 causa
1309 2510 1335 2538 „
1354 2488 1587 2522 evocasse
1614 2473 1882 2542 episcopos
1898 2467 1944 2522 “.
2005 2471 2235 2524 Bonitlzo
2262 2483 2435 2525 autem

485 2567 646 2635 refert
655 2562 691 2632 ²,
731 2577 934 2619 mortuo
963 2565 1224 2618 Auxentio
1269 2605 1295 2633 „
1315 2567 1581 2631 accidisse,
1623 2577 1682 2619 ut
1704 2567 2068 2620 Mediolanum
2107 2569 2437 2621 convenirent

468 2664 721 2733 ,episcopi
756 2662 963 2727 Italiae,
1004 2671 1063 2714 ut
1099 2662 1203 2713 sibi
1240 2661 1483 2731 elicerent
1519 2664 1818 2733 episcopum
1833 2659 1879 2714 “.
1993 2663 2203 2716 Deinde
2231 2665 2290 2716 in
2315 2664 2431 2717 hist.

487 2760 610 2828 trip.
651 2758 872 2810 relatum
911 2769 1000 2824 est,
1043 2760 1290 2829 episcopi,
1332 2758 1396 2810 ab
1435 2760 1748 2828 imperatore
1784 2769 1844 2812 ut
1877 2758 2068 2812 bonum
2091 2761 2263 2812 virum
2289 2777 2431 2813 crea-

486 2864 601 2906 rent
635 2856 845 2919 moniti,
896 2873 1012 2906 cum
1053 2855 1384 2924 „petiissent,
1425 2864 1485 2907 ut
1520 2856 1688 2924 maqis
1726 2856 1841 2924 ipse
1879 2853 2218 2926 (imperator)
2259 2856 2430 2908 decer-

486 2945 681 3015 neret“,
723 2950 860 3003 hunc
896 2951 1251 3020 respondisse:
1304 2949 1526 3021 „Super
1573 2968 1664 3003 vos
1713 2961 1787 3004 est
1822 2951 1943 3005 talis
1984 2952 2155 3005 electio
2166 2970 2184 3013 ,·
2231 2969 2321 3004 vos
2360 2982 2429 2990 -

485 3046 669 3098 melius
686 3047 931 3117 poteritis
959 3043 1176 3116 eliqere“
1188 3066 1206 3108 ,·
1224 3056 1411 3117 postea
1437 3057 1606 3100 autem
1635 3049 1879 3114 „iussisse
1896 3047 2233 3101 Ambrosium
2259 3046 2432 3117 bapti-

486 3144 604 3193 zari
641 3152 688 3194 et
722 3153 990 3212 tamquam
1028 3144 1245 3213 di9num
1269 3145 1442 3196 virum
1469 3144 1712 3196 ordinari
1729 3140 2079 3214 pontificem“.
2141 3142 2287 3209 Quae
2313 3144 2430 3213 qui-

487 3238 602 3289 dem
639 3257 673 3290 a
709 3238 1007 3291 Bonitlione
1042 3257 1149 3291 non
1185 3240 1339 3292 modo
1377 3241 1454 3292 sic
1489 3239 1848 3308 mansuefacta
1885 3258 1989 3293 esse
2025 3241 2336 3310 reperimus,
2375 3249 2434 3291 ut

486 3334 850 3403 imperatorem
886 3334 1144 3400 scriberet,
1193 3353 1308 3386 eum
1345 3336 1603 3404 synodum
1638 3337 1696 3388 in
1736 3336 1967 3406 eliqendo
2006 3336 2245 3405 episcopo
2284 3352 2434 3386 suam

491 3426 904 3498 „praesentiam“
935 3431 1289 3483 tantummodo
1327 3441 1620 3500 exspectare
1645 3433 1909 3497 audiisset,
1949 3432 2009 3484 id
2035 3431 2236 3498 „modis
2263 3432 2430 3483 omni-

606 3586 645 3629 1.
679 3585 937 3631 cassiodori
963 3551 1077 3644 epp.
1099 3587 1171 3632 ed.
1194 3586 1406 3633 Garetius
1426 3588 1448 3632 1
1467 3589 1569 3634 305.
1601 3587 1669 3634 ef.
1693 3588 1896 3634 Gratiani
1925 3588 2044 3632 decr.
2069 3588 2119 3633 P.
2136 3588 2160 3633 1
2178 3588 2236 3632 D.
2251 3588 2309 3633 63
2330 3601 2369 3634 ο.
2386 3589 2430 3634 3.

487 3657 528 3703 2.
561 3657 612 3700 L.
633 3658 678 3701 II
706 3658 835 3704 infra.
