2730 4198
749 269 1025 308 GREGORII
1062 272 1140 308 vn
1177 270 1442 309 REGIs'rRI
1479 271 1581 308 vm
1607 269 1668 307 16.
1697 269 1758 307 17.
2120 256 2227 308 447

433 384 696 448 Quantum
734 386 918 440 domus
956 391 1132 441 vestra
1157 387 1368 441 beatum
1393 387 1608 442 Petrum
1632 388 1740 440 iam
1766 385 1962 440 dudum
1989 385 2232 439 dilexerit

201 525 205 531 .
285 485 637 550 quantumque
686 482 789 551 ipsi
836 481 1003 536 fidelis
1044 484 1302 552 extiterit,
1353 484 1585 554 profecto
1623 499 1729 535 non
1766 482 1920 535 modo
1961 481 2100 551 apud
2138 498 2230 535 vos

286 577 473 645 scitur,
524 577 616 630 sed
655 578 815 631 etiam
851 578 908 631 in
945 579 1183 649 pluribus
1223 579 1550 632 diversarum
1589 578 1823 645 gentium
1862 576 2098 646 partibus
2136 594 2230 630 no-

282 676 392 726 tum
442 672 686 740 habetur3
735 674 874 727 unde
922 679 974 728 et
1013 675 1076 728 de
1114 674 1339 727 inimicis
1378 673 1651 727 victoriam
1691 676 1743 726 et
1779 689 1873 742 pre
1912 673 2098 726 ceteris
2136 690 2230 743 pa-

281 767 425 822 ribus
465 768 573 822 suis
611 769 863 823 honorem
902 775 954 824 et
990 770 1212 838 gloriam
1249 769 1499 822 hactenus
1535 767 1821 821 obtinuisse
1845 767 1998 835 longe
2022 768 2230 837 lateque

283 863 583 918 dinoscitur.
663 864 795 928 Quia
834 883 955 920 vero
1003 869 1279 936 parentum
1319 868 1614 918 vestrorum
1662 863 1798 916 sicut
1839 862 2128 916 nobilitatis
2166 863 2230 916 li-

280 975 435 1013 neam
472 960 548 1014 ita
587 977 790 1030 quoque
827 961 1148 1032 probitatum
1189 960 1363 1013 studia
1396 975 1489 1013 vos
1515 959 1714 1012 imitari
1740 959 2092 1028 cognovimus,
2131 976 2228 1029 pro

282 1059 422 1109 certo
461 1055 612 1110 valde
649 1056 907 1110 laetamur
946 1061 1013 1125 et,
1053 1060 1112 1109 ut
1149 1056 1396 1110 devotum
1435 1055 1666 1108 animum
1705 1054 1844 1107 circa
1881 1053 2091 1108 beatum
2132 1054 2229 1109 Pe-

281 1154 423 1204 trum
471 1156 523 1206 et
568 1156 791 1206 matrem
831 1153 1066 1205 omnium
1105 1156 1339 1205 sanctam
1378 1151 1669 1204 Romanam
1709 1149 1983 1203 ecclesiam
2022 1167 2229 1221 semper

281 1247 493 1316 geratiS,
534 1247 813 1302 salubriter
852 1249 1123 1302 hortamur
1162 1251 1317 1316 atque
1342 1263 1631 1301 monemus,
1691 1245 1851 1299 Cuius
1877 1263 1969 1299 vos
1996 1245 2229 1300 dilectio-

278 1359 400 1397 nem
425 1348 618 1412 tenere,
646 1344 829 1415 procul
854 1344 1010 1398 dubio
1036 1345 1093 1397 in
1118 1344 1260 1397 nullo
1289 1344 1475 1398 melius
1502 1342 1722 1413 potestis
1750 1342 2039 1411 ostendere,
2071 1359 2228 1412 quam

281 1439 342 1508 si,
378 1439 516 1493 inter
542 1443 746 1494 caetera
772 1439 910 1494 bona
949 1457 1082 1509 quae
1109 1440 1309 1494 debetis
1338 1456 1507 1508 agere,
1548 1443 1783 1492 sanctam
1810 1438 2081 1492 ecclesiam
2105 1455 2228 1509 pro-

279 1534 472 1587 curatis
511 1534 691 1589 iuvare
731 1541 886 1606 atque
925 1536 1215 1590 defendere.
1290 1535 1470 1604 Itaque
1510 1534 1667 1588 saluti
1704 1539 1909 1588 vestrae
1946 1535 2227 1606 praecipue

277 1630 631 1700 providentes„
670 1649 915 1701 rogamus
956 1636 1008 1686 et
1046 1649 1111 1686 ex
1148 1637 1298 1702 parte
1339 1632 1478 1685 beati
1502 1631 1646 1685 Petri
1670 1631 2022 1702 praecipimus
2048 1631 2223 1685 vobis:

277 1729 353 1794 ut,
385 1726 716 1782 Narbonensi
743 1729 1008 1797 ecclesiae,
1048 1729 1157 1781 iam
1196 1745 1259 1782 ex
1298 1728 1452 1796 longo
1485 1731 1719 1797 tempore
1760 1745 1790 1781 a
1827 1727 2076 1781 membris
2116 1728 2227 1781 dia-

277 1821 385 1876 boli
407 1839 677 1893 pervasae,
716 1828 959 1895 prompte
986 1824 1368 1892 subvenienteS,
1395 1823 1612 1877 fratrem
1637 1827 1876 1877 nostrum
1903 1823 2228 1877 Dalmatium

279 1918 743 1990 archiepiscopum,
785 1937 940 1990 quem
978 1921 1191 1974 tandem
1229 1920 1475 1974 canonice
1514 1923 1567 1973 et
1605 1919 1888 1973 secundum
1915 1919 2087 1975 Deum
2123 1919 2226 1974 ele-

278 2018 420 2067 ctum
469 2018 522 2069 et
569 2016 866 2069 ordinatum
916 2017 1109 2070 meruit
1157 2017 1416 2086 accipere,
1468 2015 1637 2068 modis
1687 2015 1926 2069 omnibus
1974 2015 2226 2069 studeatis

282 2109 554 2178 adiuvare3
594 2111 674 2164 illi
711 2129 834 2166 vero
872 2113 1142 2182 pervasori
1158 2109 1187 2181 ¹,
1228 2113 1334 2182 qui,
1374 2129 1478 2165 non
1505 2129 1600 2181 per
1628 2111 1819 2165 ostium
1845 2115 1905 2164 ut
1928 2116 2109 2182 pastor
2135 2111 2227 2166 sed

281 2204 490 2260 aliunde
528 2211 588 2260 ut
623 2207 708 2260 fur
747 2212 799 2261 et
835 2208 971 2262 latro
1000 2209 1267 2277 ingressus
1279 2205 1313 2277 ²,
1355 2224 1476 2261 oves
1504 2207 1700 2261 Christi
1724 2211 1922 2261 mactat
1948 2211 2000 2261 et
2024 2203 2227 2278 perdit⁸

274 2301 435 2355 immo
475 2301 681 2356 diabolo
720 2304 898 2372 tradit,
938 2305 1107 2358 modis
1148 2304 1333 2373 quibus
1372 2303 1592 2374 potestis
1630 2303 1877 2372 resistite,
1918 2304 1963 2356 si
2000 2304 2225 2372 gratiam

275 2398 645 2469 omnipotentis
667 2398 767 2453 Dei
793 2399 1100 2454 desideratis
1123 2400 1373 2455 obtinere.
1414 2399 1571 2467 Agite
1592 2415 1714 2467 ergo
1737 2402 1788 2453 et
1808 2400 2018 2452 omnino
2038 2415 2226 2472 procu-

274 2497 403 2562 rate,
424 2494 634 2548 beatum
652 2494 869 2550 Petrum
890 2497 1245 2567 apostolorum
1264 2496 1555 2566 principem
1575 2495 1723 2549 vobis
1746 2495 2037 2549 adiutorem
2062 2484 2224 2549 immo

275 2589 564 2644 debitorem
600 2591 797 2659 facere3
840 2593 929 2662 qui
953 2596 1127 2663 potest
1150 2593 1297 2646 vobis
1323 2592 1477 2645 huius
1505 2592 1643 2645 vitae
1682 2595 1734 2645 et
1757 2591 1963 2645 futurae
2003 2591 2224 2645 salutem

275 2688 328 2738 et
363 2684 613 2739 honorem
640 2686 763 2740 dare
789 2688 873 2741 vel
898 2688 1097 2757 tollere,
1139 2689 1329 2758 quique
1363 2689 1531 2743 nescit
1558 2687 1737 2742 fideles
1765 2704 1886 2741 suos
1912 2688 2223 2757 relinquere,

274 2781 366 2835 sed
389 2782 564 2851 potius
590 2783 737 2836 novit
763 2783 999 2854 superbis
1025 2785 1269 2838 resistere
1297 2789 1348 2838 et
1374 2785 1705 2853 confundere,
1737 2784 2019 2837 humilibus
2048 2787 2223 2838 autem

276 2878 497 2945 gratiam
540 2874 692 2931 dare⁴
731 2894 920 2947 eosque
960 2878 1206 2933 exaltare.
1286 2880 1424 2934 Data
1467 2882 1536 2934 10
1573 2880 1834 2933 Kalendas
1874 2879 2118 2932 Ianuarii.

272 3024 403 3088 VIII
430 3031 457 3086 1
473 3030 527 3087 7.
560 3034 833 3086 Remenses
860 3035 1114 3099 hortatur,
1144 3046 1216 3099 ut,
1247 3035 1477 3087 adhibito
1497 3035 1722 3104 Huyone
1749 3037 1988 3105 episcopo
2009 3034 2218 3099 Diensi,

456 3131 514 3181 in
554 3130 722 3182 locum
748 3131 1016 3183 Manassis
1044 3131 1083 3182 I
1113 3131 1495 3200 archiepiscopi
1530 3132 1770 3183 damnati
1806 3130 1970 3182 alium
2008 3130 2217 3200 eliyant.

419 3222 701 3292 ¹Gregorius
742 3225 1016 3295 episcopus
1050 3242 1229 3279 servus
1258 3241 1527 3278 servorum
1553 3224 1652 3278 Dei
1677 3224 1921 3278 universo
1948 3224 2219 3278 Remensis

273 3317 520 3372 ecclesiae
559 3320 695 3374 clero
737 3325 788 3375 et
825 3321 1018 3392 populo
1057 3321 1278 3374 salutem
1318 3324 1371 3374 et
1408 3320 1748 3390 apostolicam
1786 3320 2216 3374 benedictionem.

422 3414 540 3468 Non
579 3416 894 3486 dubitamuS,
937 3417 1003 3470 ad
1040 3417 1282 3470 notitiam
1320 3419 1550 3469 vestram
1587 3416 1903 3485 pervenisse,
1944 3415 2082 3485 quod
2106 3415 2219 3469 Ma-

271 3506 470 3578 nases⁵‚
500 3511 621 3565 olim
649 3512 818 3567 dictus
846 3513 1266 3584 archiepiscopus
1286 3516 1475 3581 vester,
1503 3511 1808 3582 synodalem
1831 3511 2219 3582 dampnationis

389 3611 429 3654 1.
470 3611 618 3657 Petro.
658 3612 715 3658 V.
745 3626 883 3670 supra
910 3628 954 3671 p.
980 3615 1081 3659 399.
1280 3615 1322 3657 2.
1362 3612 1457 3657 Ioh.
1486 3614 1563 3669 10,
1591 3614 1631 3657 1.
1834 3613 1877 3657 3.
1917 3611 2013 3658 1011.
2039 3614 2118 3670 10,
2146 3614 2217 3658 10.

269 3683 311 3727 4.
344 3683 434 3728 Iac.
455 3684 498 3740 4,
526 3686 568 3729 6.
747 3688 789 3731 5.
821 3688 855 3731 I.

2285 391 2399 435 1080

2257 449 2349 488 Dec.
2366 453 2414 488 23

2275 3232 2390 3276 1080

2248 3291 2339 3330 Dec.
2358 3293 2407 3330 2⁷
