2730 4198
846 263 1121 302 GREGORH
1159 264 1237 299 vn
1275 261 1538 300 Racisrnr
1577 261 1676 297 vm
1704 260 1740 297 5.
2115 240 2118 242 ’
2158 245 2267 296 433

467 379 872 434 Fraternitatem
912 385 1142 433 vestram
1180 379 1439 433 credimus
1466 395 1572 431 non
1596 377 1775 444 latere,
1817 374 1956 445 quod
1980 373 2157 445 plures
2185 391 2266 426 sa·
2309 379 2423 423 1080

320 481 475 531 tanae
514 475 774 545 discipuli,
816 476 906 544 qui
941 475 1071 528 falso
1097 475 1310 528 nomine
1347 491 1442 544 per
1468 474 1701 527 diversas
1727 471 1964 540 regiones
1991 472 2268 524 censentur
2297 439 2364 476 ω’
2387 442 2431 476 2¹

321 571 577 642 episcopi,
618 570 875 624 diabolica
911 570 1224 624 inflammati
1262 570 1532 640 superbia,
1583 571 1820 621 sanctam
1856 566 2146 619 Romanam
2186 581 2268 618 ec-

234 688 238 690 *
320 667 531 722 clesiam
578 667 753 720 conati
791 672 913 720 sunt
951 666 1290 732 confundere3
1340 665 1432 718 sed
1468 681 1563 734 per
1603 663 1856 716 auxilium
1896 661 2268 731 omnipotentis

319 763 421 817 Dei
459 767 511 816 et
550 763 913 816 auctoritatem
951 762 1091 816 beati
1115 761 1260 814 Petri
1297 760 1479 828 iniqua
1515 775 1695 812 eorum
1719 757 2094 827 praesumptiO,
2135 755 2270 809 sicut

320 859 395 913 eis
433 859 801 912 verecundiam
840 862 892 912 et
930 858 1304 922 confusionem,
1345 855 1420 908 ita
1451 853 1734 924 apostolice
1762 852 1875 906 sedi
1900 851 2119 920 gloriam
2147 867 2268 905 con-

318 954 440 1008 tulit
486 959 538 1008 et
586 954 973 1008 exaltationem.
1043 951 1312 1022 Siquidem
1363 950 1608 1019 quisque⁸
1649 966 1680 1002 a
1728 948 1947 1001 minimo
1993 963 2158 1016 usque
2202 947 2269 1000 ad

319 1050 610 1104 maximum
638 1080 703 1087 —
735 1049 977 1103 videlicet
1014 1046 1359 1114 H(einricum)
1398 1061 1602 1112 regem,
1651 1044 1739 1113 qui
1778 1048 1960 1097 vertex
1999 1047 2051 1097 et
2089 1046 2269 1096 auctor

319 1146 555 1216 pestiferi
594 1145 800 1200 consilii
831 1145 992 1217 fuisse
1021 1143 1274 1213 probatur
1301 1171 1369 1178 ——
1398 1157 1493 1211 per
1518 1140 1748 1210 plurima
1774 1156 2053 1210 corporum
2080 1143 2132 1193 et
2158 1139 2269 1192 ani-

318 1259 525 1295 marum
561 1241 795 1312 pericula
830 1239 1108 1311 persensit,
1149 1241 1370 1307 quantas
1410 1236 1550 1290 beati
1575 1235 1719 1289 Petri
1760 1235 2043 1289 auctoritas
2084 1234 2151 1288 ad
2187 1234 2268 1287 ul-

318 1337 613 1392 ciscendam
662 1354 840 1391 eorum
887 1335 1216 1404 iniquitatem
1267 1334 1405 1387 vires
1455 1332 1701 1386 obtineat.
1875 1330 2029 1385 Scitis
2070 1330 2265 1384 enimb:

318 1437 553 1504 tempore
592 1432 791 1486 domini
827 1431 995 1485 nostri
1032 1447 1202 1501 papae
1236 1428 1569 1496 Aflexandri)
1611 1428 1736 1498 quid
1774 1427 1914 1482 idem
1948 1427 2266 1495 H(einricus)

317 1529 540 1583 iniuriae
569 1527 848 1583 aecclesiae
881 1512 1026 1581 beati*
1047 1526 1191 1580 Petri
1216 1543 1311 1596 per
1331 1524 1588 1578 Cadulum
1605 1520 1617 1544 ¹
1644 1524 1838 1577 inferre
1877 1524 2265 1591 excogitaverit,

319 1628 371 1680 et
415 1625 472 1678 in
520 1628 767 1694 quantam
815 1639 1074 1693 quamque
1119 1622 1480 1692 turpissimam
1525 1620 1718 1673 mundo
1768 1623 1902 1673 teste
1949 1619 2266 1672 confusionis

316 1721 523 1775 foveam
567 1737 684 1774 cum
725 1720 904 1773 eodem
946 1718 1142 1772 Cadulo
1182 1718 1366 1771 cadere
1404 1717 1699 1784 meruerit0,
1748 1719 1800 1769 et
1839 1719 2032 1784 quanto
2071 1715 2267 1769 honore

320 1817 629 1886 quantisque
675 1815 955 1885 triumphis
1003 1814 1058 1867 in
1111 1813 1482 1867 exercitatione
1527 1812 1669 1865 illius
1708 1811 2010 1866 certaminis
2048 1828 2132 1864 res
2170 1828 2268 1881 pu-

318 1912 484 1966 blica‘¹
522 1915 703 1965 nostra
739 1911 1033 1981 profecerit.
1175 1908 1328 1963 Scitis
1368 1909 1552 1962 etiam:
1594 1925 1751 1977 quam
1788 1907 2107 1961 detestandis
2146 1924 2269 1961 con-

320 2007 692 2078 spirationibus
742 2010 862 2060 ante
912 2023 1075 2059 annos
1131 2001 1266 2058 tres2
1318 2004 1598 2074 praecipue
1644 2003 2109 2071 Longobardorum
2158 2004 2268 2074 epi-

319 2103 465 2174 scopi
503 2120 557 2157 se
598 2102 873 2156 adversum
912 2118 1033 2169 nos,
1075 2100 1257 2154 eodem
1296 2099 1585 2166 H(einrico)
1625 2099 1982 2170 principante,
2033 2116 2268 2153 armave-

317 2203 467 2265 runt,
520 2203 572 2252 et
620 2198 758 2267 quod
810 2215 902 2267 per
950 2197 1305 2250 defensionem
1354 2195 1493 2249 beati
1531 2194 1671 2249 Petri
1717 2195 1854 2249 illesi
1893 2199 1944 2249 et
1979 2195 2267 2248 incolumes

316 2310 420 2347 non
460 2294 573 2347 sine
601 2310 791 2362 magna
816 2296 1000 2346 nostra
1025 2295 1426 2360 nostrorumque
1451 2290 1680 2344 fidelium
1709 2291 1922 2344 honoris
1950 2291 2268 2344 exaltatione

315 2390 680 2444 remansimus
736 2389 844 2443 [llis
884 2405 1024 2457 ver0,
1065 2388 1296 2458 priorem
1336 2387 1711 2441 arbitrantibus
1751 2404 1857 2440 non
1895 2386 2132 2441 sufficere
2168 2387 2268 2440 sibi

317 2485 696 2554 confusionem,
748 2503 779 2538 a
816 2484 999 2555 planta
1036 2483 1184 2554 pedis
1225 2501 1388 2553 usque
1436 2484 1502 2536 ad
1540 2483 1790 2537 verticem
1836 2483 2150 2553 apostolicae
2189 2483 2267 2535 ul-

317 2581 474 2635 tionis
513 2585 764 2650 quantum
801 2581 1015 2635 ferverit
1052 2580 1273 2648 gladiuS,
1317 2579 1484 2633 adhuc
1521 2579 1679 2649 plaga
1704 2579 2007 2633 incurabilis
2033 2583 2268 2650 praestat

316 2675 583 2730 indicium.
1805 2732 1812 2736 ,

466 2771 570 2826 Sed
605 2772 661 2824 in
699 2771 780 2825 his
821 2772 1060 2826 omnibus
1101 2771 1381 2825 obduratas
1420 2771 1754 2825 meretricum
1786 2788 1930 2825 more
1954 2771 2152 2824 frontes
2179 2788 2267 2839 ge-

315 2871 491 2922 rentes
540 2872 592 2921 et
637 2868 963 2938 impudentia
1010 2884 1104 2920 sua
1141 2867 1275 2920 iram
1316 2867 1414 2920 sibi
1453 2867 1578 2920 iusti
1616 2867 1795 2921 iudicii
1833 2866 2265 2935 thesaurizanteS,

317 2964 407 3034 qui
452 2967 696 3034 respectu
744 2962 1087 3017 contumeliae
1137 2979 1260 3016 suae
1301 2962 1366 3016 ad
1406 2980 1620 3017 sensum
1658 2963 1829 3016 redire
1869 2963 2156 3017 debuerant
2195 2993 2263 2999 —

315 3065 521 3131 patrem
558 3056 738 3113 suum³
779 3059 970 3127 secuti,
1013 3058 1101 3126 qui
1141 3058 1298 3111 dixit:
1348 3060 1559 3112 Ponam
1596 3062 1765 3112 sedem
1801 3078 1968 3111 meam
2007 3060 2071 3111 ab
2111 3062 2264 3129 aqui-

317 3157 457 3223 lone,
501 3167 548 3210 et
585 3176 669 3210 ero
709 3157 896 3209 similis
937 3150 1242 3208 Altissono‘*
1268 3185 1335 3191 -
1376 3155 1652 3224 pristinam
1692 3154 2135 3224 conspirationem
2174 3155 2264 3207 ad-

315 3268 495 3306 versus
521 3251 807 3305 Dominum
847 3255 898 3304 et
937 3254 1170 3303 sanctam
1209 3250 1556 3304 universalem
1597 3249 1902 3304 aecclesiam
1941 3250 2114 3303 conati
2144 3255 2266 3303 sunt

314 3347 589 3415 innovare3
632 3352 684 3402 et
710 3348 974 3401 hominem
999 3345 1325 3414 'sacrilegum
1366 3350 1418 3400 et
1456 3349 1665 3399 sanctae
1691 3344 1957 3400 Romanae
1986 3345 2263 3399 aecclesiae

430 3507 463 3533 a.
490 3495 649 3544 quisquc
679 3496 829 3533 addidi.
933 3494 970 3531 b.
998 3496 1161 3544 sequitur
1188 3494 1276 3542 quia
1303 3496 1339 3530 in
1367 3494 1452 3530 cod.
1566 3504 1599 3530 c.
1627 3493 1764 3530 meruit
1790 3494 1875 3530 cod.
1980 3493 2018 3530 d.
2045 3492 2089 3530 R.
2108 3492 2149 3529 P.
2179 3493 2263 3530 cod.

433 3574 472 3617 1.
505 3574 764 3631 antipapam
795 3573 1120 3618 1061—1064.
1249 3573 1290 3616 2.
1324 3586 1363 3616 a.
1390 3573 1517 3616 1077.
1645 3572 1686 3615 3.
1721 3570 1995 3616 Luciferum.
2116 3571 2160 3616 4.
2195 3570 2262 3616 Cf.

314 3646 419 3691 lsai.
443 3647 512 3703 14,
536 3648 605 3691 13.
629 3647 700 3692 14.

390 3726 520 3767 Jnn'.
549 3729 785 3764 Bibliotheca
813 3729 859 3763 11.
1851 3727 1909 3770 28
