2730 4198
516 265 622 318 536
876 278 1151 316 GREGORH
1189 278 1268 314 vn
1306 276 1615 314 EPISTOLAE
1655 275 2000 314 COLLECTAE.
2033 276 2093 312 14.

370 400 483 444 1076
516 396 569 448 in
609 412 784 463 regem
821 395 1056 463 fecimus,
1097 394 1333 447 dubitare
1373 408 1433 445 ac
1472 408 1744 460 quaerere:
1785 396 1962 445 utrum
1996 392 2132 446 iuste
2159 409 2455 447 excommu-

515 491 718 544 nicatus
758 491 827 544 sit
865 495 917 544 et
954 491 998 544 si
1035 494 1216 543 nostra
1255 487 1513 541 sententia
1550 503 1615 539 ex
1655 488 1962 541 auctoritate
1999 488 2181 556 legalis
2209 505 2457 544 censurae

516 603 600 654 ea,
643 604 745 655 qua
784 586 985 653 debuit,
1026 584 1398 638 deliberatione
1437 599 1715 653 progressa
1754 583 1866 636 sit·.
1945 583 2290 654 Quapropter,
2332 601 2456 653 qua-

513 682 633 735 liter
685 682 749 735 ad
799 680 1353 735 excommunicandum
1401 679 1551 731 illum
1601 678 1813 731 adducti
1853 679 2042 748 simus,
2091 684 2248 750 prout
2283 681 2456 734 verius

515 776 808 847 potuimusb
846 781 979 830 teste
1006 776 1323 829 conscientia
1347 779 1542 843 nostra,
1584 774 1746 828 oculis
1775 779 1827 828 et
1850 775 2198 829 intellectibus
2227 776 2457 829 omnium

515 873 807 943 patefacere
846 873 1165 938 curavimus3
1207 888 1312 924 non
1350 875 1459 924 tam
1497 874 1556 923 ut
1595 870 1824 938 singulas
1852 887 2052 939 causas,
2094 888 2226 940 quae
2252 871 2352 926 heu
2377 872 2458 925 ni-

514 969 678 1021 mium
716 972 869 1021 notae
909 971 1046 1035 sunt,
1087 968 1236 1036 quasi
1261 972 1468 1020 nostro⁶
1497 966 1722 1020 clamore
1749 967 2065 1037 proiciamus
2091 967 2148 1020 in
2174 967 2457 1038 publicum,

516 1082 669 1133 quam
710 1069 769 1118 ut
807 1082 985 1118 eorum
1025 1063 1387 1134 opinionibusd
1428 1062 1828 1131 satisfaciamus,
1870 1063 1958 1132 qui
1984 1067 2187 1133 putant,
2226 1080 2321 1117 nos
2352 1061 2457 1134 spi-

514 1159 722 1212 ritalem
761 1160 991 1228 gladium
1031 1165 1225 1213 temere
1266 1165 1318 1214 et
1354 1160 1522 1228 magis
1549 1163 1694 1212 motu
1722 1159 1881 1211 animi
1907 1159 2073 1212 nostri
2100 1177 2257 1229 quam
2283 1159 2458 1213 divino

516 1260 657 1309 metu
698 1261 750 1309 et
785 1255 1017 1309 iustitiae
1058 1255 1169 1309 zelo
1211 1257 1509 1326 arripuisse.
2397 1262 2399 1267 ’

667 1351 796 1404 Cum
839 1351 1006 1404 adhuc
1043 1351 1099 1403 in
1138 1352 1442 1405 diaconatus
1483 1350 1650 1405 officio
1690 1351 1850 1421 positi
1878 1367 2125 1419 essemuS,
2164 1350 2368 1421 perlata
2395 1350 2461 1404 ad

514 1464 608 1500 nos
650 1447 713 1500 de
751 1447 890 1514 regis
932 1446 1223 1500 actionibus
1265 1448 1479 1501 sinistra
1518 1453 1569 1501 et
1593 1448 1817 1501 multum
1841 1446 2117 1500 inhonesta
2141 1446 2299 1515 fama,
2338 1463 2460 1516 pro-

516 1547 632 1612 pter
670 1542 994 1612 imperialem
1038 1542 1344 1609 dignitatem
1385 1548 1438 1596 et
1474 1543 1820 1597 reverentiam
1859 1543 2025 1612 patris
2055 1560 2114 1596 ac
2139 1542 2323 1596 matris
2350 1542 2461 1596 eius

514 1655 609 1691 nec
646 1655 751 1691 non
789 1641 1003 1708 propter
1043 1654 1190 1707 spem
1218 1655 1278 1691 ac
1304 1639 1621 1692 desiderium
1648 1639 1983 1692 correctionis
2011 1655 2134 1692 suae
2162 1655 2316 1708 saepe
2343 1655 2462 1692 eum

515 1751 609 1804 per
648 1734 853 1786 litteras
895 1737 946 1786 et
970 1734 1186 1787 nuncios
1216 1734 1605 1787 admonuimus:
1646 1739 1705 1788 ut
1732 1752 1762 1787 a
1786 1735 2045 1804 pravitate
2072 1751 2167 1787 sua
2191 1734 2465 1787 desisteret

518 1835 583 1898 et,
624 1847 825 1883 memor
864 1829 1141 1883 clarissimi
1180 1831 1385 1898 generis
1423 1847 1482 1884 ac
1510 1831 1779 1899 dignitatis
1801 1847 1947 1898 suae,
1988 1830 2150 1884 vitam
2177 1846 2327 1883 suam
2352 1845 2464 1883 mo-

515 1926 677 1994 ribuS,
719 1926 905 1995 quibus
943 1943 1119 1994 regem
1162 1930 1213 1979 et
1249 1927 1485 1980 futurum
1523 1927 1634 1980 Deo
1675 1927 1900 1980 donante
1939 1926 2145 1980 deceret
2181 1926 2464 1997 imperato-

516 2039 645 2090 rem,
685 2022 998 2076 institueret.
1059 2021 1346 2091 Postquam
1386 2028 1560 2076 autem
1601 2022 1666 2076 ad
1702 2021 2035 2093 pontificatus
2076 2022 2305 2100 apicem⁰
2342 2021 2466 2076 licet

372 2129 486 2172 1073
516 2119 720 2186 indigni
754 2119 1010 2186 venimus,
1051 2118 1193 2172 cumt
1217 2119 1357 2172 illius
1381 2123 1539 2173 'aetas
1580 2120 1777 2190 pariter
1813 2123 2098 2173 cresceretss
2132 2122 2183 2172 et
2215 2118 2464 2186 iniquitas

519 2245 588 2251 —
616 2215 984 2283 intelligenteS,
1025 2215 1196 2268 Deum
1243 2215 1654 2285 omnipotentem
1694 2220 1838 2269 tanto
1879 2216 2166 2268 districtius
2205 2215 2268 2268 de
2306 2232 2465 2268 manu

518 2315 700 2364 nostra
739 2311 968 2364 animam
996 2311 1137 2363 illius
1165 2311 1557 2379 requisiturum,
1599 2316 1790 2380 quanto
1817 2312 1966 2365 nobis
1995 2311 2060 2364 ad
2085 2310 2463 2380 increpandum

519 2406 665 2459 illum
707 2424 833 2476 prae
873 2406 1103 2459 011110118ὴ
1141 2406 1356 2460 libertas
1396 2407 1519 2460 data
1554 2407 1740 2460 fuisset
1779 2411 1830 2461 et
1869 2407 2148 2460 auctoritas
2189 2436 2256 2443 —
2298 2406 2463 2460 multo

522 2501 793 2555 sollicitius
843 2519 963 2554 eum
1000 2502 1169 2555 modis
1210 2502 1448 2556 omnibus
1489 2503 1751 2571 arguendo
1791 2502 2108 2556 obsecrando
2146 2503 2464 2573 increpando

523 2597 589 2649 ad
628 2597 1044 2651 emendationem
1077 2599 1219 2652 vitae
1247 2615 1370 2652 suae
1395 2598 1589 2653 hortati
1615 2616 1809 2652 sumus.
1869 2598 1968 2662 Qui
1994 2615 2111 2652 cum
2139 2615 2293 2669 saepe
2317 2599 2466 2653 nobis

524 2693 735 2746 devotas
777 2693 1114 2748 salutationes
1156 2699 1208 2748 et
1242 2694 1446 2748 litteras
1486 2696 1718 2749 mitteret
1756 2725 1824 2731 --
1866 2712 2120 2748 excusans
2161 2712 2216 2749 se
2255 2711 2372 2748 cum
2401 2712 2466 2749 ex

524 2792 708 2856 aetate,
751 2790 889 2858 quod
925 2789 1069 2843 fluxa
1107 2795 1244 2844 esset
1282 2794 1334 2844 et
1369 2791 1588 2860 fragiliS,
1628 2795 1742 2844 tum
1768 2791 1906 2860 quod
1935 2791 1999 2844 ab
2025 2791 2123 2859 his,
2164 2792 2219 2844 in
2246 2808 2465 2860 quorum

521 2885 762 2938 manibus
802 2886 946 2939 curia
984 2891 1111 2955 erat,
1151 2886 1417 2940 multoties
1455 2888 1592 2941 male
1628 2887 1728 2941 sibi
1754 2905 1966 2941 suasum
1993 2892 2147 2957 atque
2173 2887 2465 2941 consultum

523 2981 591 3034 sit
631 3012 699 3018 —-
741 2982 942 3035 monita
978 2986 1160 3036 nostra
1198 2983 1261 3036 de
1302 2983 1385 3036 die
1422 2983 1478 3036 in
1517 2983 1654 3037 diem
1695 3001 1749 3037 se
1779 2984 2171 3054 promptissime
2198 2987 2464 3053 susceptu-

522 3095 656 3146 rum,
697 3078 870 3131 verbis
911 3079 1119 3147 quidem
1158 3079 1419 3149 promisit,
1460 3083 1722 3134 caeterum
1761 3097 1818 3134 re
1858 3083 1909 3133 et
1936 3079 2331 3148 exaggeratione
2357 3078 2464 3132 cul-

521 3191 708 3243 parum
746 3174 956 3244 penitus
995 3174 1330 3228 conculcavit.
2135 3243 2139 3245 4

670 3269 811 3323 Inter
857 3270 987 3324 haec
1037 3271 1288 3339 quosdam
1336 3271 1623 3325 familiares
1672 3289 1819 3340 SUOS,
1868 3288 2086 3341 quorum
2134 3269 2363 3323 consiliis
2414 3273 2466 3324 et

524 3366 995 3421 machinationibus
1043 3367 1372 3437 episcopatus
1422 3372 1474 3421 et
1517 3368 1683 3421 multa
1720 3368 2058 3435 monasteria,
2108 3365 2334 3419 inductis
2371 3382 2466 3436 per

523 3461 751 3530 pretium
787 3462 925 3533 lupis
964 3480 1061 3534 pro
1098 3463 1423 3533 pastoribuS,
1477 3464 1762 3517 simoniaca
1799 3463 2001 3517 haeresi
2035 3461 2360 3530 foedaverat,
2401 3461 2466 3515 ad

640 3619 672 3644 a.
700 3610 930 3656 processerit
958 3611 991 3646 1.
1109 3611 1144 3647 b.
1171 3621 1373 3658 possumus
1402 3612 1437 3647 3.
1565 3621 1595 3647 c.
1624 3621 1721 3647 novo
1751 3610 1785 3646 1.
1901 3609 1937 3645 d.
1966 3609 2135 3656 opinioni
2163 3610 2198 3646 2.
2324 3620 2355 3646 e.
2384 3607 2465 3645 offi-

524 3672 622 3710 cium
650 3674 685 3719 1,
712 3674 972 3721 pontificatum
999 3677 1035 3712 3.
1163 3675 1190 3713 f.
1218 3677 1256 3712 et
1283 3677 1319 3713 1.
1339 3678 1374 3713 3.
1505 3687 1538 3723 g.
1567 3676 1684 3713 crevit
1710 3677 1745 3712 3.
1873 3674 1911 3712 h.
1939 3675 2073 3712 ceteris
2102 3676 2136 3712 2.
