2722 4172
341 406 455 450 1075

321 466 430 504 Mart.
449 468 473 504 2

337 1655 451 1699 1075

318 1715 426 1753 Mart.
446 1717 469 1752 3

508 269 610 323 172
1003 283 1278 322 GREGomI
1313 284 1392 320 vn
1429 282 1692 320 REGISTRI
1729 283 1772 320 11
1797 282 1858 320 53.
1886 283 1947 321 54.

503 405 677 455 autem
714 406 880 472 parte,
923 409 979 454 an
1007 417 1109 469 qua
1140 398 1405 469 praefatus
1431 399 1686 452 terminus
1718 403 1809 454 aut
1833 399 1928 454 sub
1967 400 2174 456 silentio
2214 404 2304 455 aut
2339 418 2444 455 non

503 501 710 552 ostensa
747 497 982 551 veritatis
1023 499 1075 549 et
1098 495 1346 563 iustitiae,
1386 498 1600 565 propter
1627 511 1783 564 quam
1822 495 2026 566 clamet,
2067 497 2444 568 approbatione

501 594 832 647 transductus
870 592 1051 660 fuerit,
1101 591 1275 644 nullus
1322 591 1565 661 deinceps
1601 591 1746 644 locus
1783 591 1928 645 nulla
1963 593 2321 663 proclamandi
2359 609 2444 648 oc-

501 690 639 743 casio
681 693 771 742 aut
809 705 965 758 super
1002 688 1101 741 hac
1137 704 1194 741 re
1232 686 1561 741 renovandae
1601 688 1920 755 quaestionis
1957 688 2170 743 licentia
2199 689 2440 760 supersit.

500 784 612 838 Hoc
648 784 808 853 igitur
844 784 998 837 modo
1038 783 1460 854 praenominatos
1511 783 1781 853 episcopos
1827 784 1884 837 in
1929 788 2112 838 nostra
2147 786 2446 856 praesentia

499 879 814 950 pacificatOS‚
855 883 907 933 et
943 879 1298 950 praescriptae
1337 877 1637 932 diffinitioni
1666 883 1889 948 gratum,
1930 883 1988 933 ut
2024 881 2314 950 videntur¹’‚
2354 881 2443 935 ad—

498 976 735 1030 hibentes
765 993 1049 1044 assensum,
1092 975 1157 1028 ad
1183 974 1399 1045 propria
1424 991 1542 1028 cum
1568 975 1854 1045 apostolica
1879 975 2238 1031 benedictione
2265 981 2317 1031 et
2339 977 2444 1031 fra-

498 1076 648 1126 terna
695 1072 911 1125 caritate
961 1071 1268 1125 dimisimus,
1327 1070 1440 1124 Hoc
1492 1071 1556 1124 ab
1607 1072 1845 1126 omnibus
1891 1072 2200 1125 inviolatum
2238 1076 2290 1126 et
2325 1089 2444 1143 per-

498 1172 654 1238 petuo
679 1167 1044 1221 inconcussum
1074 1168 1200 1236 fore,
1242 1167 1528 1237 apostolica
1566 1168 1872 1222 auctoritate
1910 1168 2261 1239 praecipimus
2289 1171 2444 1239 atque

499 1265 776 1318 sancimus,
855 1263 993 1317 Data
1030 1262 1227 1317 Romae
1267 1265 1299 1316 6
1337 1261 1514 1316 Nonas
1552 1262 1746 1333 Martii,
1785 1264 2069 1318 indictione
2113 1266 2195 1318 13.

498 1435 548 1496 Π
583 1439 684 1496 54.
718 1441 1043 1493 Placentinis
1081 1443 1304 1506 nuntiat,
1346 1440 1667 1511 Dionysium
1704 1444 1761 1494 in
1799 1443 1998 1512 synodo
2038 1453 2289 1496 remotum
2327 1460 2442 1496 mu-

718 1555 838 1588 nere
876 1536 1165 1606 episcopali
1201 1554 1319 1599 esse.

647 1644 926 1714 Gregorius
966 1645 1239 1715 episcopus
1279 1663 1459 1700 servus
1498 1663 1767 1700 servorum
1795 1647 1895 1701 Dei
1931 1648 2189 1702 universis
2228 1647 2443 1701 catholi-

497 1743 570 1796 cis
609 1741 943 1795 Placentinae
993 1741 1240 1795 ecclesiae
1285 1741 1506 1795 salutem
1547 1746 1599 1795 et
1636 1743 1974 1812 apostolicam
2012 1744 2440 1798 benedictionem.

645 1837 813 1908 Super
851 1837 1153 1891 confusione
1192 1837 1440 1891 ecclesiae
1478 1842 1699 1907 vestrae,
1741 1839 2066 1893 dilectissimi
2102 1839 2213 1908 filii,
2253 1839 2343 1893 diu
2377 1840 2443 1894 ad

494 1952 590 1988 nos
630 1933 842 2004 querela
880 1933 1054 1987 delata
1092 1937 1195 2000 est3
1238 1937 1290 1987 et
1327 1934 1569 1987 contritio
1610 1935 1904 1988 animarum
1941 1933 2218 2005 rerumque
2244 1939 2443 1990 vestra-

494 2049 639 2100 rum,
688 2032 828 2084 facta
871 2047 966 2100 per
1003 2030 1241 2098 iniquum
1279 2033 1571 2100 pastorem,
1622 2047 1996 2101 saepenumero
2034 2036 2314 2103 paternum
2348 2049 2442 2086 no—

496 2132 694 2182 81111111ο
744 2127 996 2180 cruciavit
1044 2124 1300 2179 affectum.
1370 2125 1779 2195 Expectavimus
1828 2128 2064 2182 arborem
2115 2128 2335 2198 malam,
2384 2133 2444 2183 ut

494 2225 689 2277 faceret
724 2223 888 2277 bonos
926 2223 1126 2276 fructus
1142 2218 1179 2288 1;
1221 2222 1312 2275 sed
1350 2221 1605 2291 plantatio
1643 2223 1838 2292 iniqua,
1878 2224 2128 2278 radicitus
2169 2225 2352 2278 vitiata
2390 2229 2442 2279 et

497 2320 634 2373 sicca
670 2336 766 2389 per
802 2322 997 2386 totum,
1045 2318 1300 2388 patientia
1349 2317 1576 2371 deterior
1614 2322 1716 2387 est,
1768 2323 1958 2373 terram
2001 2316 2264 2390 occupat²‚
2315 2320 2440 2389 quin

496 2416 656 2469 etiam
702 2415 769 2468 ad
804 2414 1077 2467 infamiam
1114 2414 1274 2467 totius
1316 2413 1562 2467 ecclesiae
1599 2415 1860 2482 germinat
1894 2416 2122 2469 fructum
2159 2416 2440 2486 reprobum

494 2511 549 2564 in
576 2527 904 2564 communem
930 2513 1152 2562 mortem
1182 2514 1232 2562 et
1255 2510 1312 2562 in
1339 2514 1542 2563 vestrae
1568 2511 1876 2580 perditionis
1904 2512 2216 2582 exemplum.
2258 2512 2438 2579 Quem,

496 2606 620 2659 olim
672 2607 814 2659 omni
862 2604 1031 2658 officio
1079 2605 1368 2675 privatum,
1418 2606 1624 2660 reddita
1671 2607 1771 2660 sibi
1809 2607 1920 2661 sola
1958 2609 2320 2662 communione
2358 2625 2440 2662 ec-

496 2702 701 2770 clesiae,
741 2702 921 2755 multis
959 2702 1116 2754 minis
1155 2718 1214 2755 ac
1238 2701 1479 2772 precibus
1507 2704 1783 2757 contestati
1809 2721 2012 2758 sumus:
2052 2708 2113 2758 ut
2135 2709 2441 2775 procuraret

494 2798 684 2852 habere
722 2815 906 2868 pacem
942 2798 1225 2852 vobiscum.
1283 2797 1521 2852 Redditis
1561 2803 1613 2852 et
1648 2800 1922 2868 restitutis,
1970 2817 2100 2870 quae
2138 2800 2437 2868 abstulerat,

495 2911 613 2948 cum
658 2894 856 2962 gratiad
893 2894 1203 2947 ministerii⁰
1244 2893 1315 2947 ei‘
1354 2911 1499 2964 spem
1546 2895 1759 2948 maioris
1807 2895 2044 2950 beneficii
2082 2897 2342 2964 dedimuS,
2393 2896 2439 2949 si

495 2991 743 3044 mandata
782 2994 1027 3044 servaret.
1089 2989 1190 3043 Sed
1217 2990 1329 3043 Deo
1369 2990 1577 3044 nolente
1616 2992 1711 3045 sub
1740 2991 1894 3046 huius
1928 2992 2316 3046 misericordiae
2349 3009 2437 3045 ve-

494 3086 722 3140 lamento
762 3087 956 3157 operiri
992 3090 1209 3157 peccata
1245 3086 1626 3140 inobedientiae
1665 3088 1792 3156 eiuS‚
1833 3105 1936 3156 qua
1970 3104 2124 3158 saepe
2153 3086 2438 3141 offenderat

494 3200 606 3250 1108,
648 3187 700 3236 et
738 3186 922 3253 operta
957 3182 1218 3253 impunita
1254 3183 1495 3252 relinqui,
1533 3183 1725 3237 iterum
1751 3184 2000 3237 mentitus
2028 3187 2108 3237 est
2146 3186 2318 3252 atque,
2355 3183 2437 3237 vir

493 3279 769 3332 manifeste
808 3279 1090 3347 sacrilegus
1131 3282 1183 3332 et
1218 3278 1500 3332 multorum
1543 3279 1795 3332 scelerum
1832 3295 1977 3347 reuS‚
2021 3279 2221 3332 monita
2257 3282 2437 3333 nostra

494 3374 811 3443 posthabuit.
882 3374 1209 3445 Quapropter
1253 3374 1551 3428 inmutabili
1597 3375 1854 3428 sententia
1900 3379 2107 3428 sanctae
2151 3375 2336 3445 synodi
2385 3379 2437 3429 et

612 3488 644 3513 a.
681 3489 702 3514 a
730 3478 880 3515 addidi.
992 3477 1027 3514 b.
1055 3478 1228 3515 videatur
1254 3492 1285 3514 c.
1401 3489 1432 3514 c.
1459 3479 1630 3515 nostrum
1657 3478 1805 3514 addidi.
1918 3476 1953 3513 d.
1981 3477 2101 3524 gratia
2128 3467 2179 3524 (ξ)
2207 3480 2344 3526 scripsi
2364 3492 2434 3526 pro

496 3553 592 3589 aqua
620 3532 696 3592 (aq)
726 3544 809 3580 cod.
839 3541 1020 3589 (Coniecit
1047 3545 1287 3582 Harduinus:
1314 3554 1476 3592 curaque
1502 3543 1721 3588 ministerii,
1754 3543 2003 3580 Giesebrecht:
2037 3553 2162 3580 curam
2196 3544 2339 3592 antiqui
2365 3544 2433 3581 mi·

493 3606 666 3653 nisterii.)
822 3620 853 3645 e.
887 3610 1098 3646 monisterii
1123 3625 1154 3646 c.
1303 3609 1329 3646 f.
1367 3610 1405 3645 et
1431 3624 1462 3645 c.

613 3672 652 3715 1.
687 3669 754 3715 ef.
775 3671 932 3715 Matth.
957 3673 997 3729 7,
1021 3673 1090 3716 18.
1240 3674 1282 3717 2.
1312 3673 1422 3716 Luc.
1447 3673 1516 3729 13,
1541 3673 1582 3716 7.
