2730 4198
523 319 633 371 470
878 329 1152 369 GREGORH
1189 328 1269 365 vn
1304 326 1568 365 REG1s'rm
1605 327 1706 363 vm
1731 326 1792 363 24,
1820 327 1868 364 25
1896 325 1960 372 (ix
1987 327 2022 364 1.
2051 324 2103 373 2).

380 454 492 499 1081
526 453 824 503 sanctorum
861 449 1071 516 patrum
1109 459 1328 498 censura
1363 443 1420 495 in
1454 458 1541 496 eos
1568 442 1901 496 iudicandum
1929 443 2188 512 statuerit,
2229 442 2318 512 qui
2341 445 2463 512 post

380 2083 494 2127 1081

525 543 964 598 consecrationem
1015 556 1163 593 suam
1200 555 1295 609 per
1332 542 1439 591 tres
1479 537 1751 590 continuos
1789 555 1994 592 menses
2034 538 2276 608 pallium,
2325 537 2464 607 quod

525 641 605 694 sui
633 640 702 693 sit
728 636 902 704 officii,
943 635 1175 688 obtinere
1201 634 1468 704 tepuerint
1481 630 1508 685 ¹.
1623 632 1848 687 Proinde
1877 634 2164 704 apostolica
2187 633 2286 687 tibi
2310 649 2462 704 prae-

524 736 744 806 cipimus
794 731 1128 786 auctoritate:
1178 734 1261 798 ut,
1313 730 1436 799 quia
1485 733 1783 782 sanctorum
1829 733 2041 799 patrum
2080 733 2275 783 statuta
2312 728 2464 799 parvi

523 830 777 902 pendisti,
825 827 1025 880 nullum
1075 826 1318 895 deinceps
1367 825 1670 895 episcopum
1718 824 1799 878 vel
1849 824 2171 879 sacerdotem
2219 825 2461 878 ordinare

525 943 616 980 seu
663 923 905 979 ecclesias
952 938 1255 993 praesumas
1304 937 1632 988 consecrare,
1683 920 1846 974 donec
1890 920 2100 973 honoris
2139 920 2218 974 tui
2255 919 2465 990 supple-

525 1025 787 1088 mentum,
838 1018 986 1089 pallii
1022 1017 1264 1071 videlicet
1299 1033 1480 1084 usum,
1531 1016 1594 1070 ab
1633 1016 1730 1069 hac
1769 1016 1889 1069 sede
1926 1015 2307 1086 impetraveris
2383 1013 2465 1069 De

525 1121 727 1171 caetero
766 1120 875 1168 tam
913 1118 964 1168 te
1004 1130 1161 1183 quam
1199 1116 1250 1166 et
1288 1111 1639 1179 suffraganeos
1677 1115 1795 1165 tuos
1833 1128 2129 1166 monemus:
2170 1115 2229 1165 ut
2258 1110 2466 1182 praefa-

523 1218 634 1267 tam
671 1211 880 1281 culpam
917 1225 1246 1278 summopere
1278 1208 1552 1262 emendare
1582 1208 1897 1278 procuretis3
1938 1225 2021 1276 ne,
2061 1208 2107 1261 si
2144 1206 2466 1276 negligentes

525 1314 584 1362 ut
619 1308 870 1361 hactenus
908 1306 963 1357 in
1011 1304 1108 1357 hoc
1147 1304 1478 1371 exstiterim,
1526 1307 1841 1374 potestatem
1881 1304 2020 1358 beati
2057 1303 2201 1358 Petri
2238 1320 2334 1374 per
2369 1319 2465 1356 nos

527 1407 719 1473 quanto
760 1400 1053 1454 dilatiorem
1091 1403 1238 1453 tanto
1278 1400 1590 1454 severiorem
1628 1416 1723 1469 pro
1763 1404 2065 1470 contemptu
2104 1398 2463 1470 experiamini.

526 1571 656 1634 VIII
683 1576 762 1632 25
799 1568 897 1643 (IX
924 1574 1001 1642 2).
1051 1575 1321 1645 Adqfonso
1359 1576 1442 1629 VI
1478 1578 1594 1646 reyi
1628 1576 1876 1646 Leqiom’s
1923 1587 1969 1629 et
2007 1575 2252 1631 Castiliae
2288 1577 2469 1630 scribit

713 1675 775 1725 de
821 1675 929 1725 suis
980 1672 1380 1733 detractoribu8;
1429 1673 1492 1723 de
1536 1674 1643 1724 ritu
1683 1672 1922 1725 Romano
1961 1676 2018 1725 in
2058 1674 2280 1726 ecclesiis
2318 1675 2471 1742 requi

715 1771 821 1821 eius
860 1778 1089 1838 recept&
1129 1769 1191 1819 de
1218 1765 1521 1820 Constantia
1558 1786 1720 1820 uxore
1759 1770 1896 1831 eiu83
1935 1770 1998 1821 de
2036 1769 2247 1822 abbatia
2274 1768 2333 1823 S.
2355 1768 2466 1821 Fa-

715 1866 899 1926 cundi3
957 1865 1021 1916 de
1076 1863 1466 1933 archiepiscopo
1526 1862 1788 1933 eliqendm
1843 1882 1908 1916 ne
1953 1863 2177 1917 Iudaeos
2225 1866 2367 1917 sinat
2411 1866 2470 1916 in

712 1962 1023 2013 christianos
1062 1960 1342 2012 dominari.
1400 1959 1487 2011 De
1523 1977 1732 2012 munere
1768 1962 1925 2013 misso
1961 1962 2164 2030 qratias
2203 1963 2328 2031 aqit.

676 2070 957 2139 Gregorius
997 2070 1271 2140 episcopus
1311 2085 1491 2122 servus
1543 2086 1814 2123 servorum
1847 2069 1949 2124 Dei
1985 2066 2323 2137 A(defonso)²
2361 2069 2471 2140 glo·
2548 2123 2550 2125 .

526 2169 664 2222 rioso
701 2167 815 2235 regi
852 2166 1139 2236 Hispaniae
1178 2166 1399 2219 salutem
1438 2170 1490 2220 et
1528 2165 1868 2236 apostolicam
1905 2166 2333 2221 benedictionem.

673 2263 792 2316 Non
830 2264 1038 2330 ignorat
1074 2261 1352 2332 prudentia
1390 2265 1506 2314 tua:
1547 2262 1760 2314 mentiri
1789 2266 2063 2331 peccatum
2089 2279 2218 2331 esse,
2259 2264 2305 2317 si
2330 2264 2472 2318 etde

528 2360 699 2413 ocioso
739 2358 896 2412 verbo
934 2358 991 2410 in
1029 2357 1266 2410 districto
1306 2356 1546 2410 examine
1586 2356 1842 2424 exigenda
1887 2360 1967 2410 est
2003 2353 2182 2411 ratio³.
2263 2357 2367 2412 Sed
2403 2376 2471 2414 ne

529 2455 740 2524 quidem
777 2453 1108 2507 mendacium
1144 2453 1346 2523 ipsum,
1388 2452 1525 2521 quod
1561 2450 1622 2506 fit
1657 2452 1749 2522 pia
1783 2452 2072 2506 intentione
2108 2469 2205 2523 pro
2243 2470 2399 2524 pace,
2441 2471 2474 2508 a

529 2550 684 2620 culpa
720 2550 929 2620 penitus
967 2550 1200 2602 immune
1239 2565 1369 2617 esse,
1408 2548 1620 2618 probari
1657 2551 1845 2618 potest.
1911 2547 2053 2602 Haec
2089 2548 2282 2603 idcirco
2319 2566 2473 2619 prae-

527 2646 832 2700 libavimus:
883 2653 968 2712 ut,
1020 2661 1138 2698 cum
1176 2644 1233 2696 in
1270 2644 1457 2697 ceteris
1494 2643 1624 2697 illud
1662 2648 1938 2714 peccatum
1975 2660 2087 2698 esse
2125 2661 2231 2698 non
2269 2644 2474 2700 dubita-

528 2742 691 2810 veriS,
739 2742 795 2794 in
834 2740 1188 2794 sacerdotibus
1229 2740 1378 2809 quasi
1416 2740 1745 2808 sacrilegium
1784 2739 2035 2807 conicias3
2077 2743 2153 2809 et,
2203 2740 2340 2811 quod
2377 2741 2473 2795 tibi

530 2837 820 2905 dirigimm,
860 2838 935 2890 ita
971 2838 1026 2889 in
1064 2853 1122 2890 re
1161 2853 1290 2905 esse,
1329 2840 1463 2890 teste
1501 2836 1722 2890 veritate
1760 2852 2055 2904 cognoscas,
2145 2887 2147 2889 .

599 2982 601 2985 ⁴
678 2932 795 2986 Non
833 2950 927 2986 nos
965 2933 1118 2986 latet:
1158 2932 1325 2986 multa
1363 2933 1427 2986 de
1464 2933 1658 2986 nostris
1686 2932 1839 2986 factis
1868 2948 1928 2986 ac
1953 2932 2103 2985 dictis
2129 2931 2232 2986 tuis
2260 2932 2472 2995 auribus

531 3029 744 3082 sinistra
781 3028 1214 3098 interpretatione
1252 3028 1458 3082 deferri.
1521 3028 1671 3082 Unde
1711 3033 1778 3098 et,
1817 3045 1914 3099 pro
1953 3028 2101 3082 nobis
2139 3027 2195 3081 in
2232 3027 2472 3082 notitiam

530 3125 823 3179 dilectionis
861 3119 983 3178 tuae
1022 3124 1432 3179 obtrectantibus
1471 3125 1812 3195 respondere,
1859 3141 1964 3178 non
2004 3124 2230 3177 alienum
2266 3124 2474 3193 putavi-

529 3238 662 3274 mus,
797 3220 1131 3275 Peccatorem
1169 3238 1254 3275 me
1293 3237 1421 3288 esse,
1462 3221 1596 3275 sicut
1632 3237 1814 3274 verum
1852 3224 1946 3288 est,
1986 3217 2220 3273 confiteri
2256 3219 2473 3274 minime

530 3317 691 3387 piget.
751 3317 946 3371 Verum
987 3318 1032 3370 si
1070 3333 1228 3371 causa
1266 3317 1371 3370 odii
1409 3316 1492 3371 vel
1531 3316 1865 3371 detractionis
1905 3331 2108 3383 eorum,
2159 3314 2249 3383 qui
2284 3315 2341 3368 in
2377 3332 2473 3370 nos

533 3412 788 3482 fremunt,
829 3413 1089 3467 subtiliter
1131 3413 1501 3481 investigetur,
1541 3412 1789 3482 profect0‚
1828 3426 1933 3464 non
1969 3413 2079 3463 tam
2118 3410 2335 3465 alicuius
2373 3411 2475 3465 ini-

652 3564 692 3606 1.
724 3565 781 3609 V.
803 3564 1053 3608 Burchardi
1074 3564 1194 3609 decr.
1216 3565 1238 3609 I
1258 3578 1296 3609 c.
1315 3565 1372 3609 25
1395 3562 1468 3620 (cf.
1491 3563 1695 3609 Gratiani
1715 3562 1834 3606 decr.
1856 3561 1891 3605 Ι.
1913 3561 1970 3605 D.
1992 3562 2077 3606 100
2101 3574 2139 3607 c.
2159 3563 2217 3618 1).
2337 3564 2380 3609 2.
2412 3564 2476 3609 VI

532 3636 630 3691 regi
659 3637 872 3692 Legionis
904 3641 951 3680 et
982 3637 1206 3682 Castiliae.
1356 3639 1398 3682 3.
1430 3637 1588 3682 Matth.
1612 3638 1681 3694 12,
1704 3637 1784 3680 36:
1829 3648 1996 3693 „omne
2034 3634 2224 3680 verbum
2264 3637 2474 3695 otiosum,

536 3708 658 3764 quod
688 3709 826 3753 locuti
856 3708 1022 3754 fuerint
1050 3710 1269 3766 homines,
1301 3710 1494 3754 reddent
1522 3710 1742 3755 rationem
1773 3709 1830 3754 de
1861 3721 1915 3754 eo
1945 3710 1992 3754 in
2022 3709 2095 3754 die
2124 3708 2328 3755 iudicii“.
