2730 4198
542 295 653 351 590
1194 311 1449 350 BONITHO
1489 313 1565 348 AD
1604 311 1831 350 AMICUM

544 429 778 482 omnibus
814 430 983 495 rebus,
1027 446 1159 498 quae
1187 430 1510 499 pertinerent
1546 429 1618 480 ad
1652 446 1852 498 papam
1890 439 1938 481 et
1962 430 2034 481 ad
2059 431 2165 487 eius
2195 429 2479 497 Romanos,

543 527 729 577 consi
740 525 894 577 lium
931 542 1111 594 papae
1156 543 1191 575 a
1228 542 1334 576 sese
1372 524 1660 575 adhibitum
1697 525 1784 575 iri.
1866 523 2013 589 Quae
2051 526 2284 578 condicio
2326 543 2483 595 quam

539 638 646 672 non
676 620 852 689 fuerit
898 621 1286 672 accommodata
1323 621 1396 671 ad
1433 620 1767 671 coercendum
1803 622 1940 689 re9is
1980 621 2284 686 arbitrium,
2334 639 2481 674 nemo

541 726 615 767 est
651 718 779 784 quin
811 717 1115 785 perspiciat.

691 811 894 863 Rursus
940 813 1096 863 istum
1132 812 1415 863 iuramenti
1451 810 1646 862 locum:
1700 810 2072 875 „honorem,
2127 829 2306 880 quem
2341 831 2482 864 nune

539 907 692 959 habes
733 918 779 959 et
806 925 925 977 per
960 925 1049 958 me
1086 907 1436 959 habiturus
1478 908 1636 970 eris,
1677 924 1791 957 mea
1828 906 2091 958 voluntate
2118 938 2187 944 -—
2213 925 2320 959 non
2356 925 2478 977 per-

539 1002 672 1054 des“
713 1005 828 1072 quis
869 1003 1092 1055 erederet
1130 1023 1164 1054 a
1194 1002 1494 1072 pontificiae
1530 1004 1610 1053 rei
1633 1003 1862 1054 studioso
1887 1004 2119 1072 positum
2146 1002 2282 1053 esse?
2339 1001 2481 1068 Quin

537 1099 694 1150 immo
742 1109 862 1150 sunt
906 1098 1029 1150 haee
1065 1098 1222 1150 verba
1260 1108 1525 1167 tantopere
1562 1099 1710 1166 reyia
1746 1097 1828 1149 vel
1862 1100 2229 1167 imperatoria,
2280 1107 2340 1150 ut
2373 1115 2480 1150 non

539 1203 666 1245 esset
703 1194 844 1262 quod
878 1195 1165 1257 mirareris,
1209 1196 1257 1245 si
1285 1204 1503 1263 propter
1537 1194 1671 1245 hane
1698 1212 1909 1245 oausam
1935 1194 2303 1246 ecclesiasticus
2330 1193 2478 1246 homo

536 1290 884 1340 iuramentum
922 1289 986 1340 ab
1027 1290 1328 1340 adversario
1370 1289 1608 1341 eeclesiae
1647 1291 1989 1358 exeoyitatum
2029 1308 2132 1341 esse
2168 1289 2330 1341 vellet.

688 1383 935 1452 Reqalem
982 1385 1202 1452 denique
1248 1385 1467 1436 iurandi
1502 1387 1685 1449 ritum,
1737 1387 1882 1437 ouius
1921 1404 2086 1455 supra
2108 1385 2227 1454 feei
2262 1386 2479 1438 mentio-

535 1496 668 1542 nem,
709 1480 767 1529 in
805 1496 1008 1529 summa
1043 1481 1124 1530 rei
1157 1498 1375 1548 prorsus
1415 1482 1723 1533 custoditum
1763 1500 1866 1533 esse
1892 1491 2128 1551 apparet.
2187 1481 2332 1532 Nam
2358 1483 2478 1550 qui:

537 1572 704 1636 „Tibi
716 1573 745 1597 “
782 1574 957 1642 inquit
1002 1612 1030 1637 „
1048 1576 1349 1643 promittere
1398 1586 1445 1627 et
1489 1578 1669 1628 iurare
1699 1576 1853 1644 facio
1873 1577 1919 1641 “,
1970 1595 2077 1628 non
2115 1579 2228 1646 ipse
2264 1579 2474 1629 iuravit.

535 1668 610 1720 Et
657 1688 690 1719 a
722 1668 970 1735 fidelibus
1016 1672 1153 1739 reyis
1204 1671 1412 1739 quidem
1459 1673 1812 1723 iuramentum
1861 1674 2055 1724 dietum
2103 1691 2230 1737 esse,
2294 1673 2479 1724 lemma

527 1774 713 1833 postea
751 1765 1008 1817 adiectum
1046 1766 1191 1818 docet
1225 1768 1328 1818 ita:
1368 1805 1397 1830 „
1417 1766 1772 1819 [uramentum
1812 1769 1953 1836 quod
1974 1768 2162 1836 faeere
2184 1768 2322 1836 fecit
2357 1779 2478 1820 suos

531 1861 706 1925 fideles
751 1860 913 1913 Otto“
953 1871 1040 1913 oet.
1059 1855 1072 1880 ¹

689 1954 936 2026 Greyorii
970 1956 1085 2009 VII
1113 1967 1283 2009 autem
1321 1966 1570 2027 tempore,
1623 1977 1738 2009 eum
1774 1960 1820 2011 is
1861 1970 1906 2012 et
1945 1961 2152 2011 omnino
2191 1960 2477 2011 sacerdotes

534 2052 693 2105 multo
742 2054 1034 2122 superiores
1081 2053 1412 2123 principibus
1460 2072 1565 2105 6886
1615 2055 1817 2107 doceret
1854 2066 1901 2108 et
1932 2057 2242 2125 praesertim
2278 2056 2479 2124 reyium
2543 2121 2545 2123 .

534 2149 685 2200 illum
721 2150 945 2201 iurandi
978 2167 1172 2200 morem
1209 2167 1467 2202 removere
1496 2161 1735 2203 tentasset
1761 2149 1991 2216 Canusii,
2034 2152 2157 2203 haee
2184 2152 2286 2203 duo
2309 2152 2475 2220 potis-

533 2246 722 2296 simum
767 2246 825 2296 in
872 2246 1161 2297 iuramento
1217 2244 1496 2298 Ottoniano
1543 2247 1752 2299 moleste
1781 2247 1932 2315 ferri
1977 2257 2277 2316 coeperunt:
2338 2247 2478 2315 quod

532 2340 690 2392 verba
727 2341 1082 2391 iurisiurandi
1116 2358 1223 2391 non
1261 2341 1325 2392 ab
1364 2343 1481 2410 ipso
1519 2360 1638 2411 reye
1677 2344 1817 2394 dieta
1856 2353 2017 2406 erant,
2061 2352 2108 2394 et
2145 2343 2287 2411 quod
2321 2344 2379 2392 in
2417 2359 2474 2393 eo

534 2437 609 2487 sie
648 2436 938 2504 leyebatur:
978 2436 1285 2501 „honorem,
1329 2454 1479 2505 quem
1515 2456 1653 2489 nune
1692 2438 1844 2489 habes
1886 2448 1933 2490 et
1965 2456 2062 2507 per
2098 2456 2178 2489 me
2204 2437 2474 2489 habiturus

536 2533 636 2582 eris
653 2530 699 2582 (ἢ
776 2531 850 2583 Et
896 2541 996 2583 tres
1047 2533 1254 2600 quidem
1300 2534 1535 2584 novimus
1575 2535 1756 2585 aetatis
1794 2533 1938 2585 illius
1977 2535 2117 2585 viros
2157 2535 2359 2598 doctos,
2413 2550 2476 2584 ea

537 2626 747 2695 quibus,
800 2628 1060 2696 quidquid
1110 2627 1406 2696 offensionis
1445 2629 1665 2682 habebat
1699 2631 2072 2694 iuramentum,
2124 2647 2216 2680 suo
2259 2630 2475 2698 quisque

533 2722 707 2774 Marte
762 2740 952 2774 sanare
1000 2734 1211 2775 conatus
1261 2734 1347 2776 est.
1430 2723 1538 2789 Qui
1580 2735 1725 2776 sunt:
1774 2724 2052 2777 Anselmus
2092 2724 2163 2776 II
2202 2726 2473 2799 episeopus

532 2817 807 2882 Lucensis,
856 2818 1148 2871 Deusdedit
1189 2820 1457 2889 presbyter
1506 2820 1793 2872 cardinalis
1842 2822 1982 2874 tituli
2027 2821 2379 2891 apostolorum
2414 2822 2472 2872 in

532 2913 798 2978 Eudoxia,
839 2914 1068 2967 Bonitlco
1109 2917 1378 2985 episeopus
1420 2915 1685 2969 Sutrinus.

679 3010 888 3062 Maiore
927 3012 1101 3063 ceteris
1138 3012 1490 3063 moderatione
1527 3030 1650 3064 usus
1689 3022 1763 3065 est
1785 3011 2063 3064 Anselmus
2092 3009 2355 3077 (Collectio
2383 3030 2470 3063 ea-

531 3124 727 3158 nonum
763 3105 827 3157 L.
857 3105 896 3157 I
927 3125 968 3158 e.
997 3106 1123 3172 90),
1177 3109 1324 3166 euius
1357 3107 1656 3176 formulam
1701 3128 1734 3160 a
1777 3106 2033 3162 Gratiano
2063 3117 2250 3177 postea
2285 3109 2343 3158 in
2381 3107 2469 3158 de-

534 3212 725 3254 cretum
764 3199 857 3267 (P.
886 3201 926 3253 I
955 3201 1028 3254 D.
1058 3202 1131 3255 63
1170 3222 1284 3254 ean.
1312 3201 1411 3268 33)
1449 3214 1708 3274 receptam
1747 3222 1852 3255 esse
1888 3205 2136 3255 videmus.
2215 3202 2473 3272 Imposuit

651 3323 691 3367 1.
732 3322 846 3367 Cum
884 3335 970 3367 nee
998 3321 1158 3367 fideles
1187 3323 1300 3368 haee
1328 3324 1428 3380 ipsa
1457 3324 1696 3369 iuramenti
1723 3324 1864 3369 verba
1905 3323 2199 3380 „promittere
2238 3326 2285 3366 et
2323 3323 2470 3367 iurare

531 3393 648 3440 facio
663 3395 683 3417 “
715 3397 1033 3452 pronuntiasse
1063 3395 1352 3441 manifestum
1384 3398 1463 3454 sit,
1502 3401 1646 3442 totam
1684 3397 1922 3441 iuramenti
1958 3395 2215 3452 formulam,
2256 3396 2469 3452 quemad-

531 3469 716 3513 modum
747 3469 806 3513 ad
836 3482 919 3513 nos
954 3470 1182 3526 pervenit,
1222 3469 1324 3514 ideo
1362 3471 1523 3514 litteris
1563 3471 1822 3514 mandatam
1862 3481 1962 3513 esse
1997 3473 2129 3525 put0‚
2167 3473 2219 3512 ut
2247 3469 2469 3513 Iohannes

530 3555 670 3598 papa,
710 3542 819 3598 quid
857 3543 977 3599 regis
1006 3541 1163 3587 fideles
1193 3543 1340 3587 iurare
1371 3544 1483 3588 iussi
1523 3548 1696 3600 essent,
1737 3543 2018 3598 intelligeret.
2082 3541 2173 3586 Sed
2202 3542 2323 3586 idem
2352 3542 2468 3586 iura-

532 3618 754 3672 mentum,
793 3619 1016 3660 mutatum
1053 3616 1311 3660 necessario
1340 3629 1422 3672 pro
1451 3617 1657 3673 personis
1695 3616 1958 3672 iurantium,
1999 3627 2160 3671 reapse
2197 3629 2226 3659 a
2260 3614 2468 3660 fidelibus

532 3687 702 3732 dietum
733 3701 848 3746 esse,
880 3701 938 3733 ex
966 3690 1176 3734 lemmate
1206 3690 1493 3746 perspicuum
1524 3693 1607 3734 est.
