<?xml version="1.0" encoding="UTF-8"?>
<!DOCTYPE html PUBLIC "-//W3C//DTD XHTML 1.0 Transitional//EN"
    "http://www.w3.org/TR/xhtml1/DTD/xhtml1-transitional.dtd">
<html xmlns="http://www.w3.org/1999/xhtml" xml:lang="en" lang="en">
 <head>
  <title>
</title>
<meta http-equiv="Content-Type" content="text/html;charset=utf-8" />
  <meta name='ocr-system' content='tesseract 3.04.00' />
  <meta name='ocr-capabilities' content='ocr_page ocr_carea ocr_par ocr_line ocrx_word'/>
</head>
<body>
  <div class='ocr_page' id='page_1' title='image "bibliothecarerum02wattuoft_0547.png"; bbox 0 0 2730 4198; ppageno 0'>
   <div class='ocr_carea' id='block_1_1' title="bbox 683 335 2242 387">
    <p class='ocr_par' dir='ltr' id='par_1_1' title="bbox 683 335 2242 387">
     <span class='ocr_line' id='line_1_1' title="bbox 683 335 2242 387; baseline 0.001 -1"><span class='ocrx_word' id='word_1_1' title='bbox 683 347 959 386; x_wconf 82' lang='lat' dir='ltr'><strong>GREGORII</strong></span> <span class='ocrx_word' id='word_1_2' title='bbox 995 349 1074 385; x_wconf 85' lang='lat' dir='ltr'>vn</span> <span class='ocrx_word' id='word_1_3' title='bbox 1110 348 1419 387; x_wconf 78' lang='lat' dir='ltr'>EPISTOLAE</span> <span class='ocrx_word' id='word_1_4' title='bbox 1458 348 1802 387; x_wconf 79' lang='lat' dir='ltr'>GOLLEGTAE.</span> <span class='ocrx_word' id='word_1_5' title='bbox 1834 348 1869 384; x_wconf 88' lang='lat'>9.</span> <span class='ocrx_word' id='word_1_6' title='bbox 2140 335 2242 387; x_wconf 84' lang='lat'>531</span> 
     </span>
    </p>
   </div>
   <div class='ocr_carea' id='block_1_2' title="bbox 282 463 2395 3413">
    <p class='ocr_par' dir='ltr' id='par_1_2' title="bbox 282 463 2395 3413">
     <span class='ocr_line' id='line_1_2' title="bbox 302 463 2395 567; baseline 0.001 -51"><span class='ocrx_word' id='word_1_7' title='bbox 302 463 549 533; x_wconf 85' lang='lat' dir='ltr'>cipimuS,</span> <span class='ocrx_word' id='word_1_8' title='bbox 600 464 646 517; x_wconf 94' lang='lat' dir='ltr'>si</span> <span class='ocrx_word' id='word_1_9' title='bbox 692 465 747 517; x_wconf 93' lang='lat' dir='ltr'>in</span> <span class='ocrx_word' id='word_1_10' title='bbox 797 465 1136 519; x_wconf 77' lang='lat' dir='ltr'>obduratione</span> <span class='ocrx_word' id='word_1_11' title='bbox 1183 483 1279 519; x_wconf 90' lang='lat' dir='ltr'>sua</span> <span class='ocrx_word' id='word_1_12' title='bbox 1324 466 1604 536; x_wconf 87' lang='lat' dir='ltr'>persistere</span> <span class='ocrx_word' id='word_1_13' title='bbox 1651 464 1898 533; x_wconf 87' lang='lat' dir='ltr'>voluerit,</span> <span class='ocrx_word' id='word_1_14' title='bbox 1949 463 2151 518; x_wconf 89' lang='lat' dir='ltr'>nullam</span> <span class='ocrx_word' id='word_1_15' title='bbox 2201 466 2248 518; x_wconf 91' lang='lat' dir='ltr'>ei</span> <span class='ocrx_word' id='word_1_16' title='bbox 2282 471 2395 567; x_wconf 39' lang='lat'>1324</span> 
     </span>
     <span class='ocr_line' id='line_1_3' title="bbox 303 557 2382 630; baseline 0.001 -18"><span class='ocrx_word' id='word_1_17' title='bbox 303 557 626 613; x_wconf 85' lang='lat' dir='ltr'>obedientiae</span> <span class='ocrx_word' id='word_1_18' title='bbox 679 561 1028 614; x_wconf 87' lang='lat' dir='ltr'>reverentiam</span> <span class='ocrx_word' id='word_1_19' title='bbox 1077 562 1381 616; x_wconf 81' lang='lat' dir='ltr'>exhibeatis,</span> <span class='ocrx_word' id='word_1_20' title='bbox 1460 561 1641 630; x_wconf 82' lang='lat' dir='ltr'>Neque</span> <span class='ocrx_word' id='word_1_21' title='bbox 1689 561 1745 614; x_wconf 92' lang='lat' dir='ltr'>id</span> <span class='ocrx_word' id='word_1_22' title='bbox 1791 561 1997 614; x_wconf 89' lang='lat' dir='ltr'>animae</span> <span class='ocrx_word' id='word_1_23' title='bbox 2042 565 2248 614; x_wconf 89' lang='lat' dir='ltr'>vestrae</span> <span class='ocrx_word' id='word_1_24' title='bbox 2375 559 2382 567; x_wconf 82' lang='lat'><em>&#39;</em></span> 
     </span>
     <span class='ocr_line' id='line_1_4' title="bbox 300 655 2245 727; baseline 0.001 -19"><span class='ocrx_word' id='word_1_25' title='bbox 300 655 586 725; x_wconf 89' lang='lat' dir='ltr'>perniciem</span> <span class='ocrx_word' id='word_1_26' title='bbox 626 673 738 711; x_wconf 91' lang='lat' dir='ltr'>esse</span> <span class='ocrx_word' id='word_1_27' title='bbox 777 658 989 727; x_wconf 73' lang='lat' dir='ltr'>putetis</span> <span class='ocrx_word' id='word_1_28' title='bbox 1050 658 1216 711; x_wconf 84' lang='lat' dir='ltr'>Nam¹¹</span> <span class='ocrx_word' id='word_1_29' title='bbox 1256 658 1326 725; x_wconf 91' lang='lat' dir='ltr'>si,</span> <span class='ocrx_word' id='word_1_30' title='bbox 1377 661 1436 710; x_wconf 92' lang='lat' dir='ltr'>ut</span> <span class='ocrx_word' id='word_1_31' title='bbox 1488 657 1678 720; x_wconf 88' lang='lat' dir='ltr'>totiens</span> <span class='ocrx_word' id='word_1_32' title='bbox 1726 658 1832 710; x_wconf 90' lang='lat' dir='ltr'>iam</span> <span class='ocrx_word' id='word_1_33' title='bbox 1870 657 2245 727; x_wconf 79' lang='lat' dir='ltr'>praediximUS,</span> 
     </span>
     <span class='ocr_line' id='line_1_5' title="bbox 300 752 2246 823; baseline 0 -19"><span class='ocrx_word' id='word_1_34' title='bbox 300 752 594 821; x_wconf 81' lang='lat' dir='ltr'>praeceptis</span> <span class='ocrx_word' id='word_1_35' title='bbox 644 753 944 823; x_wconf 90' lang='lat' dir='ltr'>apostolicis</span> <span class='ocrx_word' id='word_1_36' title='bbox 993 753 1216 807; x_wconf 88' lang='lat' dir='ltr'>voluerit</span> <span class='ocrx_word' id='word_1_37' title='bbox 1263 769 1376 806; x_wconf 91' lang='lat' dir='ltr'>esse</span> <span class='ocrx_word' id='word_1_38' title='bbox 1425 753 1742 820; x_wconf 80' lang='lat' dir='ltr'>contrariuS,</span> <span class='ocrx_word' id='word_1_39' title='bbox 1804 752 1868 806; x_wconf 91' lang='lat' dir='ltr'>ab</span> <span class='ocrx_word' id='word_1_40' title='bbox 1917 753 2060 806; x_wconf 91' lang='lat' dir='ltr'>omni</span> <span class='ocrx_word' id='word_1_41' title='bbox 2105 752 2246 805; x_wconf 89' lang='lat' dir='ltr'>illius</span> 
     </span>
     <span class='ocr_line' id='line_1_6' title="bbox 300 847 2244 916; baseline 0.001 -16"><span class='ocrx_word' id='word_1_42' title='bbox 300 847 634 902; x_wconf 91' lang='lat' dir='ltr'>subiectionis</span> <span class='ocrx_word' id='word_1_43' title='bbox 673 849 794 916; x_wconf 90' lang='lat' dir='ltr'>iugo</span> <span class='ocrx_word' id='word_1_44' title='bbox 834 849 973 903; x_wconf 85' lang='lat' dir='ltr'>beati</span> <span class='ocrx_word' id='word_1_45' title='bbox 997 848 1140 903; x_wconf 90' lang='lat' dir='ltr'>Petri</span> <span class='ocrx_word' id='word_1_46' title='bbox 1177 848 1485 901; x_wconf 89' lang='lat' dir='ltr'>auctoritate</span> <span class='ocrx_word' id='word_1_47' title='bbox 1514 848 1830 902; x_wconf 83' lang='lat' dir='ltr'>absolvimus</span> <span class='ocrx_word' id='word_1_48' title='bbox 1856 849 1932 901; x_wconf 89' lang='lat' dir='ltr'>ita</span> <span class='ocrx_word' id='word_1_49' title='bbox 1956 848 2244 916; x_wconf 79' lang='lat' dir='ltr'>univerSOS,</span> 
     </span>
     <span class='ocr_line' id='line_1_7' title="bbox 298 943 2244 1012; baseline 0 -15"><span class='ocrx_word' id='word_1_50' title='bbox 298 947 384 1011; x_wconf 88' lang='lat' dir='ltr'>ut,</span> <span class='ocrx_word' id='word_1_51' title='bbox 436 943 625 998; x_wconf 81' lang='lat' dir='ltr'>etiamb</span> <span class='ocrx_word' id='word_1_52' title='bbox 665 946 979 999; x_wconf 81' lang='lat' dir='ltr'>sacramenti</span> <span class='ocrx_word' id='word_1_53' title='bbox 1024 944 1338 1012; x_wconf 85' lang='lat' dir='ltr'>obligatione</span> <span class='ocrx_word' id='word_1_54' title='bbox 1377 943 1596 1011; x_wconf 86' lang='lat' dir='ltr'>quilibet</span> <span class='ocrx_word' id='word_1_55' title='bbox 1633 944 1682 996; x_wconf 93' lang='lat' dir='ltr'>ei</span> <span class='ocrx_word' id='word_1_56' title='bbox 1719 944 1878 997; x_wconf 85' lang='lat' dir='ltr'>fuerit</span> <span class='ocrx_word' id='word_1_57' title='bbox 1917 944 2196 998; x_wconf 86' lang='lat' dir='ltr'>obstrictus</span> <span class='ocrx_word' id='word_1_58' title='bbox 2210 953 2244 1012; x_wconf 78' lang='lat'>⁰,</span> 
     </span>
     <span class='ocr_line' id='line_1_8' title="bbox 300 1039 2242 1110; baseline 0.001 -18"><span class='ocrx_word' id='word_1_59' title='bbox 300 1056 458 1108; x_wconf 89' lang='lat' dir='ltr'>quam</span> <span class='ocrx_word' id='word_1_60' title='bbox 497 1040 587 1094; x_wconf 89' lang='lat' dir='ltr'>diu</span> <span class='ocrx_word' id='word_1_61' title='bbox 615 1040 728 1094; x_wconf 90' lang='lat' dir='ltr'>Deo</span> <span class='ocrx_word' id='word_1_62' title='bbox 767 1040 1111 1110; x_wconf 88' lang='lat' dir='ltr'>omnipotenti</span> <span class='ocrx_word' id='word_1_63' title='bbox 1150 1043 1203 1093; x_wconf 90' lang='lat' dir='ltr'>et</span> <span class='ocrx_word' id='word_1_64' title='bbox 1239 1039 1351 1092; x_wconf 92' lang='lat' dir='ltr'>sedi</span> <span class='ocrx_word' id='word_1_65' title='bbox 1390 1039 1706 1108; x_wconf 89' lang='lat' dir='ltr'>apostolicae</span> <span class='ocrx_word' id='word_1_66' title='bbox 1745 1039 1952 1093; x_wconf 89' lang='lat' dir='ltr'>rebellis</span> <span class='ocrx_word' id='word_1_67' title='bbox 1994 1041 2242 1108; x_wconf 82' lang='lat' dir='ltr'>extiterit,</span> 
     </span>
     <span class='ocr_line' id='line_1_9' title="bbox 297 1134 2245 1190; baseline 0.001 -2"><span class='ocrx_word' id='word_1_68' title='bbox 297 1135 444 1188; x_wconf 91' lang='lat' dir='ltr'>nulla</span> <span class='ocrx_word' id='word_1_69' title='bbox 481 1136 529 1189; x_wconf 92' lang='lat' dir='ltr'>ei</span> <span class='ocrx_word' id='word_1_70' title='bbox 565 1135 831 1190; x_wconf 89' lang='lat' dir='ltr'>fidelitatis</span> <span class='ocrx_word' id='word_1_71' title='bbox 872 1135 1189 1190; x_wconf 84' lang='lat' dir='ltr'>exhibitione</span> <span class='ocrx_word' id='word_1_72' title='bbox 1227 1134 1319 1187; x_wconf 92' lang='lat' dir='ltr'>fiat</span> <span class='ocrx_word' id='word_1_73' title='bbox 1356 1135 1627 1188; x_wconf 75' lang='lat' dir='ltr'>obnoxius</span> <span class='ocrx_word' id='word_1_74' title='bbox 1695 1135 1815 1189; x_wconf 92' lang='lat' dir='ltr'>Non</span> <span class='ocrx_word' id='word_1_75' title='bbox 1855 1137 1991 1189; x_wconf 91' lang='lat' dir='ltr'>enim</span> <span class='ocrx_word' id='word_1_76' title='bbox 2033 1136 2245 1190; x_wconf 79' lang='lat' dir='ltr'>cuilibet</span> 
     </span>
     <span class='ocr_line' id='line_1_10' title="bbox 297 1231 2241 1302; baseline 0.001 -18"><span class='ocrx_word' id='word_1_77' title='bbox 297 1247 552 1301; x_wconf 83' lang='lat' dir='ltr'>personae</span> <span class='ocrx_word' id='word_1_78' title='bbox 590 1236 770 1285; x_wconf 88' lang='lat' dir='ltr'>contra</span> <span class='ocrx_word' id='word_1_79' title='bbox 806 1236 1094 1285; x_wconf 88' lang='lat' dir='ltr'>creatorem</span> <span class='ocrx_word' id='word_1_80' title='bbox 1133 1247 1301 1299; x_wconf 91' lang='lat' dir='ltr'>suum,</span> <span class='ocrx_word' id='word_1_81' title='bbox 1343 1231 1431 1299; x_wconf 91' lang='lat' dir='ltr'>qui</span> <span class='ocrx_word' id='word_1_82' title='bbox 1470 1232 1670 1285; x_wconf 86' lang='lat' dir='ltr'>cunctis</span> <span class='ocrx_word' id='word_1_83' title='bbox 1710 1233 2113 1302; x_wconf 91' lang='lat' dir='ltr'>praeponendus</span> <span class='ocrx_word' id='word_1_84' title='bbox 2147 1237 2241 1301; x_wconf 84' lang='lat' dir='ltr'>est,</span> 
     </span>
     <span class='ocr_line' id='line_1_11' title="bbox 299 1308 2243 1399; baseline 0.001 -19"><span class='ocrx_word' id='word_1_85' title='bbox 299 1326 484 1396; x_wconf 83' lang='lat' dir='ltr'>aliquis</span> <span class='ocrx_word' id='word_1_86' title='bbox 543 1327 696 1381; x_wconf 89' lang='lat' dir='ltr'>debet</span> <span class='ocrx_word' id='word_1_87' title='bbox 741 1328 974 1393; x_wconf 81' lang='lat' dir='ltr'>obedire3</span> <span class='ocrx_word' id='word_1_88' title='bbox 1034 1327 1125 1380; x_wconf 90' lang='lat' dir='ltr'>sed</span> <span class='ocrx_word' id='word_1_89' title='bbox 1174 1308 1422 1380; x_wconf 78' lang='lat' dir='ltr'>debemus</span> <span class='ocrx_word' id='word_1_90' title='bbox 1474 1331 1656 1380; x_wconf 91' lang='lat' dir='ltr'>contra</span> <span class='ocrx_word' id='word_1_91' title='bbox 1701 1327 1872 1382; x_wconf 90' lang='lat' dir='ltr'>Deum</span> <span class='ocrx_word' id='word_1_92' title='bbox 1920 1329 2243 1399; x_wconf 85' lang='lat' dir='ltr'>superbienti</span> 
     </span>
     <span class='ocr_line' id='line_1_12' title="bbox 295 1421 2241 1492; baseline 0.002 -17"><span class='ocrx_word' id='word_1_93' title='bbox 295 1422 564 1490; x_wconf 90' lang='lat' dir='ltr'>resistere,</span> <span class='ocrx_word' id='word_1_94' title='bbox 604 1427 677 1489; x_wconf 90' lang='lat' dir='ltr'>ut,</span> <span class='ocrx_word' id='word_1_95' title='bbox 718 1421 904 1475; x_wconf 90' lang='lat' dir='ltr'>saltem</span> <span class='ocrx_word' id='word_1_96' title='bbox 941 1422 1040 1475; x_wconf 87' lang='lat' dir='ltr'>hac</span> <span class='ocrx_word' id='word_1_97' title='bbox 1077 1422 1387 1476; x_wconf 86' lang='lat' dir='ltr'>necessitate</span> <span class='ocrx_word' id='word_1_98' title='bbox 1427 1428 1636 1477; x_wconf 88' lang='lat' dir='ltr'>coactus</span> <span class='ocrx_word' id='word_1_99' title='bbox 1649 1423 1683 1492; x_wconf 87' lang='lat'>‘¹,</span> <span class='ocrx_word' id='word_1_100' title='bbox 1725 1424 1792 1478; x_wconf 90' lang='lat' dir='ltr'>ad</span> <span class='ocrx_word' id='word_1_101' title='bbox 1830 1425 1972 1478; x_wconf 89' lang='lat' dir='ltr'>viam</span> <span class='ocrx_word' id='word_1_102' title='bbox 2009 1426 2241 1479; x_wconf 88' lang='lat' dir='ltr'>iustitiae</span> 
     </span>
     <span class='ocr_line' id='line_1_13' title="bbox 295 1517 2240 1589; baseline 0.003 -19"><span class='ocrx_word' id='word_1_103' title='bbox 295 1517 552 1571; x_wconf 80' lang='lat' dir='ltr'>addiscat⁶</span> <span class='ocrx_word' id='word_1_104' title='bbox 590 1518 775 1571; x_wconf 89' lang='lat' dir='ltr'>redire.</span> <span class='ocrx_word' id='word_1_105' title='bbox 841 1517 1032 1581; x_wconf 87' lang='lat' dir='ltr'>Quanti</span> <span class='ocrx_word' id='word_1_106' title='bbox 1071 1518 1210 1572; x_wconf 92' lang='lat' dir='ltr'>enim</span> <span class='ocrx_word' id='word_1_107' title='bbox 1249 1519 1468 1589; x_wconf 90' lang='lat' dir='ltr'>periculi</span> <span class='ocrx_word' id='word_1_108' title='bbox 1507 1524 1833 1589; x_wconf 89' lang='lat' dir='ltr'>quantaeque</span> <span class='ocrx_word' id='word_1_109' title='bbox 1874 1520 1928 1574; x_wconf 79' lang='lat' dir='ltr'>a‘</span> <span class='ocrx_word' id='word_1_110' title='bbox 1955 1521 2240 1575; x_wconf 85' lang='lat' dir='ltr'>christiana</span> 
     </span>
     <span class='ocr_line' id='line_1_14' title="bbox 291 1612 2240 1686; baseline 0.004 -21"><span class='ocrx_word' id='word_1_111' title='bbox 291 1612 405 1680; x_wconf 85' lang='lat' dir='ltr'>lege</span> <span class='ocrx_word' id='word_1_112' title='bbox 443 1613 512 1666; x_wconf 91' lang='lat' dir='ltr'>sit</span> <span class='ocrx_word' id='word_1_113' title='bbox 549 1613 894 1683; x_wconf 83' lang='lat' dir='ltr'>alienationiS‚</span> <span class='ocrx_word' id='word_1_114' title='bbox 935 1614 1300 1683; x_wconf 79' lang='lat' dir='ltr'>obedientiam,</span> <span class='ocrx_word' id='word_1_115' title='bbox 1341 1616 1569 1669; x_wconf 84' lang='lat' dir='ltr'>maxime</span> <span class='ocrx_word' id='word_1_116' title='bbox 1611 1617 1927 1686; x_wconf 89' lang='lat' dir='ltr'>apostolicae</span> <span class='ocrx_word' id='word_1_117' title='bbox 1967 1619 2094 1686; x_wconf 89' lang='lat' dir='ltr'>sedi,</span> <span class='ocrx_word' id='word_1_118' title='bbox 2134 1636 2240 1672; x_wconf 90' lang='lat' dir='ltr'>non</span> 
     </span>
     <span class='ocr_line' id='line_1_15' title="bbox 292 1708 2237 1783; baseline 0.003 -21"><span class='ocrx_word' id='word_1_119' title='bbox 292 1708 553 1778; x_wconf 86' lang='lat' dir='ltr'>exhibere,</span> <span class='ocrx_word' id='word_1_120' title='bbox 594 1727 658 1763; x_wconf 83' lang='lat' dir='ltr'>ex</span> <span class='ocrx_word' id='word_1_121' title='bbox 698 1710 850 1763; x_wconf 92' lang='lat' dir='ltr'>dictis</span> <span class='ocrx_word' id='word_1_122' title='bbox 888 1710 1029 1764; x_wconf 90' lang='lat' dir='ltr'>beati</span> <span class='ocrx_word' id='word_1_123' title='bbox 1058 1710 1314 1764; x_wconf 89' lang='lat' dir='ltr'>Samuelis</span> <span class='ocrx_word' id='word_1_124' title='bbox 1349 1712 1636 1782; x_wconf 89' lang='lat' dir='ltr'>prophetae</span> <span class='ocrx_word' id='word_1_125' title='bbox 1664 1714 1881 1782; x_wconf 87' lang='lat' dir='ltr'>potestis</span> <span class='ocrx_word' id='word_1_126' title='bbox 1910 1730 2237 1783; x_wconf 83' lang='lat' dir='ltr'>cognoscere,</span> 
     </span>
     <span class='ocr_line' id='line_1_16' title="bbox 292 1805 2240 1876; baseline 0.003 -18"><span class='ocrx_word' id='word_1_127' title='bbox 292 1821 424 1873; x_wconf 88' lang='lat' dir='ltr'>quae</span> <span class='ocrx_word' id='word_1_128' title='bbox 477 1806 835 1860; x_wconf 85' lang='lat' dir='ltr'>sanctissimus</span> <span class='ocrx_word' id='word_1_129' title='bbox 882 1823 1023 1876; x_wconf 88' lang='lat' dir='ltr'>papa</span> <span class='ocrx_word' id='word_1_130' title='bbox 1069 1805 1352 1875; x_wconf 85' lang='lat' dir='ltr'>Gregorius</span> <span class='ocrx_word' id='word_1_131' title='bbox 1398 1809 1452 1860; x_wconf 91' lang='lat' dir='ltr'>in</span> <span class='ocrx_word' id='word_1_132' title='bbox 1503 1809 1719 1862; x_wconf 74' lang='lat' dir='ltr'>ultimo⁸</span> <span class='ocrx_word' id='word_1_133' title='bbox 1756 1809 1889 1863; x_wconf 91' lang='lat' dir='ltr'>libro</span> <span class='ocrx_word' id='word_1_134' title='bbox 1930 1807 2240 1864; x_wconf 90' lang='lat' dir='ltr'>Moraliuml</span> 
     </span>
     <span class='ocr_line' id='line_1_17' title="bbox 290 1902 2240 1976; baseline 0.003 -22"><span class='ocrx_word' id='word_1_135' title='bbox 290 1902 590 1970; x_wconf 89' lang='lat' dir='ltr'>procuravit</span> <span class='ocrx_word' id='word_1_136' title='bbox 615 1902 921 1971; x_wconf 66' lang='lat' dir='ltr'>exponereh.</span> <span class='ocrx_word' id='word_1_137' title='bbox 980 1902 1051 1955; x_wconf 91' lang='lat' dir='ltr'>Ut</span> <span class='ocrx_word' id='word_1_138' title='bbox 1077 1907 1250 1956; x_wconf 89' lang='lat' dir='ltr'>autem</span> <span class='ocrx_word' id='word_1_139' title='bbox 1279 1920 1340 1957; x_wconf 85' lang='lat' dir='ltr'>ea</span> <span class='ocrx_word' id='word_1_140' title='bbox 1366 1904 1473 1957; x_wconf 90' lang='lat' dir='ltr'>sint</span> <span class='ocrx_word' id='word_1_141' title='bbox 1498 1905 1642 1958; x_wconf 88' lang='lat' dir='ltr'>vobis</span> <span class='ocrx_word' id='word_1_142' title='bbox 1669 1905 1723 1957; x_wconf 90' lang='lat' dir='ltr'>in</span> <span class='ocrx_word' id='word_1_143' title='bbox 1750 1910 2014 1975; x_wconf 89' lang='lat' dir='ltr'>promptu,</span> <span class='ocrx_word' id='word_1_144' title='bbox 2044 1907 2240 1976; x_wconf 89' lang='lat' dir='ltr'>scripta</span> 
     </span>
     <span class='ocr_line' id='line_1_18' title="bbox 291 1997 2237 2068; baseline 0.004 -19"><span class='ocrx_word' id='word_1_145' title='bbox 291 1997 692 2066; x_wconf 82' lang='lat' dir='ltr'>transmisimuS,</span> <span class='ocrx_word' id='word_1_146' title='bbox 734 2002 988 2067; x_wconf 91' lang='lat' dir='ltr'>quatenus</span> <span class='ocrx_word' id='word_1_147' title='bbox 1027 1999 1382 2053; x_wconf 89' lang='lat' dir='ltr'>indubitanter</span> <span class='ocrx_word' id='word_1_148' title='bbox 1421 2000 1615 2068; x_wconf 79' lang='lat' dir='ltr'>sciatiS,</span> <span class='ocrx_word' id='word_1_149' title='bbox 1655 2018 1750 2054; x_wconf 90' lang='lat' dir='ltr'>nos</span> <span class='ocrx_word' id='word_1_150' title='bbox 1788 2001 1935 2055; x_wconf 91' lang='lat' dir='ltr'>vobis</span> <span class='ocrx_word' id='word_1_151' title='bbox 1970 2019 2107 2056; x_wconf 86' lang='lat' dir='ltr'>nova</span> <span class='ocrx_word' id='word_1_152' title='bbox 2133 2020 2237 2056; x_wconf 90' lang='lat' dir='ltr'>non</span> 
     </span>
     <span class='ocr_line' id='line_1_19' title="bbox 292 2092 2235 2168; baseline 0.003 -23"><span class='ocrx_word' id='word_1_153' title='bbox 292 2092 487 2161; x_wconf 83' lang='lat' dir='ltr'>dicere,</span> <span class='ocrx_word' id='word_1_154' title='bbox 538 2094 629 2146; x_wconf 89' lang='lat' dir='ltr'>sed</span> <span class='ocrx_word' id='word_1_155' title='bbox 677 2094 945 2162; x_wconf 88' lang='lat' dir='ltr'>antiquam</span> <span class='ocrx_word' id='word_1_156' title='bbox 994 2099 1291 2148; x_wconf 86' lang='lat' dir='ltr'>sanctorum</span> <span class='ocrx_word' id='word_1_157' title='bbox 1339 2100 1551 2165; x_wconf 91' lang='lat' dir='ltr'>patrum</span> <span class='ocrx_word' id='word_1_158' title='bbox 1599 2096 1887 2150; x_wconf 88' lang='lat' dir='ltr'>doctrinam</span> <span class='ocrx_word' id='word_1_159' title='bbox 1930 2098 2235 2168; x_wconf 84' lang='lat' dir='ltr'>propalare:</span> 
     </span>
     <span class='ocr_line' id='line_1_20' title="bbox 288 2189 2239 2263; baseline 0.004 -22"><span class='ocrx_word' id='word_1_160' title='bbox 288 2189 431 2241; x_wconf 90' lang='lat' dir='ltr'>Hinc</span> <span class='ocrx_word' id='word_1_161' title='bbox 479 2189 695 2244; x_wconf 82' lang='lat' dir='ltr'>Samuel</span> <span class='ocrx_word' id='word_1_162' title='bbox 750 2194 850 2243; x_wconf 84' lang='lat' dir='ltr'>ait:</span> <span class='ocrx_word' id='word_1_163' title='bbox 904 2192 1142 2255; x_wconf 79' lang='lat' dir='ltr'>„Melior</span> <span class='ocrx_word' id='word_1_164' title='bbox 1200 2203 1274 2245; x_wconf 86' lang='lat' dir='ltr'>est</span> <span class='ocrx_word' id='word_1_165' title='bbox 1319 2193 1609 2245; x_wconf 84' lang='lat' dir='ltr'>obedientia</span> <span class='ocrx_word' id='word_1_166' title='bbox 1659 2212 1818 2263; x_wconf 85' lang='lat' dir='ltr'>quam</span> <span class='ocrx_word' id='word_1_167' title='bbox 1865 2197 2130 2261; x_wconf 81' lang='lat' dir='ltr'>victimae,</span> <span class='ocrx_word' id='word_1_168' title='bbox 2193 2207 2239 2249; x_wconf 90' lang='lat' dir='ltr'>et</span> 
     </span>
     <span class='ocr_line' id='line_1_21' title="bbox 288 2285 2239 2361; baseline 0.004 -25"><span class='ocrx_word' id='word_1_169' title='bbox 288 2285 581 2337; x_wconf 89' lang='lat' dir='ltr'>auscultare</span> <span class='ocrx_word' id='word_1_170' title='bbox 618 2288 787 2355; x_wconf 71' lang='lat' dir='ltr'>maqis</span> <span class='ocrx_word' id='word_1_171' title='bbox 828 2304 986 2356; x_wconf 87' lang='lat' dir='ltr'>quam</span> <span class='ocrx_word' id='word_1_172' title='bbox 1025 2289 1208 2357; x_wconf 85' lang='lat' dir='ltr'>offerre</span> <span class='ocrx_word' id='word_1_173' title='bbox 1246 2290 1457 2358; x_wconf 85' lang='lat' dir='ltr'>adipem</span> <span class='ocrx_word' id='word_1_174' title='bbox 1495 2291 1746 2352; x_wconf 81' lang='lat' dir='ltr'>arietum3</span> <span class='ocrx_word' id='word_1_175' title='bbox 1793 2293 2043 2360; x_wconf 84' lang='lat' dir='ltr'>quoniam</span> <span class='ocrx_word' id='word_1_176' title='bbox 2083 2288 2239 2361; x_wconf 83' lang='lat' dir='ltr'>quasi</span> 
     </span>
     <span class='ocr_line' id='line_1_22' title="bbox 283 2382 2236 2454; baseline 0.004 -22"><span class='ocrx_word' id='word_1_177' title='bbox 283 2391 551 2451; x_wconf 85' lang='lat' dir='ltr'>peccatum</span> <span class='ocrx_word' id='word_1_178' title='bbox 589 2382 860 2434; x_wconf 77' lang='lat' dir='ltr'>ariolandi</span> <span class='ocrx_word' id='word_1_179' title='bbox 897 2393 970 2435; x_wconf 88' lang='lat' dir='ltr'>est</span> <span class='ocrx_word' id='word_1_180' title='bbox 1000 2403 1312 2454; x_wconf 71' lang='lat' dir='ltr'>repuqnare,</span> <span class='ocrx_word' id='word_1_181' title='bbox 1356 2394 1403 2436; x_wconf 89' lang='lat' dir='ltr'>et</span> <span class='ocrx_word' id='word_1_182' title='bbox 1428 2387 1583 2454; x_wconf 87' lang='lat' dir='ltr'>quasi</span> <span class='ocrx_word' id='word_1_183' title='bbox 1606 2386 1768 2437; x_wconf 86' lang='lat' dir='ltr'>scelus</span> <span class='ocrx_word' id='word_1_184' title='bbox 1795 2387 2074 2439; x_wconf 76' lang='lat' dir='ltr'>idolatriae</span> <span class='ocrx_word' id='word_1_185' title='bbox 2098 2389 2236 2440; x_wconf 90' lang='lat' dir='ltr'>nolle</span> 
     </span>
     <span class='ocr_line' id='line_1_23' title="bbox 288 2458 2235 2554; baseline 0.005 -26"><span class='ocrx_word' id='word_1_186' title='bbox 288 2479 607 2546; x_wconf 73' lang='lat' dir='ltr'>acquiescere</span> <span class='ocrx_word' id='word_1_187' title='bbox 623 2458 709 2530; x_wconf 57' lang='grc' dir='ltr'>Η.</span> <span class='ocrx_word' id='word_1_188' title='bbox 758 2478 1063 2533; x_wconf 87' lang='lat' dir='ltr'>Obedientia</span> <span class='ocrx_word' id='word_1_189' title='bbox 1093 2482 1291 2551; x_wconf 88' lang='lat' dir='ltr'>quippe</span> <span class='ocrx_word' id='word_1_190' title='bbox 1315 2482 1536 2533; x_wconf 84' lang='lat' dir='ltr'>victimis</span> <span class='ocrx_word' id='word_1_191' title='bbox 1563 2483 1677 2534; x_wconf 88' lang='lat' dir='ltr'>iure</span> <span class='ocrx_word' id='word_1_192' title='bbox 1697 2485 2064 2553; x_wconf 74' lang='lat' dir='ltr'>praeponitur,</span> <span class='ocrx_word' id='word_1_193' title='bbox 2109 2487 2235 2554; x_wconf 86' lang='lat' dir='ltr'>quia</span> 
     </span>
     <span class='ocr_line' id='line_1_24' title="bbox 286 2575 2234 2650; baseline 0.005 -26"><span class='ocrx_word' id='word_1_194' title='bbox 286 2591 383 2642; x_wconf 85' lang='lat' dir='ltr'>per</span> <span class='ocrx_word' id='word_1_195' title='bbox 419 2575 654 2627; x_wconf 84' lang='lat' dir='ltr'>victimas</span> <span class='ocrx_word' id='word_1_196' title='bbox 693 2575 866 2628; x_wconf 89' lang='lat' dir='ltr'>aliena</span> <span class='ocrx_word' id='word_1_197' title='bbox 904 2594 1044 2641; x_wconf 91' lang='lat' dir='ltr'>caro,</span> <span class='ocrx_word' id='word_1_198' title='bbox 1078 2595 1182 2647; x_wconf 89' lang='lat' dir='ltr'>per</span> <span class='ocrx_word' id='word_1_199' title='bbox 1219 2577 1561 2629; x_wconf 85' lang='lat' dir='ltr'>obedientiam</span> <span class='ocrx_word' id='word_1_200' title='bbox 1598 2596 1718 2630; x_wconf 80' lang='lat' dir='ltr'>vero</span> <span class='ocrx_word' id='word_1_201' title='bbox 1743 2581 1970 2650; x_wconf 85' lang='lat' dir='ltr'>propria</span> <span class='ocrx_word' id='word_1_202' title='bbox 1995 2581 2234 2633; x_wconf 82' lang='lat' dir='ltr'>voluntas</span> 
     </span>
     <span class='ocr_line' id='line_1_25' title="bbox 287 2668 2234 2745; baseline 0.005 -26"><span class='ocrx_word' id='word_1_203' title='bbox 287 2678 559 2721; x_wconf 77' lang='lat' dir='ltr'>mactatur.</span> <span class='ocrx_word' id='word_1_204' title='bbox 627 2668 796 2723; x_wconf 87' lang='lat' dir='ltr'>Tanto</span> <span class='ocrx_word' id='word_1_205' title='bbox 834 2674 998 2741; x_wconf 73' lang='lat' dir='ltr'>iyitur</span> <span class='ocrx_word' id='word_1_206' title='bbox 1034 2675 1252 2742; x_wconf 86' lang='lat' dir='ltr'>quisque</span> <span class='ocrx_word' id='word_1_207' title='bbox 1277 2673 1451 2726; x_wconf 87' lang='lat' dir='ltr'>Deum</span> <span class='ocrx_word' id='word_1_208' title='bbox 1479 2676 1629 2727; x_wconf 87' lang='lat' dir='ltr'>citius</span> <span class='ocrx_word' id='word_1_209' title='bbox 1654 2675 1850 2745; x_wconf 86' lang='lat' dir='ltr'>placat,</span> <span class='ocrx_word' id='word_1_210' title='bbox 1893 2687 2088 2745; x_wconf 84' lang='lat' dir='ltr'>quanto</span> <span class='ocrx_word' id='word_1_211' title='bbox 2116 2688 2234 2729; x_wconf 89' lang='lat' dir='ltr'>ante</span> 
     </span>
     <span class='ocr_line' id='line_1_26' title="bbox 288 2765 2234 2842; baseline 0.005 -27"><span class='ocrx_word' id='word_1_212' title='bbox 288 2765 396 2815; x_wconf 88' lang='lat' dir='ltr'>eius</span> <span class='ocrx_word' id='word_1_213' title='bbox 443 2765 642 2830; x_wconf 87' lang='lat' dir='ltr'>oculos,</span> <span class='ocrx_word' id='word_1_214' title='bbox 692 2785 930 2836; x_wconf 87' lang='lat' dir='ltr'>repressa</span> <span class='ocrx_word' id='word_1_215' title='bbox 968 2768 1180 2820; x_wconf 83' lang='lat' dir='ltr'>arbitrii</span> <span class='ocrx_word' id='word_1_216' title='bbox 1214 2771 1300 2822; x_wconf 89' lang='lat' dir='ltr'>sui</span> <span class='ocrx_word' id='word_1_217' title='bbox 1335 2771 1582 2840; x_wconf 87' lang='lat' dir='ltr'>superbia</span> <span class='ocrx_word' id='word_1_218' title='bbox 1591 2811 1607 2836; x_wconf 90' lang='lat'>,</span> <span class='ocrx_word' id='word_1_219' title='bbox 1656 2772 1838 2840; x_wconf 79' lang='lat' dir='ltr'>¹qladio</span> <span class='ocrx_word' id='word_1_220' title='bbox 1870 2775 2146 2842; x_wconf 74' lang='lat' dir='ltr'>praecepti</span> <span class='ocrx_word' id='word_1_221' title='bbox 2181 2792 2234 2825; x_wconf 89' lang='lat' dir='ltr'>se</span> 
     </span>
     <span class='ocr_line' id='line_1_27' title="bbox 285 2860 2227 2935; baseline 0.005 -24"><span class='ocrx_word' id='word_1_222' title='bbox 285 2860 535 2913; x_wconf 85' lang='lat' dir='ltr'>immolat.</span> <span class='ocrx_word' id='word_1_223' title='bbox 599 2860 713 2927; x_wconf 79' lang='lat' dir='ltr'>Quo</span> <span class='ocrx_word' id='word_1_224' title='bbox 742 2872 923 2914; x_wconf 89' lang='lat' dir='ltr'>contra</span> <span class='ocrx_word' id='word_1_225' title='bbox 948 2864 1218 2916; x_wconf 79' lang='lat' dir='ltr'>ariolandi</span> <span class='ocrx_word' id='word_1_226' title='bbox 1232 2876 1505 2935; x_wconf 83' lang='lat' dir='ltr'>peccatum</span> <span class='ocrx_word' id='word_1_227' title='bbox 1528 2867 1879 2919; x_wconf 76' lang='lat' dir='ltr'>inobedientia</span> <span class='ocrx_word' id='word_1_228' title='bbox 1905 2869 2113 2933; x_wconf 87' lang='lat' dir='ltr'>dicitur,</span> <span class='ocrx_word' id='word_1_229' title='bbox 2156 2879 2227 2933; x_wconf 91' lang='lat' dir='ltr'>ut,</span> 
     </span>
     <span class='ocr_line' id='line_1_28' title="bbox 286 2959 2232 3035; baseline 0.005 -28"><span class='ocrx_word' id='word_1_230' title='bbox 286 2966 484 3025; x_wconf 86' lang='lat' dir='ltr'>quanta</span> <span class='ocrx_word' id='word_1_231' title='bbox 532 2959 601 3010; x_wconf 88' lang='lat' dir='ltr'>sit</span> <span class='ocrx_word' id='word_1_232' title='bbox 647 2960 811 3010; x_wconf 82' lang='lat' dir='ltr'>virtus</span> <span class='ocrx_word' id='word_1_233' title='bbox 851 2959 1168 3026; x_wconf 84' lang='lat' dir='ltr'>obedientia,</span> <span class='ocrx_word' id='word_1_234' title='bbox 1220 2962 1609 3015; x_wconf 77' lang='lat' dir='ltr'>demonstretur.</span> <span class='ocrx_word' id='word_1_235' title='bbox 1687 2964 1774 3016; x_wconf 70' lang='lat' dir='ltr'>Ea</span> <span class='ocrx_word' id='word_1_236' title='bbox 1813 2965 2030 3017; x_wconf 82' lang='lat' dir='ltr'>adverso</span> <span class='ocrx_word' id='word_1_237' title='bbox 2068 2968 2232 3035; x_wconf 70' lang='lat' dir='ltr'>iqitur</span> 
     </span>
     <span class='ocr_line' id='line_1_29' title="bbox 282 3053 2230 3130; baseline 0.005 -26"><span class='ocrx_word' id='word_1_238' title='bbox 282 3053 466 3105; x_wconf 86' lang='lat' dir='ltr'>melius</span> <span class='ocrx_word' id='word_1_239' title='bbox 506 3055 809 3119; x_wconf 74' lang='lat' dir='ltr'>ostenditur,</span> <span class='ocrx_word' id='word_1_240' title='bbox 858 3056 987 3123; x_wconf 88' lang='lat' dir='ltr'>quid</span> <span class='ocrx_word' id='word_1_241' title='bbox 1024 3057 1087 3107; x_wconf 90' lang='lat' dir='ltr'>de</span> <span class='ocrx_word' id='word_1_242' title='bbox 1126 3059 1234 3108; x_wconf 89' lang='lat' dir='ltr'>eius</span> <span class='ocrx_word' id='word_1_243' title='bbox 1275 3057 1428 3109; x_wconf 90' lang='lat' dir='ltr'>laude</span> <span class='ocrx_word' id='word_1_244' title='bbox 1466 3061 1733 3111; x_wconf 86' lang='lat' dir='ltr'>sentiatur.</span> <span class='ocrx_word' id='word_1_245' title='bbox 1796 3059 1864 3113; x_wconf 83' lang='lat' dir='ltr'>Si</span> <span class='ocrx_word' id='word_1_246' title='bbox 1897 3063 2033 3112; x_wconf 85' lang='lat' dir='ltr'>enim</span> <span class='ocrx_word' id='word_1_247' title='bbox 2060 3061 2230 3130; x_wconf 77' lang='lat' dir='ltr'>quasii</span> 
     </span>
     <span class='ocr_line' id='line_1_30' title="bbox 283 3149 2231 3223; baseline 0.005 -23"><span class='ocrx_word' id='word_1_248' title='bbox 283 3149 554 3202; x_wconf 89' lang='lat' dir='ltr'>ariolandi</span> <span class='ocrx_word' id='word_1_249' title='bbox 581 3161 854 3219; x_wconf 85' lang='lat' dir='ltr'>peccatum</span> <span class='ocrx_word' id='word_1_250' title='bbox 895 3161 968 3203; x_wconf 89' lang='lat' dir='ltr'>est</span> <span class='ocrx_word' id='word_1_251' title='bbox 1002 3170 1296 3221; x_wconf 73' lang='lat' dir='ltr'>repuqnare</span> <span class='ocrx_word' id='word_1_252' title='bbox 1335 3164 1383 3206; x_wconf 88' lang='lat' dir='ltr'>et</span> <span class='ocrx_word' id='word_1_253' title='bbox 1421 3157 1577 3223; x_wconf 83' lang='lat' dir='ltr'>quasi</span> <span class='ocrx_word' id='word_1_254' title='bbox 1600 3155 1763 3207; x_wconf 87' lang='lat' dir='ltr'>scelus</span> <span class='ocrx_word' id='word_1_255' title='bbox 1789 3156 2068 3208; x_wconf 88' lang='lat' dir='ltr'>idolatriae</span> <span class='ocrx_word' id='word_1_256' title='bbox 2093 3158 2231 3209; x_wconf 89' lang='lat' dir='ltr'>nolle</span> 
     </span>
     <span class='ocr_line' id='line_1_31' title="bbox 283 3245 2225 3322; baseline 0.005 -26"><span class='ocrx_word' id='word_1_257' title='bbox 283 3246 629 3314; x_wconf 80' lang='lat' dir='ltr'>acquiescere,</span> <span class='ocrx_word' id='word_1_258' title='bbox 679 3247 792 3299; x_wconf 91' lang='lat' dir='ltr'>sola</span> <span class='ocrx_word' id='word_1_259' title='bbox 842 3245 1162 3299; x_wconf 76' lang='lat' dir='ltr'>obedientiak</span> <span class='ocrx_word' id='word_1_260' title='bbox 1201 3258 1298 3312; x_wconf 86' lang='lat' dir='ltr'>est,</span> <span class='ocrx_word' id='word_1_261' title='bbox 1350 3267 1484 3318; x_wconf 91' lang='lat' dir='ltr'>quae</span> <span class='ocrx_word' id='word_1_262' title='bbox 1517 3251 1653 3317; x_wconf 88' lang='lat' dir='ltr'>fidei</span> <span class='ocrx_word' id='word_1_263' title='bbox 1698 3254 1935 3304; x_wconf 84' lang='lat' dir='ltr'>meritum</span> <span class='ocrx_word' id='word_1_264' title='bbox 1973 3255 2225 3322; x_wconf 84' lang='lat' dir='ltr'>possidet,</span> 
     </span>
     <span class='ocr_line' id='line_1_32' title="bbox 282 3341 2225 3413; baseline 0.005 -21"><span class='ocrx_word' id='word_1_265' title='bbox 282 3341 393 3393; x_wconf 89' lang='lat' dir='ltr'>sine</span> <span class='ocrx_word' id='word_1_266' title='bbox 421 3359 526 3411; x_wconf 87' lang='lat' dir='ltr'>qua</span> <span class='ocrx_word' id='word_1_267' title='bbox 552 3345 771 3412; x_wconf 90' lang='lat' dir='ltr'>quisque</span> <span class='ocrx_word' id='word_1_268' title='bbox 797 3345 1122 3395; x_wconf 84' lang='lat' dir='ltr'>convincitur</span> <span class='ocrx_word' id='word_1_269' title='bbox 1144 3345 1385 3412; x_wconf 83' lang='lat' dir='ltr'>infidelis,</span> <span class='ocrx_word' id='word_1_270' title='bbox 1416 3347 1620 3398; x_wconf 83' lang='lat' dir='ltr'>etiamsi</span> <span class='ocrx_word' id='word_1_271' title='bbox 1628 3345 1635 3373; x_wconf 90' lang='lat'>¹</span> <span class='ocrx_word' id='word_1_272' title='bbox 1642 3347 1820 3413; x_wconf 84' lang='lat' dir='ltr'>fidelis</span> <span class='ocrx_word' id='word_1_273' title='bbox 1848 3366 1952 3399; x_wconf 88' lang='lat' dir='ltr'>esse</span> <span class='ocrx_word' id='word_1_274' title='bbox 1971 3350 2225 3401; x_wconf 79' lang='lat' dir='ltr'>videatur.</span> 
     </span>
    </p>
   </div>
   <div class='ocr_carea' id='block_1_3' title="bbox 280 3451 2228 3632">
    <p class='ocr_par' dir='ltr' id='par_1_3' title="bbox 280 3451 2228 3632">
     <span class='ocr_line' id='line_1_33' title="bbox 397 3451 2228 3500; baseline 0.004 -13"><span class='ocrx_word' id='word_1_275' title='bbox 397 3461 431 3486; x_wconf 81' lang='lat' dir='ltr'>a.</span> <span class='ocrx_word' id='word_1_276' title='bbox 467 3461 628 3499; x_wconf 81' lang='lat' dir='ltr'>namque</span> <span class='ocrx_word' id='word_1_277' title='bbox 656 3453 691 3488; x_wconf 84' lang='lat'>2.</span> <span class='ocrx_word' id='word_1_278' title='bbox 707 3453 742 3489; x_wconf 88' lang='lat'>3.</span> <span class='ocrx_word' id='word_1_279' title='bbox 846 3451 884 3489; x_wconf 94' lang='lat' dir='ltr'>b.</span> <span class='ocrx_word' id='word_1_280' title='bbox 922 3453 1144 3489; x_wconf 82' lang='lat' dir='ltr'>auctoritate</span> <span class='ocrx_word' id='word_1_281' title='bbox 1171 3464 1238 3490; x_wconf 91' lang='lat' dir='ltr'>vos</span> <span class='ocrx_word' id='word_1_282' title='bbox 1267 3453 1515 3500; x_wconf 80' lang='lat' dir='ltr'>absolvimus,</span> <span class='ocrx_word' id='word_1_283' title='bbox 1546 3455 1600 3491; x_wconf 85' lang='lat' dir='ltr'>ita</span> <span class='ocrx_word' id='word_1_284' title='bbox 1626 3457 1668 3491; x_wconf 89' lang='lat' dir='ltr'>ut</span> <span class='ocrx_word' id='word_1_285' title='bbox 1694 3454 1727 3491; x_wconf 88' lang='lat' dir='ltr'>si</span> <span class='ocrx_word' id='word_1_286' title='bbox 1755 3455 1868 3492; x_wconf 85' lang='lat' dir='ltr'>etiam</span> <span class='ocrx_word' id='word_1_287' title='bbox 1896 3457 1931 3492; x_wconf 86' lang='lat'>2.</span> <span class='ocrx_word' id='word_1_288' title='bbox 1954 3458 1989 3494; x_wconf 90' lang='lat'>3.</span> <span class='ocrx_word' id='word_1_289' title='bbox 2094 3469 2124 3495; x_wconf 91' lang='lat' dir='ltr'>c.</span> <span class='ocrx_word' id='word_1_290' title='bbox 2163 3458 2228 3496; x_wconf 84' lang='lat' dir='ltr'>ad-</span> 
     </span>
     <span class='ocr_line' id='line_1_34' title="bbox 282 3515 2227 3569; baseline 0.005 -17"><span class='ocrx_word' id='word_1_291' title='bbox 282 3515 436 3552; x_wconf 76' lang='lat' dir='ltr'>strictus</span> <span class='ocrx_word' id='word_1_292' title='bbox 463 3518 499 3552; x_wconf 85' lang='lat'>2.</span> <span class='ocrx_word' id='word_1_293' title='bbox 515 3518 550 3553; x_wconf 91' lang='lat'>3.</span> <span class='ocrx_word' id='word_1_294' title='bbox 663 3518 700 3555; x_wconf 91' lang='lat' dir='ltr'>d.</span> <span class='ocrx_word' id='word_1_295' title='bbox 728 3518 945 3566; x_wconf 88' lang='lat' dir='ltr'>compulsus</span> <span class='ocrx_word' id='word_1_296' title='bbox 973 3520 1009 3555; x_wconf 94' lang='grc'>2.</span> <span class='ocrx_word' id='word_1_297' title='bbox 1114 3530 1147 3556; x_wconf 86' lang='lat' dir='ltr'>e.</span> <span class='ocrx_word' id='word_1_298' title='bbox 1175 3519 1298 3556; x_wconf 78' lang='lat' dir='ltr'>discat</span> <span class='ocrx_word' id='word_1_299' title='bbox 1324 3521 1360 3556; x_wconf 93' lang='grc'>2.</span> <span class='ocrx_word' id='word_1_300' title='bbox 1384 3521 1419 3556; x_wconf 89' lang='lat'>3.</span> <span class='ocrx_word' id='word_1_301' title='bbox 1531 3519 1558 3556; x_wconf 87' lang='lat' dir='ltr'>f.</span> <span class='ocrx_word' id='word_1_302' title='bbox 1586 3531 1608 3556; x_wconf 86' lang='lat' dir='ltr'>a</span> <span class='ocrx_word' id='word_1_303' title='bbox 1634 3535 1702 3557; x_wconf 87' lang='lat' dir='ltr'>om.</span> <span class='ocrx_word' id='word_1_304' title='bbox 1727 3522 1762 3558; x_wconf 93' lang='grc'>2.</span> <span class='ocrx_word' id='word_1_305' title='bbox 1877 3533 1913 3569; x_wconf 85' lang='lat' dir='ltr'>g.</span> <span class='ocrx_word' id='word_1_306' title='bbox 1938 3522 2071 3560; x_wconf 86' lang='lat' dir='ltr'>ultimo</span> <span class='ocrx_word' id='word_1_307' title='bbox 2099 3539 2169 3561; x_wconf 91' lang='lat' dir='ltr'>om.</span> <span class='ocrx_word' id='word_1_308' title='bbox 2191 3526 2227 3561; x_wconf 86' lang='lat'>2-</span> 
     </span>
     <span class='ocr_line' id='line_1_35' title="bbox 280 3578 2001 3632; baseline 0.004 -15"><span class='ocrx_word' id='word_1_309' title='bbox 280 3578 318 3617; x_wconf 86' lang='lat' dir='ltr'>h.</span> <span class='ocrx_word' id='word_1_310' title='bbox 345 3581 544 3628; x_wconf 79' lang='lat' dir='ltr'>explanare</span> <span class='ocrx_word' id='word_1_311' title='bbox 571 3585 607 3620; x_wconf 82' lang='lat'>2.</span> <span class='ocrx_word' id='word_1_312' title='bbox 630 3584 666 3620; x_wconf 89' lang='lat'>3.</span> <span class='ocrx_word' id='word_1_313' title='bbox 795 3584 822 3621; x_wconf 88' lang='lat' dir='ltr'>i.</span> <span class='ocrx_word' id='word_1_314' title='bbox 848 3585 957 3632; x_wconf 83' lang='lat' dir='ltr'>quasi</span> <span class='ocrx_word' id='word_1_315' title='bbox 985 3599 1054 3622; x_wconf 89' lang='lat' dir='ltr'>om.</span> <span class='ocrx_word' id='word_1_316' title='bbox 1080 3586 1116 3622; x_wconf 92' lang='lat'>1.</span> <span class='ocrx_word' id='word_1_317' title='bbox 1243 3584 1282 3621; x_wconf 81' lang='lat' dir='ltr'>k.</span> <span class='ocrx_word' id='word_1_318' title='bbox 1309 3584 1527 3622; x_wconf 84' lang='lat' dir='ltr'>obedientia</span> <span class='ocrx_word' id='word_1_319' title='bbox 1553 3599 1622 3622; x_wconf 87' lang='lat' dir='ltr'>om.</span> <span class='ocrx_word' id='word_1_320' title='bbox 1646 3587 1682 3623; x_wconf 87' lang='grc'>2.</span> <span class='ocrx_word' id='word_1_321' title='bbox 1811 3587 1837 3624; x_wconf 90' lang='grc'><strong>1.</strong></span> <span class='ocrx_word' id='word_1_322' title='bbox 1866 3588 1938 3625; x_wconf 86' lang='lat' dir='ltr'>etsi</span> <span class='ocrx_word' id='word_1_323' title='bbox 1965 3589 2001 3625; x_wconf 91' lang='lat'>1.</span> 
     </span>
    </p>
   </div>
   <div class='ocr_carea' id='block_1_4' title="bbox 282 3646 2224 3773">
    <p class='ocr_par' dir='ltr' id='par_1_4' title="bbox 282 3646 2224 3773">
     <span class='ocr_line' id='line_1_36' title="bbox 399 3646 2224 3708; baseline 0.004 -20"><span class='ocrx_word' id='word_1_324' title='bbox 399 3646 440 3688; x_wconf 89' lang='lat' dir='ltr'>l.</span> <span class='ocrx_word' id='word_1_325' title='bbox 473 3647 523 3689; x_wconf 87' lang='lat' dir='ltr'>L.</span> <span class='ocrx_word' id='word_1_326' title='bbox 546 3648 603 3691; x_wconf 87' lang='lat'>35</span> <span class='ocrx_word' id='word_1_327' title='bbox 635 3661 733 3704; x_wconf 85' lang='lat' dir='ltr'>cap.</span> <span class='ocrx_word' id='word_1_328' title='bbox 757 3649 828 3703; x_wconf 86' lang='lat'>28,</span> <span class='ocrx_word' id='word_1_329' title='bbox 861 3648 973 3705; x_wconf 87' lang='lat' dir='ltr'>Opp.</span> <span class='ocrx_word' id='word_1_330' title='bbox 998 3649 1069 3693; x_wconf 90' lang='lat' dir='ltr'>ed.</span> <span class='ocrx_word' id='word_1_331' title='bbox 1092 3649 1375 3693; x_wconf 89' lang='lat' dir='ltr'>Benedictini</span> <span class='ocrx_word' id='word_1_332' title='bbox 1406 3649 1459 3692; x_wconf 91' lang='lat' dir='ltr'>T.</span> <span class='ocrx_word' id='word_1_333' title='bbox 1482 3650 1503 3692; x_wconf 94' lang='lat' dir='ltr'>I</span> <span class='ocrx_word' id='word_1_334' title='bbox 1536 3650 1716 3694; x_wconf 84' lang='lat'>1155——</span> <span class='ocrx_word' id='word_1_335' title='bbox 1732 3651 1860 3695; x_wconf 86' lang='lat'>1156.</span> <span class='ocrx_word' id='word_1_336' title='bbox 1989 3653 2031 3695; x_wconf 92' lang='lat'>2.</span> <span class='ocrx_word' id='word_1_337' title='bbox 2066 3653 2089 3695; x_wconf 91' lang='lat'>1</span> <span class='ocrx_word' id='word_1_338' title='bbox 2111 3652 2224 3708; x_wconf 84' lang='lat' dir='ltr'>Reg.</span> 
     </span>
     <span class='ocr_line' id='line_1_37' title="bbox 282 3718 551 3773; baseline 0.007 -13"><span class='ocrx_word' id='word_1_339' title='bbox 282 3718 350 3773; x_wconf 82' lang='lat'>15,</span> <span class='ocrx_word' id='word_1_340' title='bbox 384 3719 454 3762; x_wconf 91' lang='lat'>22.</span> <span class='ocrx_word' id='word_1_341' title='bbox 482 3720 551 3763; x_wconf 89' lang='lat'>23.</span> 
     </span>
    </p>
   </div>
   <div class='ocr_carea' id='block_1_5' title="bbox 1771 3819 1872 3863">
    <p class='ocr_par' dir='ltr' id='par_1_5' title="bbox 1771 3819 1872 3863">
     <span class='ocr_line' id='line_1_38' title="bbox 1771 3819 1872 3863; baseline 0 -15"><span class='ocrx_word' id='word_1_342' title='bbox 1771 3819 1872 3863; x_wconf 60' lang='lat'>344?</span> 
     </span>
    </p>
   </div>
  </div>
 </body>
</html>
