2730 4152
691 945 1078 1015 GREGORII
1125 945 1238 1014 Vll
1285 943 1789 1012 REGISTRUM.

270 1234 484 1310 Fuisse
508 1259 616 1309 iam
642 1257 994 1327 superioribus
1024 1256 1240 1308 saeculis
1268 1255 1402 1308 hune
1429 1256 1668 1308 eeclesiae
1695 1255 1966 1308 Romanae
1991 1272 2200 1320 morem,

265 1355 337 1406 ad
373 1355 714 1406 constantiam
753 1364 799 1406 et
828 1355 1226 1425 perpetuitatem
1264 1352 1600 1405 consiliorum
1637 1354 2060 1422 neqotiorumque
2097 1370 2203 1403 ser-

263 1452 490 1502 vandam
519 1468 781 1522 perquam
817 1452 1085 1516 idoneum,
1126 1459 1185 1502 ut
1221 1449 1455 1519 exempla
1494 1451 1722 1502 omnium
1761 1449 2124 1519 epistolarum,
2173 1468 2207 1500 a

262 1549 474 1599 summis
510 1548 838 1618 pontificibus
876 1549 1139 1599 iussarum
1176 1547 1350 1611 scribi,
1392 1548 1449 1598 in
1489 1564 1570 1599 eos
1612 1546 1788 1611 libros,
1833 1547 1926 1615 qui
1952 1555 2071 1597 sunt
2101 1545 2204 1597 Re-

260 1654 404 1714 qesta
441 1646 547 1696 sive
582 1644 826 1714 Reqistra
863 1645 1013 1709 dieti,
1056 1653 1293 1696 accurate
1326 1643 1669 1713 rfferrentur,
1711 1644 1982 1695 notissima
2014 1660 2095 1694 res
2135 1652 2206 1694 est

264 1740 470 1811 alioque
509 1736 647 1793 loeo¹
671 1741 846 1793 multis
874 1741 1207 1811 comprobata
1233 1742 1565 1810 arqumentis.
1626 1739 1739 1791 Nee
1767 1739 2054 1809 quidquam
2069 1757 2204 1808 pro-

247 1837 391 1906 fecto
431 1838 688 1890 videretur
724 1839 923 1902 minus,
977 1855 1134 1906 quam
1180 1839 1548 1907 praetermissa
1598 1855 1702 1888 esse
1747 1837 2039 1887 necessaria
2082 1835 2206 1887 haee

265 1936 645 2003 communisque
670 1944 1045 1986 antecessorum
1071 1935 1378 1986 consuetudo
1408 1953 1441 1985 a
1461 1934 1674 2003 septimo
1701 1930 1972 2002 GreqoriO,
2002 1931 2206 1984 homine

262 2031 693 2099 inqeniosissimO,
737 2032 940 2083 etiamsi
974 2032 1088 2101 ipse
1111 2032 1417 2082 mentionem
1453 2031 1559 2082 eius
1585 2031 1665 2081 rei
1687 2030 1897 2081 minime
1937 2027 2206 2081 obscuram

263 2144 369 2178 non
417 2126 718 2196 protulisset
774 2126 922 2195 infra
977 2128 1034 2178 in
1091 2127 1217 2178 libri
1252 2126 1399 2179 VIII
1438 2126 1656 2196 epistola
1693 2125 1767 2178 54
1814 2125 1885 2176 acl
1929 2124 2206 2194 Huqonem

265 2223 559 2292 episcopum
596 2222 844 2274 Diensem
890 2224 1066 2274 missa.
1144 2222 1235 2275 Ibi
1283 2225 1443 2275 enim:
1495 2221 1689 2287 „Quod
1732 2241 1765 2273 a
1801 2220 1986 2273 nobis“
2034 2223 2207 2290 inquit

263 2317 495 2387 ,factum
532 2336 861 2388 nequaquam
898 2319 1187 2384 recolimus,
1228 2337 1320 2371 nee
1357 2321 1414 2371 in
1452 2320 1670 2388 reqistro
1697 2327 1873 2370 nostro
1900 2318 2052 2370 huius
2079 2338 2202 2371 eau-

263 2432 350 2466 sae
376 2414 570 2467 litteras
595 2417 862 2485 repperire
878 2417 1146 2485 potuimus
1159 2435 1176 2477 ,·
1215 2417 1414 2468 noverit
1438 2418 1613 2485 itaque
1630 2416 1917 2485 prudentia
1942 2425 2048 2480 tua,
2080 2417 2206 2484 quia

261 2511 423 2563 multa
471 2521 735 2581 tamquam
782 2532 815 2564 a
860 2512 1008 2564 nobis
1057 2512 1361 2582 deferuntur
1409 2522 1455 2564 et
1499 2514 1695 2582 scripta
1746 2521 1792 2564 et
1838 2513 2004 2577 dieta,
2056 2512 2204 2564 nobis

261 2607 650 2659 nescientibus“.
714 2607 912 2676 Quibus
940 2627 1000 2660 ea
1025 2609 1192 2661 verbis
1211 2618 1489 2679 perspectu
1509 2608 1837 2677 facillimum
1864 2618 1951 2674 est,
1994 2610 2206 2679 eopiosa

261 2703 357 2755 illa
395 2704 730 2774 epistolarum
777 2706 1139 2757 universarum
1184 2705 1450 2757 volumina
1497 2705 1588 2757 sub
1637 2707 1735 2757 isto
1777 2707 1930 2769 etiam
1962 2706 2205 2775 pontifice

263 2799 494 2868 confecta
532 2819 652 2865 esse,
696 2818 796 2870 quo
837 2811 883 2853 et
919 2803 1127 2854 omnino
1154 2820 1234 2854 res
1252 2801 1472 2872 papalis
1500 2802 1955 2854 administraretur
1980 2804 2203 2854 severius

263 2906 310 2949 et
343 2897 479 2949 illud
505 2915 707 2972 quoque
738 2897 1011 2949 luxurians
1038 2899 1452 2951 adulterinarum
1479 2898 1767 2951 litterarum
1788 2917 1950 2969 qenus
1973 2899 2202 2968 facilius

262 2994 659 3063 diqnosoeretur.
720 2993 795 3046 At
834 2995 974 3063 quod
1012 2997 1223 3047 exitium
1261 2997 1355 3048 toti
1376 2995 1500 3064 fere
1538 2996 1728 3048 accidit
1750 3006 2065 3065 reyestorum
2094 3015 2201 3066 pa-

258 3090 463 3159 palium
509 3092 662 3143 seriei
705 3092 778 3142 ad
825 3109 1021 3142 annum
1067 3091 1213 3144 1198
1257 3109 1420 3161 usque
1466 3093 1736 3156 deductae,
1786 3094 1844 3143 in
1889 3093 2026 3144 iclem
2069 3090 2200 3146 Gre-

257 3188 401 3255 9orii
429 3186 543 3239 VII
574 3205 776 3257 quoque
801 3197 1130 3239 monumenta
1155 3187 1251 3240 illa
1269 3189 1652 3258 pretiosissima
1679 3189 1807 3257 quin
1833 3190 1939 3241 sint
1963 3189 2198 3260 delapsa,

259 3301 366 3335 non
399 3293 570 3353 potest
606 3301 711 3336 esse
748 3284 977 3336 dubium.

408 3379 592 3432 Nihilo
631 3382 794 3432 secius
825 3381 1100 3451 proditum
1138 3380 1285 3432 nobis
1325 3390 1396 3433 est
1426 3399 1572 3451 opus,
1617 3382 1758 3450 quod
1780 3383 1900 3433 item
1925 3383 2200 3451 reqistrum

267 3472 512 3545 Greqorii
539 3475 654 3529 VII
683 3477 874 3529 dieitur
912 3478 1158 3546 cuiusque
1195 3486 1315 3528 sunt
1343 3478 1540 3529 codices
1568 3477 1766 3529 calamo
1793 3479 1991 3548 scripti.
2055 3477 2196 3544 Quo-

261 3589 378 3623 rum
415 3573 623 3642 quidem
658 3591 763 3624 non
802 3574 1099 3625 veterrimus
1136 3573 1288 3624 modo
1322 3591 1499 3625 verum
1525 3575 1677 3625 etiam
1698 3576 2194 3644 praestantissimus,

379 3679 420 3723 1.
453 3680 508 3725 V.
530 3680 729 3736 Regesta
757 3683 880 3737 pont.
901 3680 1046 3738 Rom„
1077 3678 1223 3725 Praef.
1254 3680 1541 3737 p.111—1V.

335 3757 464 3801 Jmfi.
489 3761 723 3798 Bibliotheca
748 3763 793 3797 11.
1788 3763 1813 3807 1
