2730 4198
871 279 1147 318 GREGORH
1182 280 1262 317 vn
1298 279 1563 318 REGISTRI
1600 281 1638 316 v
1665 278 1700 316 5.
1727 279 1763 316 6.
2181 264 2288 317 293

343 401 396 451 et
433 397 647 464 dignum
685 396 1104 466 reprehensione,
1146 397 1422 465 quominus
1463 396 1529 449 ad
1568 395 1862 467 episcopale
1899 394 2133 462 regimen
2170 412 2290 465 per-

341 493 519 547 venire
567 492 779 560 debeat,
829 493 1147 560 invenerint,
1197 497 1369 546 amoto
1418 493 1535 561 1110,
1586 492 1744 546 talem
1796 490 2048 545 studeatis
2099 490 2290 558 eligere

341 605 636 659 personam,
677 605 809 657 quae
848 593 993 642 tanto
1033 588 1219 642 honori
1258 593 1310 642 et
1347 587 1515 641 officio
1556 591 1807 655 congruat
1837 591 1888 641 et
1915 604 2071 656 quam
2110 590 2291 640 nostra

341 702 435 755 per
473 685 680 739 eosdem
720 685 918 752 legatos
957 684 1350 755 repraesentata
1389 684 1670 737 auctoritas
1709 683 2000 754 approbare
2027 686 2078 737 et
2105 681 2290 736 confir-

339 798 483 835 mare
523 781 723 835 debeat.
783 780 918 833 Illud
958 781 1097 834 enim
1136 781 1344 834 scitote:
1387 780 1659 848 quoniam,
1700 779 1745 832 si
1781 778 2004 846 legalem
2045 781 2097 831 et
2134 794 2290 832 cano-

338 879 510 931 nicam
551 878 856 931 electionem
883 894 974 930 vos
1001 877 1186 930 fecisse
1222 875 1634 944 cognoverimuS,
1676 875 1852 927 omnia
1877 874 2024 927 vobis
2052 877 2103 926 et
2129 873 2290 928 eccle-

340 974 447 1027 siae
485 978 707 1042 vestrae,
749 990 880 1042 quae
922 972 1207 1042 apostolica
1237 971 1389 1025 debet
1417 974 1468 1024 et
1494 971 1635 1025 valet
1660 971 1959 1038 auctoritaS,
2001 986 2119 1023 cum
2147 970 2289 1023 omni

339 1070 556 1124 caritate
596 1069 857 1139 praesidia
896 1068 1278 1134 exhibebimus3
1320 1071 1371 1120 et
1407 1068 1452 1120 si
1489 1069 1603 1136 quis
1632 1068 1782 1122 aliter
1822 1067 1887 1120 ad
1927 1066 2100 1120 sedem
2139 1065 2287 1119 illam

339 1167 572 1236 aspirare
609 1165 1044 1236 praesumpserit,
1094 1164 1278 1234 procul
1316 1164 1472 1217 dubio
1523 1181 1629 1217 non
1674 1164 1841 1217 solum
1880 1166 2061 1216 contra
2101 1179 2156 1216 se
2197 1162 2287 1215 sed

339 1263 495 1316 etiam
536 1266 716 1316 contra
756 1277 934 1314 omnes
971 1260 1202 1313 fautores
1252 1277 1372 1313 suos
1412 1260 1645 1328 gladium
1685 1260 1851 1314 sancti
1889 1258 2034 1313 Petri
2073 1263 2125 1312 et
2163 1275 2288 1329 apo-

338 1358 550 1412 stolicae
591 1357 1055 1412 animadversionis
1099 1356 1328 1410 iaculum
1368 1357 1604 1410 districte
1641 1357 1906 1410 vibratum
1945 1358 1998 1409 et
2037 1354 2287 1408 emissum

337 1455 541 1509 sentiet.
619 1454 760 1509 Data
795 1455 991 1508 Romae
1038 1455 1100 1506 15
1141 1452 1403 1506 Kalendas
1444 1452 1703 1522 Octubris,
1743 1452 2028 1506 indictione
2072 1453 2117 1504 1.

334 1625 387 1688 V
415 1631 470 1688 6.
517 1633 782 1686 Ecclesiae
831 1633 1186 1703 Aquileiensis
1243 1633 1601 1702 suffrayaneos
1652 1630 1918 1696 hortatur,
1977 1639 2035 1682 ut
2092 1628 2285 1698 leqatos

520 1748 639 1782 suos
677 1732 734 1781 in
775 1731 1074 1782 ordinanda
1114 1728 1324 1780 eeclesia
1363 1727 1694 1798 Aquileiensi
1731 1727 1991 1778 adiuvent.

483 1837 764 1906 Gregorius
805 1839 1077 1909 episcopus
1118 1855 1297 1891 servus
1335 1854 1604 1891 servorum
1631 1836 1732 1889 Dei
1758 1835 1997 1889 omnibus
2026 1834 2284 1905 episcopis

335 1934 722 2003 Aquilegiensis
751 1935 998 1989 ecclesiae
1027 1932 1397 2002 suffraganeis3
1438 1933 1536 2001 his,
1579 1933 1668 2002 qui
1695 1949 1749 1985 se
1776 1949 1896 1985 vere
1923 1931 2111 1986 fratres
2140 1930 2286 1984 exhi-

336 2030 575 2099 buerunt,
605 2031 824 2085 salutem
854 2036 905 2084 et
932 2030 1270 2101 apostolicam
1297 2030 1737 2096 benedictionem3
1770 2028 1875 2081 illis
1896 2044 2035 2096 ver0,
2066 2027 2154 2096 qui
2179 2043 2286 2080 non

335 2126 503 2179 solum
543 2144 573 2180 a
612 2127 829 2180 caritate
855 2127 1198 2180 fraternitatis
1239 2126 1331 2179 sed
1370 2126 1434 2179 ab
1460 2126 1661 2179 unitate
1698 2125 1858 2178 etiam
1885 2123 2131 2177 ecclesiae
2157 2123 2284 2176 scis-

333 2223 524 2275 matica
547 2223 809 2292 pravitate
836 2223 1201 2290 discesserunt,
1226 2222 1430 2275 debitae
1457 2220 1820 2274 sollicitudinis
1850 2219 2280 2273 exhortationem.

480 2317 661 2371 Clerus
703 2323 754 2372 et
790 2319 1016 2389 populus
1041 2318 1429 2387 Aquilegiensis
1458 2317 1731 2384 ecclesiae,
1770 2315 1957 2382 legatis
1986 2315 2052 2368 ad
2076 2332 2171 2368 nos
2196 2314 2283 2368 lit-

331 2415 560 2483 terisque
612 2414 848 2483 directis,
895 2415 1276 2468 nunciaverunt
1313 2414 1490 2468 nobis:
1543 2413 1784 2467 defuncto
1823 2429 1991 2482 nuper
2033 2410 2282 2464 Sichardo

332 2511 575 2582 episcopo
616 2528 725 2578 su0,
767 2527 822 2563 se
851 2510 1270 2564 archidiaconum
1298 2511 1530 2564 eiusdem
1558 2509 1804 2564 ecclesiae
1821 2505 1834 2529 ยน
1859 2508 1916 2561 in
1940 2507 2114 2561 locum
2140 2507 2282 2560 illius

330 2607 600 2675 regiminis
641 2607 884 2675 elegisse3
926 2607 1268 2677 postulanteS,
1307 2611 1367 2660 ut
1402 2611 1454 2660 et
1478 2624 1574 2660 nos
1603 2605 1842 2660 electioni
1869 2621 2049 2657 eorum
2074 2606 2284 2657 nostrae

332 2703 657 2757 auctoritatis
706 2719 977 2756 assensum
1024 2702 1574 2771 confirmationemque
1623 2701 2003 2755 adhiberemus
2086 2699 2282 2754 Verum

332 2800 454 2868 quia
491 2816 619 2867 rem,
661 2803 932 2868 tantopere
958 2800 1394 2870 perspiciendam,
1437 2799 1604 2852 adhuc
1640 2798 1977 2866 incognitam,
2015 2796 2072 2849 in
2109 2796 2284 2866 prima

332 2896 595 2949 auditione
633 2900 740 2948 tam
783 2895 952 2948 subito
1000 2895 1291 2965 approbare
1337 2899 1508 2949 tutum
1557 2911 1663 2948 non
1709 2893 1832 2961 fuit,
1882 2892 2121 2946 misimus
2157 2891 2282 2945 illuc

329 2992 528 3060 legatos
566 2996 799 3045 nostros:
841 2997 899 3044 ut
935 3007 1146 3045 causam
1185 2995 1236 3044 et
1276 2991 1510 3045 ordinem
1545 2990 1810 3044 electionis
1837 2988 2015 3043 subtili
2042 2987 2282 3058 explora-

330 3089 469 3142 tione
507 3088 815 3158 perquirant
851 3091 918 3155 et,
960 3087 1206 3156 quicquid
1242 3087 1363 3140 inde
1404 3091 1493 3140 aut
1532 3085 1944 3139 confirmandum
1983 3088 2072 3138 aut
2100 3101 2280 3154 repro-

330 3185 559 3238 bandum
589 3188 682 3252 est,
715 3184 953 3251 diligenti
980 3183 1443 3252 circumspectione
1468 3183 1678 3235 faciant.
1821 3180 2093 3234 Monemus
2120 3179 2280 3246 igitur

331 3285 383 3332 et
420 3297 538 3348 VOS,
594 3297 812 3349 quorum
854 3279 1060 3348 quidem
1101 3278 1326 3331 multum
1364 3278 1607 3344 interest,
1657 3280 1717 3330 ut
1753 3277 1810 3328 in
1846 3276 1944 3328 hac
1981 3292 2038 3328 re
2075 3279 2280 3329 vestrae

332 3375 695 3429 sollicitudinis
744 3376 974 3428 studium
1024 3374 1340 3428 adhibeatis:
1391 3377 1644 3442 quatenus
1685 3371 1970 3424 auxiliante
2007 3370 2119 3424 Deo
2157 3371 2279 3424 talis

334 3470 416 3538 sit,
457 3472 546 3540 qui
583 3472 639 3523 in
678 3471 902 3524 culmine
941 3475 1118 3524 tantae
1155 3470 1424 3538 dignitatis
1461 3468 1760 3539 praesidere
1788 3467 1990 3535 debeat,
2030 3470 2089 3520 ut
2113 3466 2277 3535 vobiS,

334 3566 422 3633 qui
459 3567 508 3618 ei
544 3584 729 3620 manus
767 3568 1037 3637 imponere
1077 3566 1304 3634 debetis,
1343 3582 1450 3618 non
1484 3564 1731 3619 tristitiae
1771 3567 1861 3617 aut
1896 3563 2145 3634 pericuIO,
2186 3564 2278 3617 sed

451 3674 491 3717 1.
522 3674 796 3720 Heinricum.

2351 401 2464 445 1077

2319 459 2424 508 Sept.
2444 463 2492 499 17

2346 1844 2460 1888 1077

2314 1903 2418 1953 Sept.
2438 1905 2486 1943 17
