2730 4198
525 272 635 327 492
870 288 1143 327 GREGORn
1183 289 1259 325 vn
1295 287 1559 325 REGISTRI
1596 289 1695 325 vm
1721 288 1782 325 40.
1801 289 1848 326 41
1878 286 1941 335 (1x
1961 288 2118 336 17.18).

350 407 496 451 1082?
526 408 578 457 et
616 404 809 458 auxilio
855 422 960 458 non
1008 404 1227 471 ambigis
1273 420 1356 456 res
1405 407 1520 456 tuas
1570 404 1676 456 iam
1723 404 1917 458 dudum
1954 407 2248 476 procedere.
2324 408 2459 462 Nam

346 2700 458 2743 1081

327 2758 408 2797 Oct.
427 2761 477 2798 24

525 499 658 552 sicut
681 500 1000 567 ingratitudo
1027 503 1276 569 provocat
1300 498 1730 567 indignationem,
1769 500 1844 553 ita
1869 500 2073 556 devotio
2099 502 2459 558 incunctanter

524 594 815 647 accumulat
851 595 1088 662 gratiam.
1168 594 1495 665 Quapropter
1533 594 1743 648 beatum
1780 594 2010 665 Petrum,
2050 598 2195 652 cuius
2233 598 2329 652 tibi
2368 600 2459 653 ad·

523 705 636 742 esse
684 689 1028 759 patrocinium
1077 690 1297 758 grandia
1341 690 1479 743 facta
1525 693 1809 759 testantur,
1866 707 1993 761 prae
2049 692 2210 747 oculis
2268 693 2458 749 habere

522 800 727 853 semper
764 785 1089 854 memineriS,
1140 787 1351 854 eiusque
1398 784 1659 839 beneficiis
1708 801 1826 839 cum
1873 802 2083 841 necesse
2129 792 2209 842 est
2254 794 2457 858 gratam

520 879 687 932 vicem
724 881 1041 950 rependens,
1090 882 1264 951 ipsum
1305 882 1367 935 de
1406 886 1576 934 cetero
1614 881 1757 935 velut
1793 881 2081 936 debitorem
2121 882 2323 938 efficere
2360 885 2457 939 tibi

519 979 824 1043 procurat03
874 976 937 1029 de
975 993 1075 1045 quo
1114 978 1363 1030 nimirum
1413 994 1471 1030 eo
1510 977 1678 1045 magis
1716 994 2050 1047 praesumere
2086 979 2307 1048 poteriS,
2356 997 2456 1049 quo

520 1069 744 1139 amplius
793 1070 1053 1140 obsequiis
1101 1073 1249 1125 illum
1297 1073 1393 1126 tibi
1443 1073 1591 1141 quasi
1629 1073 1910 1126 obnoxium
1950 1074 2270 1128 astrinxeris
2348 1074 2457 1130 Me-

517 1169 692 1218 mento
730 1166 907 1235 itaque
944 1168 1127 1220 matris
1165 1172 1286 1222 tuae
1325 1172 1533 1222 sanctae
1559 1168 1821 1222 Romanae
1855 1168 2118 1238 ecclesiae,
2159 1186 2291 1238 quae
2316 1170 2380 1224 de
2405 1174 2457 1226 te

518 1259 653 1313 inter
674 1266 871 1314 ceteros
892 1262 1154 1332 principes
1177 1263 1472 1333 specialiter
1493 1263 1719 1332 confidit,
1740 1267 1799 1317 ut
1818 1268 1897 1317 te·
1917 1264 2250 1334 peculiariter
2270 1265 2454 1334 diligit.

516 1354 802 1424 Mement0,
854 1357 992 1425 quod
1036 1358 1135 1410 sibi
1173 1359 1479 1427 promisisti.
1556 1359 1627 1413 Et
1665 1360 1802 1428 quod
1839 1360 2102 1430 pollicitus
2152 1377 2206 1415 es
2248 1391 2310 1398 -
2355 1361 2455 1430 cui,

516 1450 674 1503 etiam
712 1467 817 1504 non
843 1453 1171 1522 promittenS,
1213 1470 1278 1506 ex
1313 1454 1424 1507 iure
1450 1454 1845 1508 christianitatis
1873 1455 2028 1509 debes
2059 1486 2118 1494 —
2154 1456 2455 1527 adimplere,

514 1562 633 1598 cum
658 1547 979 1616 promiseriS,
1018 1564 1123 1600 non
1149 1548 1366 1602 ulterius
1394 1548 1616 1603 differas.
1675 1550 1794 1603 Non
1820 1551 1958 1604 enim
1984 1552 2219 1620 ignoras:
2262 1556 2456 1621 quanta

514 1642 838 1711 perturbatio
878 1647 1060 1696 contra
1098 1660 1214 1697 eam
1261 1661 1356 1714 per
1393 1644 1697 1698 Heinricum
1736 1646 1930 1699 dictum
1979 1664 2156 1715 regem
2204 1648 2273 1701 sit
2311 1651 2452 1715 orta3

515 1742 868 1807 quantumque
906 1742 1012 1806 tuo,
1054 1739 1142 1807 qui
1181 1756 1304 1792 suus
1343 1756 1397 1793 es
1436 1738 1591 1808 filius,
1633 1741 1826 1793 auxilio
1857 1742 2103 1810 indigeat.
2161 1742 2276 1811 Age
2314 1759 2453 1812 ergo,

512 1837 587 1902 ut,
629 1838 882 1903 quantum
922 1834 1095 1888 studet
1119 1833 1256 1888 filius
1290 1835 1583 1905 iniquitatis
1621 1836 1902 1905 adversari,
1942 1854 2047 1891 non
2071 1838 2245 1892 minus
2271 1838 2456 1892 debeat

512 1929 575 1983 de
613 1934 734 1983 tuae
773 1930 1061 1984 devotionis
1102 1930 1444 2000 opitulatione
1481 1937 1650 1985 mater
1688 1932 1906 1986 ecclesia
1943 1933 2212 2001 gratulari.

657 2025 1027 2092 Dubitavimus
1064 2026 1150 2080 hic
1188 2027 1418 2095 sigillum
1465 2027 1770 2097 plumbeum
1817 2046 2037 2098 ponere,
2088 2046 2181 2098 ne,
2231 2030 2277 2083 si
2323 2029 2455 2084 illud

509 2121 710 2175 inimici
747 2126 1010 2192 caperent,
1051 2122 1114 2176 de
1155 2139 1214 2176 eo
1252 2122 1538 2177 falsitatem
1577 2123 1805 2193 aliquam
1841 2125 2087 2180 facerent.

507 2292 638 2355 VIII
662 2297 741 2354 41
781 2292 879 2364 (IX
909 2298 1027 2366 18).
1088 2299 1310 2370 Huyoni
1346 2303 1586 2372 episeopo
1624 2302 1819 2354 Diensi
1843 2305 2133 2372 praecipit,
2182 2314 2240 2356 ut
2276 2304 2449 2356 archi-

697 2397 995 2466 episcopum
1032 2395 1434 2465 Daydunensem
1481 2415 1638 2466 quam
1677 2400 1914 2467 primum
1962 2398 2252 2468 eliqendum
2290 2410 2464 2464 curet„

690 2509 829 2556 neve,
871 2492 921 2542 si
955 2492 1039 2542 vir
1075 2492 1290 2543 idoneus
1324 2503 1544 2561 nequeat
1567 2494 1808 2560 inveniri,
1850 2495 2077 2547 oblatum
2103 2494 2448 2564 arehiepisco-

680 2597 871 2656 patwm
907 2588 1167 2657 suscipere
1203 2588 1411 2640 dubitet.

654 2692 935 2763 Gregorius
964 2696 1235 2766 episcopus
1263 2713 1443 2751 servus
1469 2715 1737 2751 servorum
1756 2697 1856 2751 Dei
1881 2697 2131 2767 Hu(goni)
2150 2694 2163 2718 ¹
2182 2698 2368 2752 dilecto
2393 2698 2450 2752 in

507 2790 714 2845 Christo
740 2791 891 2844 fratri
918 2795 970 2845 et
994 2792 1299 2863 coepiscopo
1328 2793 1549 2846 salutem
1579 2798 1629 2847 et
1654 2794 1995 2864 apostolicam
2018 2793 2444 2848 benedictionem.

655 2885 996 2957 Summopere
1032 2889 1417 2958 procurandum
1456 2889 1553 2943 tibi
1592 2894 1694 2944 est:
1736 2894 1793 2943 ut
1830 2890 1886 2943 in
1923 2907 2113 2958 magna
2151 2890 2271 2943 sede
2307 2887 2446 2956 Lug-

506 2982 727 3036 dunensi
750 3000 856 3037 non
883 2983 972 3039 diu
999 2982 1268 3038 differatur
1295 2985 1525 3038 ordinari
1552 2985 1988 3056 archiepiscopuS,
2029 2985 2118 3055 qui
2147 3001 2204 3039 re
2229 3001 2353 3038 vera
2378 2983 2447 3037 sit

506 3078 656 3132 miles
695 3077 889 3132 Christi
929 3083 980 3133 et
1019 3080 1258 3134 defensor
1295 3080 1545 3149 iustitiae,
1585 3098 1681 3151 pro
1722 3098 1824 3151 qua
1859 3098 1965 3134 non
2003 3080 2169 3134 solum
2205 3079 2444 3133 laborare

506 3174 598 3227 sed
637 3175 796 3228 etiam
831 3192 928 3245 pro
969 3193 1029 3229 ea
1067 3176 1327 3230 desideret
1363 3181 1587 3230 mortem
1633 3177 1804 3230 carnis
1845 3176 2032 3230 subire.
2109 3173 2303 3238 Quodsi
2341 3174 2443 3228 cito

503 3286 607 3323 non
645 3274 820 3340 potest
856 3271 1101 3341 reperiri,
1155 3289 1218 3325 ex
1259 3272 1546 3343 apostolica
1582 3272 1679 3326 tibi
1716 3271 2065 3342 praecipimus
2105 3270 2441 3324 auctoritate:

504 3369 578 3433 ut,
617 3370 830 3434 rogatus
870 3383 902 3420 a
937 3367 1185 3422 fratribus
1224 3368 1329 3422 tuis
1368 3371 1420 3422 et
1457 3368 1650 3423 electus
1683 3367 1747 3421 ab
1774 3366 2005 3421 eiusdem
2031 3364 2277 3419 ecclesiae
2301 3364 2442 3433 filiis,

503 3460 860 3516 indubitanter
896 3480 1238 3533 praesumens
1278 3464 1342 3518 de
1381 3463 1638 3518 adiutorio
1676 3461 1901 3529 coelesti,
1941 3461 2007 3514 ad
2031 3460 2264 3529 regimen
2290 3477 2442 3532 prae-

504 3555 672 3611 dictae
695 3556 1061 3626 Lugdunensis
1100 3559 1312 3613 accedas
1352 3562 1561 3613 sanctae
1587 3557 1849 3624 ecclesiae,
1885 3556 2139 3611 imitando
2174 3557 2441 3612 dominum

621 3665 661 3707 1.
693 3664 906 3722 episcopo
935 3666 1108 3711 Diensi.
1476 3686 1509 3712 a.
1542 3676 1581 3712 te
1609 3674 1761 3713 addidi.
