2730 4198
952 265 1209 304 BONITHO
1246 268 1324 304 AD
1361 267 1590 306 AMICUM
2132 257 2242 310 583

446 380 555 435 Sed
586 392 868 452 postquam
906 384 969 435 de
1005 385 1113 436 vita
1149 383 1466 437 Bonithonis
1504 386 1645 451 dimi,
1699 386 1841 455 quod
1868 389 2242 457 propositurus

294 494 426 542 cum,
468 495 598 547 opus
638 479 745 530 eiua
783 481 1068 548 separatim
1106 480 1458 533 considerabo.

441 572 603 625 Isiber
651 575 811 639 enim,
863 577 958 644 qui
1004 576 1086 627 ad
1123 577 1396 627 amicum
1431 575 1737 628 inscribitur
1751 571 1781 641 ¹,
1831 578 1989 645 quasi
2022 577 2243 632 historia

294 667 637 722 ecclesiactica
675 680 761 735 est,
804 671 876 722 ad
905 668 1153 740 Greqorii
1180 670 1297 723 VII
1324 673 1590 724 interitum
1624 689 1788 740 usque
1813 672 2068 735 adducta;
2109 691 2242 743 quae

293 780 408 815 cum
450 765 647 818 saeculi
681 767 944 818 undecimi
977 785 1059 818 res
1098 767 1393 818 accuratius
1431 785 1524 819 nec
1561 747 1673 818 eine
1706 769 2028 836 proprietate
2055 787 2238 838 peree-

292 869 510 928 quatur,
559 863 694 914 inter
739 862 1045 915 utilissimae
1094 863 1338 931 temporie
1384 861 1529 914 illiue
1577 864 1859 915 memorias
1899 867 2243 918 annumerari

289 955 446 1009 «solita
484 967 571 1009 est.
629 957 928 1027 Perfectum
966 975 1096 1027 opus
1135 967 1210 1010 est
1244 966 1462 1009 vacante
1477 967 1605 1026 post
1634 954 1884 1028 Greqorii
1911 957 2027 1012 VII
2045 960 2239 1013 obitum

288 1052 406 1104 cede
433 1052 694 1119 Romana,
736 1055 908 1123 spatio
947 1054 1149 1105 dierum
1186 1052 1260 1105 25
1297 1070 1366 1103 m.
1394 1052 1538 1104 Maii
1573 1072 1623 1105 a.
1653 1053 1798 1107 1085
1838 1065 1886 1108 et
1909 1054 1983 1108 24
2007 1073 2075 1107 m.
2096 1057 2241 1110 Maii

288 1167 338 1199 a.
360 1147 534 1211 10865
560 1150 994 1218 quemadmodum
1017 1150 1140 1201 inde
1164 1149 1429 1218 suepicari
1453 1148 1585 1214 licet,
1615 1151 1759 1219 quod
1781 1148 2029 1221 Greqorii
2043 1155 2240 1206 mortui

288 1245 497 1312 quidem
532 1263 697 1314 neque
733 1264 852 1298 vero
890 1245 1111 1299 Victoris
1138 1243 1242 1297 III
1272 1243 1417 1297 electi
1446 1247 1636 1298 mentio
1663 1245 1818 1299 illata
1843 1257 1932 1301 eet.
1992 1246 2092 1300 Oui
2115 1251 2234 1318 qui-

287 1340 402 1392 dem
439 1344 727 1411 tempestati
762 1343 998 1394 convenit
1036 1343 1236 1394 occasio
1277 1358 1498 1410 quoque,
1542 1359 1701 1410 quam
1732 1343 1996 1396 ecribendi
2020 1344 2146 1397 libri
2169 1345 2234 1398 ab

286 1454 360 1501 e0,
404 1452 554 1506 quem
591 1437 878 1507 alloquitur
915 1438 1208 1508 aliquotiee,
1251 1439 1418 1489 amico
1450 1438 1750 1507 praebitam
1775 1439 1880 1492 eibi
1902 1458 2024 1506 esce,
2067 1451 2234 1494 octen-

284 1532 364 1585 dit
385 1532 632 1586 Bonitbo.
690 1534 934 1586 Eundem
971 1536 1109 1586 enim
1147 1553 1181 1586 a
1219 1551 1272 1586 ee
1300 1543 1665 1603 percontatum
1704 1553 1810 1587 ecce
1824 1535 2038 1605 profert
2060 1538 2119 1589 in
2144 1554 2232 1590 ea-

284 1629 434 1681 ordio
475 1628 614 1694 libri,
655 1648 762 1682 non
799 1631 953 1682 modo
993 1648 1119 1682 num
1158 1630 1440 1682 christiano
1477 1648 1580 1700 pro
1606 1630 1719 1698 fide
1745 1633 2046 1685 contendere
2070 1635 2233 1686 armis

285 1724 452 1790 liceat,
493 1726 585 1777 sed
623 1727 754 1795 quid
792 1728 946 1779 etiam
984 1728 1054 1779 cit
1091 1744 1295 1792 caueae,
1338 1744 1432 1778 cur
1455 1725 1555 1778 illa
1580 1737 1743 1780 aetate
1769 1727 2000 1795 ecclecia,
2041 1729 2236 1782 <scilicet

278 1839 409 1890 pare
452 1818 799 1892 Greqoriana,
835 1833 1109 1892 prostrata
1146 1824 1228 1875 sit.

281 1957 526 2002 Laurentii.
558 1958 619 2002 Et
640 1971 776 2015 super
796 1958 892 2003 eius
912 1958 1134 2002 tumulum
1157 1961 1263 2002 sunt
1281 1957 1358 2001 isti
1371 1970 1554 2002 versus:
1576 1957 1737 2004 Nobile
1758 1958 2014 2016 depositum
2027 1957 2049 1981 “
2069 1962 2156 2004 cet.
2173 1984 2230 1992 —

281 2032 480 2076 Locatus
509 2031 597 2087 (De
626 2031 915 2075 Placentinae
944 2031 1069 2076 urbis
1100 2031 1286 2088 origine,
1320 2030 1569 2075 Cremonae
1601 2031 1758 2089 1564),
1789 2032 2006 2077 relatione
2035 2031 2233 2078 Fabricii

281 2104 339 2149 de
368 2105 585 2150 Marliano
615 2117 741 2161 usus,
772 2104 863 2148 iam
893 2103 1105 2161 prodidit,
1137 2118 1165 2148 a
1195 2104 1358 2161 quibus
1389 2103 1646 2149 hominibus
1677 2117 1857 2162 quoque
1886 2107 1987 2151 loco
2018 2109 2231 2151 caecatus

279 2177 476 2223 Bonitho
507 2179 589 2222 sit:
624 2212 645 2235 „
660 2177 718 2222 ab
747 2176 868 2222 illis“
902 2178 1047 2234 inquit
1077 2178 1196 2222 enim
1231 2212 1252 2235 „
1267 2177 1324 2222 de
1354 2177 1562 2234 Vidalta‚
1594 2177 1651 2222 de
1682 2179 1857 2236 Bardo,
1890 2179 1947 2224 de
1977 2178 2229 2237 Bonifacio,

279 2251 336 2296 de
367 2251 623 2296 Torricellis
663 2254 710 2296 et
746 2251 803 2295 de
832 2251 971 2295 Porta
1000 2251 1131 2296 Nova
1171 2251 1293 2308 apud
1333 2251 1570 2295 ecclesiam
1614 2250 1708 2296 divi
1738 2252 1907 2297 Donini
1937 2252 2230 2309 (Placentiae)

279 2338 415 2382 super
433 2328 610 2382 petram
630 2323 920 2381 Aghinonum
943 2325 1221 2381 exoculatus,
1244 2327 1373 2368 extra
1393 2324 1624 2369 civitatem
1638 2325 1831 2381 turpiter
1845 2325 2017 2370 eiectus
2032 2325 2153 2371 est“.
2171 2351 2228 2359 -

278 2398 438 2456 Campi
477 2399 671 2455 denique
713 2398 842 2454 (Dell’
875 2397 1063 2442 historia
1102 2399 1411 2444 ecclesiastica
1458 2397 1505 2442 di
1543 2397 1788 2455 Piacenza‚
1833 2398 2057 2443 Piacenza
2096 2399 2226 2457 1651,

276 2472 331 2516 Τ.
354 2472 378 2516 Ι
407 2473 511 2528 359)
542 2473 683 2517 multo
715 2472 851 2516 etiam
883 2471 1161 2530 accuratius,
1203 2472 1430 2530 quomodo
1459 2484 1533 2516 res
1572 2474 1705 2528 gesta
1741 2472 1821 2530 sit,
1860 2475 2035 2531 narrat3
2073 2473 2140 2517 ita
2175 2476 2229 2518 ut

278 2545 534 2602 scriptores,
566 2549 735 2602 quanto
767 2546 858 2590 sint
886 2546 1174 2603 posteriores,
1204 2549 1333 2591 tanto
1363 2544 1548 2590 uberius
1576 2543 1776 2590 referant
1804 2546 1997 2603 singula.

397 2619 438 2662 1.
478 2619 605 2663 Haec
636 2622 707 2663 est
735 2631 846 2663 vera
875 2618 977 2663 libri
1006 2620 1240 2676 inscriptio
1279 2619 1337 2665 ab
1368 2619 1469 2677 ipso
1499 2618 1754 2664 Bonithone
1785 2617 1928 2664 facta:
1967 2618 2053 2663 Ad
2091 2620 2225 2664 ami-

278 2706 413 2737 cum.
475 2692 528 2736 In
557 2692 742 2736 Decreti
772 2692 890 2736 enim
921 2693 972 2736 L.
994 2693 1060 2738 IV
1092 2705 1130 2737 c.
1155 2694 1240 2737 109
1271 2695 1362 2750 (ap.
1384 2694 1474 2738 Mai
1499 2693 1615 2739 Nov.
1636 2696 1751 2749 patr.
1772 2691 1881 2738 bibl.
1913 2693 1966 2738 T.
1986 2694 2074 2739 VH
2093 2694 2142 2738 P.
2159 2693 2227 2739 ΠΙ

276 2781 321 2823 p,
344 2766 444 2821 46):
489 2764 771 2823 „Ceterum“
813 2765 959 2822 inquit
987 2765 1183 2810 Bonitho
1226 2767 1298 2824 „si
1337 2767 1439 2823 quis
1478 2766 1535 2810 de
1573 2765 1917 2823 Theophylacto
1949 2767 2224 2825 Tusculano,

275 2839 468 2896 qualiter
497 2838 687 2900 Iohanni
717 2838 942 2883 sacerdoti
972 2838 1228 2883 vendiderit
1256 2843 1487 2896 papatum,
1523 2842 1569 2883 et
1599 2839 1825 2895 quomodo
1850 2853 1941 2884 uno
1972 2841 2224 2897 eodemque

274 2920 478 2970 tempore
508 2911 878 2969 Theophylactus
910 2915 957 2956 et
986 2911 1231 2968 Gregorius
1263 2916 1309 2956 et
1339 2911 1557 2957 Silvester
1584 2912 1839 2956 Romanum
1877 2925 1969 2957 non
2002 2912 2225 2970 regebant

275 2985 358 3031 sed
386 2985 633 3031 vastabant
663 2983 990 3042 pontificatum,
1023 2989 1070 3029 et
1094 2986 1285 3041 qualiter
1304 2985 1528 3030 Henricus
1550 2998 1645 3043 rex,
1678 2985 1873 3030 Conradi
1893 2985 2026 3044 filius,
2057 2987 2222 3032 Roma-

273 3073 379 3105 nam
420 3059 659 3103 ecclesiam
701 3072 729 3102 a
766 3057 932 3103 talibus
971 3058 1177 3115 pestibus
1215 3058 1445 3115 liberavit,
1492 3072 1661 3116 gnarus
1699 3071 1801 3103 esse
1837 3060 2054 3116 voluerit,
2098 3061 2223 3116 legat

273 3133 506 3190 librum,
554 3145 689 3188 quem
729 3131 919 3188 dictavi,
960 3132 1056 3188 qui
1103 3131 1463 3176 inscribitur:
1513 3131 1598 3176 Ad
1636 3131 1925 3177 amicum“.
1993 3133 2048 3177 In
2086 3133 2220 3179 unico

273 3207 410 3251 etiam
442 3206 590 3263 operis
623 3205 793 3262 codice,
827 3205 883 3249 de
914 3218 1003 3261 quo
1035 3204 1183 3249 dicam
1213 3203 1349 3263 infra,
1384 3206 1545 3250 eadem
1576 3218 1667 3263 qua
1697 3207 1842 3251 omnis
1873 3209 1945 3251 est
1970 3206 2086 3252 liber
2115 3220 2220 3252 exa-

271 3284 398 3325 ratus
428 3293 566 3324 manu
596 3279 766 3323 saeculi
795 3279 885 3322 ΧΠ
914 3279 1153 3335 impositus
1184 3278 1227 3322 ei
1257 3282 1330 3323 est
1355 3279 1513 3324 titulus
1542 3279 1638 3324 hic:
1684 3280 1880 3337 „Incipit
1908 3279 2055 3325 liber
2083 3280 2219 3324 Boni-

270 3353 421 3398 thonis
467 3352 712 3398 Sutriensis
757 3352 980 3409 episcopi,
1033 3352 1127 3408 qui
1169 3351 1531 3397 inscribitur:
1578 3352 1663 3397 Ad
1709 3353 1994 3398 amicum“.
2062 3353 2220 3398 Posuit

271 3430 424 3471 autem
447 3427 494 3470 in
518 3426 741 3470 anteriore
766 3425 935 3469 codicis
961 3425 1164 3469 eiusdem
1187 3426 1389 3482 tegmine
1413 3439 1574 3471 manus
1599 3427 1769 3471 saeculi
1790 3427 1901 3472 XIV
1916 3425 2058 3471 verba
2080 3425 2216 3470 haec:

273 3500 570 3557 „Historia
610 3498 948 3544 Bonithonis
995 3497 1316 3543 Sutriensis
1371 3500 1631 3556 episcopi
1684 3499 1749 3544 de
1801 3499 2216 3556 persecucione

270 3573 517 3617 ecclesie
531 3572 578 3631 “3
617 3571 749 3617 facile
779 3576 832 3617 ut
861 3575 1097 3630 appareat,
1139 3572 1257 3618 hanc
1296 3572 1440 3618 serius
1470 3573 1702 3619 inventam
1731 3573 1834 3619 libri
1866 3573 2214 3631 appellationem

270 3644 328 3690 ab
357 3645 457 3702 ipso
485 3645 739 3691 Bonithone
767 3658 860 3691 non
889 3658 1005 3691 esse.
