2722 4172
813 307 1087 348 GREGORII
1122 309 1203 347 vn
1239 308 1504 347 Rsers'rm
1539 309 1560 346 1
1587 308 1648 344 33.
2130 293 2197 347 51

263 420 290 482 Ῑ
325 423 424 482 33.
466 427 742 480 Monachis
783 426 841 481 S.
870 428 1079 480 Mariae
1116 429 1297 480 scribit
1334 429 1396 479 de
1430 427 1586 496 falsa
1623 424 1924 478 Alexandri
1960 425 2030 477 II
2061 425 2203 478 bulla

465 516 568 568 sibi
603 516 783 569 allata.
841 517 1077 569 Ecclesia
1101 517 1441 570 Dordonensi
1464 517 1709 568 canonice
1744 515 2005 579 ordinata,
2047 532 2100 566 se
2135 515 2203 566 iis

456 605 743 676 privileyia
769 624 1141 659 concessurum.
1190 606 1530 658 Benedictum
1555 604 1805 669 abbatem,
1836 613 1896 656 ut
1919 602 2202 668 abdicaret,

466 695 787 747 admonitum
824 715 943 748 esse.

411 794 691 864 Gregorius
741 798 1013 868 episcopus
1063 813 1242 850 servus
1293 812 1562 849 servorum
1600 795 1701 848 Dei
1738 793 1986 847 fratribus
2024 810 2205 847 mona-

264 892 409 946 sterii
446 893 628 947 beatae
666 893 879 962 Mariae,
921 894 1008 947 siti
1044 894 1100 946 in
1138 893 1441 963 episcopatu
1478 889 1808 944 Dordonensi
1824 886 1852 958 ¹,
1893 889 2116 944 salutem
2154 894 2207 944 et

265 988 604 1059 apostolicam
641 990 1067 1044 benedictionem.
1620 986 1622 989 ’

409 1085 634 1139 Veniens
683 1086 749 1140 ad
793 1089 1027 1139 nostram
1071 1083 1426 1154 praesentiam
1462 1082 1625 1136 frater
1662 1081 1999 1151 BenedictuS,
2052 1098 2206 1150 quem

262 1186 382 1252 post
420 1182 617 1236 obitum
655 1182 820 1252 patris
858 1180 1041 1235 Uberti
1090 1180 1272 1248 religio
1311 1183 1487 1233 vestra
1535 1179 1635 1232 sibi
1673 1195 1916 1249 praeesse
1956 1177 2114 1246 elegit
2150 1178 2206 1230 in

264 1277 519 1346 abbatem,
561 1277 746 1331 detulit
782 1277 930 1331 nobis
971 1276 1232 1346 quoddam
1269 1275 1618 1346 privilegium,
1661 1274 1798 1344 quod
1823 1274 2006 1328 beatae
2034 1290 2206 1327 recor-

262 1373 485 1426 dationis
522 1373 936 1443 praedecessoris
974 1373 1142 1426 nostri
1179 1372 1469 1426 Alexandri
1506 1372 1717 1425 nomine
1755 1371 2024 1424 titulatum
2061 1370 2206 1424 inve-

260 1469 447 1522 nimus.
507 1468 654 1533 Quod
676 1470 927 1523 nimirum
952 1474 1126 1523 ratum
1149 1486 1256 1523 non
1283 1486 1412 1537 esse,
1450 1468 1892 1522 manifestissimis
1920 1466 2205 1538 deprehen-

261 1565 430 1619 dimus
467 1566 690 1635 indiciis,
730 1567 1062 1637 corruptione
1099 1565 1342 1620 videlicet
1365 1564 1666 1619 Latinitatis
1705 1581 1802 1619 nec
1827 1581 1932 1618 non
1958 1567 2010 1618 et
2036 1564 2206 1618 diver-

261 1662 414 1716 sitate
459 1663 737 1717 canonicae
787 1662 1128 1716 auctoritatis
1196 1662 1516 1730 Congruenti
1571 1662 1732 1730 igitur
1787 1661 1991 1715 ratione
2037 1677 2205 1730 neque

259 1763 408 1814 vetus
444 1760 690 1814 roborare
726 1777 894 1829 neque
929 1764 1107 1812 nostro
1142 1759 1352 1813 nomine
1388 1775 1579 1812 novum
1618 1758 1831 1826 dignum
1869 1758 2114 1811 duximus
2148 1758 2205 1811 in

259 1857 672 1927 praesentiarum
713 1873 1047 1926 componere3
1089 1855 1227 1925 quia,
1269 1872 1401 1924 quae
1440 1859 1563 1908 sunt
1587 1855 1727 1908 iusta
1753 1859 1804 1908 et
1829 1855 1934 1925 pia,
1975 1853 2207 1924 postulat

261 1953 609 2007 ecclesiastica
645 1952 841 2021 regula.
908 1951 1040 2005 Cum
1079 1951 1219 2004 enim
1256 1951 1614 2005 Dordonensis
1655 1950 1887 2019 ecclesia,
1929 1951 2074 2004 cuius
2113 1966 2206 2021 pa-

259 2049 467 2103 rochiae
515 2049 786 2117 adiacetiS,
836 2052 1084 2119 operante
1135 2065 1361 2118 superna
1410 2048 1709 2116 clementia,
1759 2047 2004 2101 canonice
2050 2046 2208 2100 fuerit

261 2146 524 2214 ordinata,
571 2149 696 2199 tunc
736 2145 944 2214 quidem
982 2144 1171 2198 comite
1215 2145 1326 2198 vita
1372 2162 1437 2198 ex
1485 2143 1740 2198 consensu
1787 2143 2019 2198 eiusdem
2068 2143 2205 2196 sedis

260 2241 490 2312 episcopi
525 2240 786 2312 proficuae
824 2241 1066 2312 utilitatis
1107 2240 1439 2311 privilegium
1479 2245 1680 2294 vestrae
1706 2239 2007 2294 necessitati
2031 2239 2206 2310 provi-

260 2337 511 2407 debimuS,
548 2338 797 2392 canonica
833 2338 1139 2391 auctoritate
1167 2336 1448 2391 suffultum.
1510 2337 1704 2400 Quodsi
1739 2337 1967 2407 peccatis
1996 2337 2206 2404 exigen-

259 2435 397 2489 tibus
437 2435 618 2488 eadem
658 2435 876 2489 ecclesia
913 2434 1159 2488 canonice
1207 2451 1312 2487 non
1357 2434 1516 2487 fuerit
1561 2434 1824 2502 ordinata,
1875 2437 2000 2487 tunc
2048 2433 2207 2487 etiam

260 2531 562 2599 munimine,
603 2548 702 2600 quo
727 2531 864 2584 iuste
890 2530 1195 2599 valebimuS,
1227 2531 1372 2585 vobis
1400 2531 1610 2584 omnino
1639 2530 2013 2584 solatiabimur.
2074 2529 2208 2593 Quia

260 2644 382 2681 vero
419 2644 645 2698 persona
679 2628 842 2682 vestri
879 2627 1045 2695 electi,
1085 2627 1207 2680 licet
1245 2627 1476 2680 honestis
1512 2627 1752 2698 praedita
1777 2627 2017 2680 videatur
2047 2626 2206 2680 mori-

261 2723 373 2791 buS,
415 2723 480 2776 ad
518 2723 719 2777 abbatis
756 2728 934 2778 tamen
981 2722 1210 2776 officium
1248 2740 1366 2777 cum
1414 2728 1584 2777 aetate
1622 2728 1736 2777 tum
1775 2724 1935 2778 etiam
1972 2723 2204 2793 corporis

262 2818 563 2873 infirmitate
601 2819 750 2873 nobis
775 2820 890 2873 visa
923 2823 1002 2872 est
1027 2819 1229 2888 debiliS,
1267 2824 1448 2890 utpote
1489 2837 1642 2890 quem
1678 2824 1883 2890 oportet
1915 2836 2010 2890 pro
2039 2819 2204 2873 omni-

259 2916 356 2970 bus
395 2916 797 2970 sollicitudinem
835 2932 1030 2984 gerere,
1071 2916 1312 2970 eumdem
1351 2916 1572 2970 electum
1609 2917 1905 2970 monuimus
1946 2934 1977 2970 a
2001 2915 2204 2987 praela-

259 3013 400 3066 tione
427 3012 691 3081 desistere,
721 3012 766 3065 si
791 3029 846 3065 se
870 3010 1157 3064 invalidum
1176 3012 1399 3066 fratrum
1420 3013 1860 3084 oportunitatibus
1877 3012 2205 3083 perspexerit

259 3125 363 3163 non
389 3118 542 3179 posse
570 3107 830 3174 sufficere3
871 3107 954 3160 cui
981 3111 1174 3176 tamen,
1215 3109 1412 3177 quoad²¹
1437 3110 1740 3180 praefuerit,
1779 3110 1835 3162 in
1863 3109 2097 3162 eiusdem
2121 3126 2203 3162 re-

258 3205 466 3274 ligionis
504 3210 685 3260 tenore
722 3208 1132 3275 perseveranteS,
1172 3204 1228 3256 in
1268 3222 1370 3274 qua
1403 3209 1574 3259 vester
1611 3223 1703 3259 vos
1742 3205 2013 3258 defunctus
2052 3204 2203 3257 insti-

259 3302 362 3356 tuit
385 3306 551 3372 pater,
592 3302 819 3355 debitam
845 3300 1193 3354 reverentiam
1218 3301 1472 3355 exhibete.
1533 3301 1705 3355 Ceteri
1732 3318 1934 3370 quoque
1961 3300 2203 3354 monachi

259 3399 420 3453 vestri
457 3399 681 3452 consocii
718 3407 811 3469 per
851 3397 1022 3465 cellaS,
1065 3396 1128 3450 ab
1168 3396 1349 3451 eodem
1386 3402 1559 3451 vestro
1585 3401 1736 3467 patre
1763 3400 2105 3465 constructaS,
2143 3400 2203 3450 ut

376 3513 408 3539 a.
470 3502 547 3539 uod
575 3517 606 3539 c.

379 3566 419 3609 1.
445 3513 545 3611 (1188
576 3565 897 3609 monasterium
929 3564 1013 3608 hoc
1045 3563 1090 3608 S.
1113 3564 1279 3607 Mariae
1309 3576 1393 3607 nec
1422 3567 1568 3607 totum
1599 3563 1907 3620 episcopatum
1937 3563 2200 3608 Dordonen-

261 3649 356 3681 sem
387 3639 514 3683 novit
542 3638 722 3683 Mabilio
735 3673 746 3695 ,
786 3639 863 3695 qui
893 3639 950 3683 de
980 3638 1251 3682 Dertonensi
1282 3638 1545 3694 episcopatu
1586 3638 1774 3694 cogitari
1803 3640 1930 3683 vetat
1958 3637 2006 3681 in
2035 3635 2199 3682 Annal.

262 3711 356 3755 ord.
380 3711 424 3756 S.
446 3713 616 3756 Bened.
650 3713 702 3756 T.
726 3713 767 3757 V
799 3713 869 3756 60.

1775 3784 1844 3828 4÷÷

2259 797 2372 841 1073

2233 859 2327 896 Nov.
2346 858 2394 895 28
