2730 4198
595 314 701 368 398
1052 325 1324 365 GREGORII
1360 325 1439 361 v11
1474 323 1738 362 REG1srm
1774 323 1854 359 vn
1889 322 2061 359 14.14a.

435 449 548 493 1080
593 446 753 498 immo
809 444 1102 496 hortamur:
1161 446 1219 495 ut
1265 444 1446 494 contra
1491 439 1708 492 iniurias
1757 438 1910 492 beato
1959 437 2113 492 Petro
2163 437 2361 507 illatas,
2419 440 2523 494 nisi

419 508 494 547 tan.
514 510 563 546 3⁰
594 542 955 609 praesumptor
992 537 1079 590 ille
1118 535 1398 606 penituerit
1436 534 1691 602 digneque
1730 533 2056 602 satisfecerit,
2099 534 2284 603 quibus
2324 535 2522 591 viribus

593 638 786 703 potest,
825 633 1084 699 insurgat3
1126 636 1278 699 atque
1315 630 1462 682 illum
1503 629 1741 682 omnibus
1782 629 1947 681 modis
1987 629 2220 695 infestet3
2268 634 2321 684 et
2358 630 2422 683 de
2460 646 2521 684 eo

592 728 724 781 tanti
763 727 970 781 sceleris
1009 743 1219 797 poenaS,
1258 725 1367 778 Deo
1408 724 1712 794 opitulante,
1752 727 1897 794 petat
1923 727 1975 777 et
2002 728 2188 777 sumat.
2246 725 2523 793 Indignum

592 839 798 891 nanque
845 823 991 875 nobis
1038 822 1267 889 videtur,
1317 820 1714 889 exemplumque
1754 819 1971 873 caeteris
2008 819 2260 889 improbis
2300 820 2524 874 audendi

591 919 771 988 peiora
806 917 1055 984 futurum,
1097 918 1141 970 si
1181 917 1277 970 hoc
1313 914 1568 983 flagitium
1606 916 1705 968 iste
1744 916 1955 984 impune
1995 917 2296 984 susceperit.
2376 914 2524 970 Unde

593 1013 750 1066 etiam
788 1013 939 1066 fratri
976 1017 1154 1066 nostro
1181 1011 1495 1065 Virdunensi
1522 1011 1763 1080 episcopo
1781 1006 1793 1030 ¹
1821 1010 2039 1079 aliisque
2063 1009 2204 1064 beati
2230 1010 2374 1064 Petri
2396 1008 2525 1064 fide-

590 1107 725 1161 libus
765 1124 1091 1177 summopere
1129 1107 1504 1177 praecipimus:
1544 1110 1618 1174 ut,
1659 1105 1986 1159 dilectionem
2026 1109 2171 1158 tuam
2209 1106 2526 1159 unanimiter

593 1203 912 1270 adiuvanteS,
954 1219 1069 1255 eum
1109 1207 1168 1255 ut
1204 1207 1484 1272 tyrannum
1524 1206 1575 1255 et
1613 1201 1923 1255 christianae
1960 1201 2228 1268 religionis
2255 1201 2524 1255 conculca-

590 1302 756 1351 torem
801 1298 1108 1367 impugnent
1154 1301 1206 1351 et
1253 1298 1410 1350 armis
1460 1301 1570 1350 tam
1619 1296 1911 1350 carnalibus
1960 1314 2114 1365 quam
2166 1296 2524 1367 spiritualibus

589 1393 815 1460 undique
843 1396 894 1445 et
917 1391 1125 1460 ubique,
1167 1397 1417 1461 quantum
1443 1396 1678 1469 possunt,
1717 1392 2048 1460 insequentes
2075 1397 2325 1447 coartent.
2385 1393 2526 1447 Data

587 1486 781 1540 Romae
819 1489 851 1539 3
890 1487 1151 1540 Kalendas
1189 1486 1477 1555 Februarii,
1517 1488 1802 1541 indictione
1841 1489 1889 1540 3.

588 1655 692 1718 VII
730 1660 807 1716 14
825 1675 875 1716 a.
933 1662 1070 1715 Aeta
1107 1664 1317 1716 concilii
1354 1664 1587 1716 Romani
1601 1671 1633 1714 ⁰.

423 1782 536 1824 1080
734 1771 887 1824 Anno
929 1771 992 1824 ab
1029 1772 1390 1825 incarnatione
1418 1772 1632 1825 Domini
1669 1772 1947 1825 millesimo
1988 1774 2354 1841 octuagesimo,
2393 1789 2525 1844 pon-

408 1841 516 1878 ΜΝ
536 1842 557 1878 ⁷
587 1866 811 1920 tificatus
849 1883 971 1920 vero
1011 1867 1189 1920 domni
1215 1866 1453 1935 Gregorii
1472 1866 1568 1921 VII
1606 1884 1773 1937 papae
1800 1885 1934 1921 anno
1962 1869 2202 1937 septimo,
2241 1869 2524 1923 indictione

587 1963 758 2031 tertia,
799 1961 1080 2016 celebravit
1115 1964 1229 2032 ipse
1269 1963 1487 2015 domnus
1526 1979 1667 2033 papa
1707 1963 1963 2032 synodum
1987 1963 2207 2030 Romae3
2247 1964 2337 2018 ubi
2362 1965 2525 2018 inter-

586 2059 795 2112 fuerunt
834 2058 1208 2128 archiepiscopi
1241 2062 1292 2111 et
1330 2059 1562 2128 episcopi
1602 2059 1926 2112 diversarum
1953 2059 2177 2127 urbium,
2218 2075 2313 2113 nec
2343 2077 2447 2114 non
2474 2064 2527 2114 ct
2569 2134 2571 2137 .

589 2155 832 2208 abbatum
855 2171 914 2207 ac
934 2154 1257 2207 diversorum
1282 2147 1520 2207 ordinum
1543 2154 1847 2207 clericorum
1876 2159 1927 2208 et
1951 2155 2200 2208 laicorum
2227 2156 2525 2210 innumera-

588 2250 708 2303 bilis
745 2249 1039 2302 multitudo.
1101 2249 1160 2302 In
1187 2266 1305 2318 qua,
1347 2250 1633 2319 apostolica
1660 2251 1942 2303 constituta
1967 2251 2322 2318 corroboranS,
2360 2250 2526 2305 multa

589 2362 720 2414 quae
740 2344 1044 2412 corrigenda
1063 2348 1211 2397 erant
1231 2344 1458 2398 correxit
1483 2349 1534 2398 et
1554 2361 1684 2413 quae
1707 2346 2088 2399 corroboranda
2107 2344 2349 2399 firmavit.
2386 2346 2525 2400 Inter

590 2445 762 2494 cetera
794 2458 1000 2509 nanque
1034 2441 1090 2493 in
1114 2439 1217 2493 fine
1244 2440 1507 2510 synodalis
1536 2441 1873 2494 absolutionis
1900 2441 2027 2494 haec
2054 2442 2305 2495 annexuit
2329 2446 2381 2495 et
2405 2459 2525 2512 per-

588 2540 776 2606 petuae
812 2536 1093 2589 memoriae
1129 2552 1226 2605 pro
1265 2536 1488 2605 posteris
1527 2536 1802 2590 scribenda
1834 2536 2126 2604 mandavit,
2165 2537 2242 2590 ita
2279 2537 2523 2591 dicendo:

740 2632 1017 2702 Sequentes
1068 2643 1259 2685 statuta
1308 2643 1603 2685 sanctorum
1638 2644 1850 2703 patrum
1889 2662 1957 2668 -
1997 2636 2131 2685 sicut
2165 2636 2223 2685 in
2254 2634 2526 2703 prioribus

591 2729 840 2793 conciliis,
883 2747 1016 2798 quae
1040 2729 1156 2781 Deo
1194 2730 1470 2780 miserante
1507 2729 1887 2794 celebravimus,
1930 2730 1992 2781 de
2019 2730 2345 2782 ordinatione
2371 2730 2525 2782 eccle-

589 2826 918 2876 siasticarum
956 2826 1268 2894 di9nitatum
1306 2827 1576 2876 statuimus
1604 2856 1672 2862 —
1700 2827 1776 2876 ita
1803 2835 1850 2877 et
1873 2844 2010 2877 nunc
2036 2825 2324 2894 apostolica
2349 2834 2524 2877 aueto-

587 2922 739 2972 ritate
777 2921 1093 2972 decernimus
1132 2938 1193 2971 ac
1232 2920 1618 2987 confirmamus:
1657 2931 1739 2986 ut,
1782 2923 1830 2973 si
1839 2916 1856 2943 ²
1897 2923 2012 2990 quis
2051 2923 2288 2990 deinceps
2329 2922 2524 2990 episco-

587 3026 769 3085 patum
806 3016 887 3068 vel
922 3017 1185 3068 abbatiam
1224 3017 1286 3067 de
1322 3034 1483 3067 manu
1517 3017 1737 3068 alicuius
1766 3016 1930 3068 laicae
1946 3034 2205 3086 personae
2228 3018 2522 3086 susceperit,

588 3111 882 3163 nullatenus
931 3114 1065 3164 inter
1115 3114 1381 3182 episcopos
1428 3112 1509 3164 vel
1555 3113 1761 3165 abbates
1809 3113 2058 3165 habeatur
2103 3130 2194 3163 nec
2237 3112 2348 3162 ulla
2387 3112 2436 3163 ei
2469 3121 2528 3164 ut

591 3209 830 3277 episcopo
869 3225 957 3259 seu
995 3208 1173 3260 abbati
1209 3209 1478 3260 audientia
1516 3210 1839 3261 concedatur.
1900 3208 2123 3277 Insuper
2149 3208 2301 3258 etiam
2330 3208 2379 3258 ei
2396 3225 2524 3276 yra-

589 3304 718 3354 tiam
755 3305 924 3355 sancti
953 3303 1105 3355 Petri
1141 3314 1188 3356 et
1222 3306 1491 3357 introitum
1529 3304 1767 3356 ecclesiae
1803 3305 2182 3366 interdicimus,
2225 3320 2326 3370 quo
2364 3320 2527 3371 usque

711 3422 743 3447 a.
779 3414 968 3461 Leguntur
1001 3427 1142 3462 magna
1179 3428 1227 3449 ex
1259 3421 1367 3461 parte
1401 3416 1511 3450 etiam
1548 3411 1586 3459 2)
1616 3427 1678 3461 ap.
1698 3415 1846 3450 Petrum
1874 3414 2075 3454 Pisanum,
2110 3413 2219 3447 Pont.
2244 3413 2348 3448 Rom.
2374 3411 2447 3449 Vit.
2465 3411 2522 3448 ed.

595 3478 801 3513 Watterich
830 3480 867 3514 T.
889 3480 907 3514 I
933 3478 1006 3514 301
1024 3497 1064 3502 —
1079 3478 1165 3516 305.

711 3548 750 3590 1.
782 3547 1074 3592 Theoderico.
1106 3549 1162 3594 V.
1189 3562 1259 3605 ep.
1279 3549 1334 3593 13
1365 3562 1501 3605 supra
1525 3562 1569 3605 p.
1592 3549 1693 3593 396.
1813 3549 1854 3592 2.
1890 3581 1910 3604 „
1925 3546 1973 3591 Si
1994 3547 2093 3603 quis
2114 3546 2327 3603 deinceps
2349 3571 2404 3577 ——
2426 3559 2525 3591 sen-

591 3619 759 3662 tentiae
798 3620 977 3664 vinculo
1026 3634 1075 3665 se
1122 3634 1223 3666 esse
1271 3622 1386 3666 sciat
1434 3620 1733 3666 obstrictum“
1785 3624 1891 3665 sunt
1926 3620 1973 3663 in
2010 3619 2214 3664 Gratiani
2253 3619 2374 3664 decr.
2412 3620 2463 3664 P.
2483 3620 2528 3664 II

593 3690 643 3736 O.
665 3691 775 3737 XVI
805 3705 877 3748 qn.
902 3695 926 3737 7
959 3707 996 3737 c.
1022 3695 1090 3738 12.
