2730 4198
341 446 455 489 1079

314 516 343 542 c.
365 504 444 543 Oct.
464 507 484 542 1

515 311 622 364 558
880 326 1155 365 GREGORII
1193 327 1270 362 vn
1307 325 1614 362 EPISTOLAE
1654 325 1996 363 COLLEOTAE.
2028 327 2088 363 31.

516 445 568 495 et
611 442 707 495 hec
745 442 923 496 eadem
964 443 1065 496 cito
1106 442 1171 494 ad
1208 458 1302 494 nos
1343 444 1432 493 aut
1468 457 1563 510 per
1599 457 1692 494 vos
1729 441 1873 510 ipsos
1913 446 2002 496 aut
2038 459 2133 512 per
2172 447 2338 496 certos
2376 443 2451 498 le-

514 541 661 604 gatos
710 527 1045 602 annunciare3
1098 540 1156 589 ut
1201 540 1281 589 tot
1331 539 1383 589 et
1430 535 1561 589 tales
1608 552 1858 605 personas
1906 538 2167 607 possimus
2214 538 2340 591 illuc
2386 539 2452 592 ad

513 633 851 685 constitutum
889 637 1095 701 tempus
1135 631 1374 698 dirigere,
1424 631 1512 699 qui
1552 631 1615 683 ad
1654 635 1860 684 tantum
1898 633 2168 700 negocium
2209 633 2452 686 determi-

511 728 742 780 nandum
780 727 989 781 valeant
1026 745 1130 780 una
1166 727 1435 781 vobiscum
1474 725 1585 779 Deo
1627 726 1913 779 auxiliante
1952 727 2202 782 sufficere.

659 823 872 876 Interim
910 839 1031 876 vero
1082 823 1184 875 sica
1223 839 1314 875 vos
1354 823 1561 890 utrique
1598 822 1740 891 parti
1779 838 2076 875 communes
2115 828 2167 876 et
2206 823 2268 876 ab
2309 824 2451 877 omni

513 918 821 987 suspicionis
859 935 1008 986 nevo,
1050 922 1302 986 quantum
1340 919 1396 971 in
1435 918 1580 971 vobis
1621 921 1715 984 est,
1757 933 1874 970 cum
1902 917 2108 971 divinae
2135 919 2332 986 gratiae
2361 919 2451 972 ad-

510 1013 700 1066 iutorio
740 1013 943 1066 exibete
981 1014 1257 1080 immuneS‚
1296 1018 1355 1066 ut
1392 1014 1622 1066 iustitiae
1664 1029 1869 1081 semper
1901 1017 1952 1065 et
1977 1013 2120 1068 nullo
2147 1013 2300 1066 modo
2330 1030 2452 1083 par-

510 1108 649 1161 tibus
683 1108 920 1176 faveatiS‚
962 1109 1094 1161 sicut
1119 1109 1320 1162 habetis
1347 1109 1570 1162 formam
1595 1113 1854 1174 nostram;
1897 1110 1986 1177 qui
2011 1108 2268 1177 videlicet,
2308 1112 2452 1178 post-

513 1219 669 1270 quam
714 1203 963 1256 iudicium
1012 1204 1147 1256 tanti
1191 1204 1343 1257 huius
1390 1205 1586 1271 negotii
1633 1205 1689 1257 in
1737 1221 1896 1257 manu
1943 1204 2083 1258 beati
2119 1203 2264 1257 Petri
2311 1221 2451 1257 com-

510 1298 729 1350 missum
769 1302 872 1366 est,
913 1298 1073 1351 nichil
1114 1298 1255 1351 aliud
1291 1299 1438 1353 vobis
1477 1300 1695 1353 testibus
1736 1300 2080 1368 intendimus,
2120 1299 2224 1352 nisi
2262 1303 2321 1352 ut
2358 1316 2452 1369 per

509 1393 740 1445 iustitiae
792 1393 1030 1445 semitam
1077 1394 1394 1446 incedamus,
1472 1395 1558 1447 Ad
1603 1395 1797 1448 nullam
1848 1399 2053 1465 partem
2098 1395 2452 1448 sinceritatem

511 1487 825 1557 apostolicae
864 1487 1191 1541 discretionis
1229 1488 1543 1558 infleximUS,
1582 1491 1739 1543 nullis
1771 1491 2204 1560 promissionibus
2233 1495 2322 1544 aut
2347 1496 2451 1544 ter-

508 1583 712 1635 roribus
752 1583 1028 1649 cessimus3
1068 1600 1163 1636 nec
1203 1583 1343 1636 aliud
1378 1601 1625 1653 umquam
1650 1585 1761 1639 Deo
1789 1590 2093 1655 protegente
2121 1591 2325 1640 acturos
2353 1603 2449 1639 nos

511 1694 623 1731 esse
661 1677 983 1733 confidimus.

656 1771 902 1826 Preterea
940 1774 1234 1843 specialiter
1272 1774 1419 1827 vobis
1459 1774 1522 1827 de
1562 1774 1747 1827 abbate
1778 1773 2072 1843 Augiense¹
2109 1776 2450 1844 iniungimus,

511 1869 599 1937 qui
646 1886 836 1938 nuper,
887 1869 953 1922 ad
1002 1869 1355 1939 apostolorum
1401 1870 1585 1922 limina
1630 1871 1869 1938 venienS,
1918 1888 2022 1923 non
2063 1871 2229 1924 solum
2269 1876 2451 1942 captus

511 1960 635 2032 est²‚
676 1964 768 2017 sed
806 1965 966 2017 etiam
1003 1965 1059 2017 in
1095 1965 1208 2018 loco
1248 1966 1357 2018 eius
1399 1964 1641 2034 quidam³
1683 1970 1762 2019 est
1799 1967 2071 2035 tyrannice
2111 1967 2447 2035 subrogatus:

508 2063 568 2112 ut
615 2076 677 2112 ea
720 2060 856 2114 bona
894 2077 1012 2128 sua,
1065 2061 1251 2129 quibus
1292 2062 1612 2131 exspoliatus
1653 2067 1757 2130 est,
1809 2062 2026 2131 expulso
2064 2063 2305 2117 invasore
2341 2063 2449 2131 illo,

507 2155 714 2208 restitui
769 2155 990 2208 faciatis,
1069 2155 1168 2218 Qui
1214 2160 1418 2225 tamen,
1478 2162 1753 2227 postquam
1804 2159 1866 2211 de
1915 2158 1995 2211 his
2046 2175 2177 2226 quae
2224 2159 2453 2229 perdidit

505 2250 666 2304 fuerit
721 2250 945 2321 pleniter
989 2252 1288 2320 investituS‚
1348 2253 1393 2305 si
1442 2254 1566 2321 quid
1617 2258 1797 2306 contra
1844 2253 1992 2305 illum
2039 2253 2194 2307 habet
2244 2253 2448 2321 aliquiS,

507 2349 724 2415 paratus
774 2347 874 2400 erit
911 2347 965 2399 in
1003 2351 1181 2400 nostro
1220 2348 1412 2400 iudicio
1451 2349 1781 2418 respondere.
1859 2348 1977 2400 Non
2016 2349 2154 2401 enim
2193 2348 2346 2402 debet
2383 2349 2449 2402 ab

510 2441 611 2493 alio
651 2441 823 2509 aliquo
860 2441 1098 2509 iudicari,
1140 2443 1229 2511 qui
1265 2443 1321 2494 in
1361 2444 1646 2513 apostolica
1685 2443 1804 2496 sede
1845 2443 2004 2495 scitur
2044 2460 2074 2495 a
2109 2448 2302 2497 memet
2327 2460 2450 2497 con-

509 2533 783 2589 secratus⁴.
860 2536 932 2589 Et
978 2541 1116 2590 certe
1165 2538 1339 2605 gravis
1387 2538 1486 2590 fuit
1532 2538 1916 2607 praesumpti0‚
1970 2555 2183 2591 manum
2230 2540 2284 2591 in
2332 2556 2450 2593 eum

507 2647 725 2701 ponere,
776 2631 865 2700 qui
907 2635 1055 2685 tanto
1095 2637 1207 2686 erat
1244 2633 1517 2703 privilegio
1555 2634 1803 2686 munitus
1883 2633 2076 2696 Quodsi
2114 2635 2326 2688 invasor
2360 2635 2450 2689 ille

509 2730 690 2780 contra
735 2727 1071 2781 interdictum
1109 2733 1347 2781 nostrum
1386 2729 1653 2798 praedicto
1692 2729 1844 2782 fratri
1884 2746 1978 2782 sua
2014 2730 2288 2783 restituere
2327 2746 2448 2783 con-

508 2823 797 2892 tempserit,
840 2823 1112 2876 confestim
1149 2824 1206 2876 in
1245 2841 1363 2877 eum
1401 2824 1544 2878 velut
1580 2825 1636 2876 in
1673 2823 1921 2878 rebellem
1962 2829 2013 2878 et
2048 2826 2345 2879 invasorem
2383 2842 2448 2879 ex

510 2918 818 2972 auctoritate
875 2919 1162 2988 apostolica
1217 2920 1527 2973 sententiam
1579 2920 2127 2973 excommunicationis
2175 2921 2445 2974 intendite.

509 3012 771 3082 Quidquid
809 3018 983 3067 autem
1024 3015 1176 3082 agitis
1203 3015 1287 3069 vel
1314 3015 1567 3084 quidquid
1592 3015 1740 3068 vobis
1767 3015 2059 3084 contigerit,
2098 3016 2287 3069 litteris
2313 3033 2447 3072 sem-

507 3125 603 3178 per
642 3109 892 3162 mandare
932 3114 984 3164 et
1019 3110 1318 3179 frequenter
1357 3111 1423 3163 ad
1460 3128 1555 3163 nos
1594 3111 1803 3164 mittere
1841 3116 2131 3180 procurate.
2199 3111 2448 3181 Omnipo-

507 3207 622 3257 tens
662 3209 714 3258 et
750 3205 1045 3258 misericors
1083 3205 1253 3274 Deus,
1295 3223 1327 3259 a
1365 3223 1464 3275 quo
1504 3206 1642 3260 bona
1680 3210 1866 3259 cuncta
1903 3207 2206 3276 procedunt,
2245 3207 2447 3260 meritis

624 3347 655 3372 a.
694 3336 749 3372 sic
780 3356 820 3360 —
851 3338 999 3374 acturos
1026 3348 1095 3374 nos
1124 3348 1208 3374 esse
1236 3337 1458 3374 confidimus
1494 3339 1664 3388 leguntur
1698 3340 1809 3374 etiam
1838 3352 1900 3385 ap.
1921 3338 2082 3374 Paulum
2110 3337 2279 3374 Bernrid.
2308 3353 2338 3374 c.
2360 3339 2446 3384 103,

507 3402 618 3438 Pom.
636 3403 744 3438 Rom.
762 3403 825 3439 vit.
845 3403 901 3439 ed.
925 3404 1133 3439 Watterich
1159 3406 1185 3440 I
1206 3402 1294 3441 536.

626 3472 667 3515 1.
706 3472 899 3517 Ecardo.
1049 3475 1090 3517 2.
1133 3474 1213 3530 „in
1253 3473 1418 3530 oppido
1451 3472 1604 3516 Sancti
1633 3473 1846 3516 Domnini
1885 3472 2113 3515 martiris“
2156 3474 2323 3530 (Borgo
2356 3474 2447 3518 San

507 3543 750 3599 Donnino).
812 3545 956 3590 Casus
996 3545 1040 3590 S.
1074 3545 1213 3602 Galli,
1252 3547 1372 3591 Mon.
1405 3545 1556 3590 Germ.
1590 3545 1668 3589 SS.
1701 3546 1745 3588 Π
1777 3546 1874 3589 157.
2024 3546 2065 3589 3.
2107 3545 2344 3590 Udalricus
2381 3547 2449 3590 ΠΙ

509 3614 650 3660 abbas
681 3616 725 3660 S.
754 3616 893 3675 Galli,
932 3622 1094 3674 postea
1121 3619 1144 3663 I
1183 3619 1439 3675 patriarcha
1467 3618 1770 3674 Aquileiensis
1810 3619 2167 3673 (1086—1121).
2219 3620 2272 3665 V.
2304 3619 2447 3664 Casus

509 3687 554 3732 S.
578 3689 695 3734 Galli
723 3691 751 3733 1.
769 3691 798 3734 l.
946 3693 989 3735 4.
1023 3693 1079 3738 V.
1111 3693 1162 3736 L.
1183 3693 1206 3735 Ι
1237 3705 1305 3748 ep.
1329 3693 1386 3736 82
1417 3704 1554 3747 supra
1582 3705 1627 3747 p.
1651 3692 1749 3734 102.
