2730 4198
612 287 886 325 Gnnconn
924 288 1004 324 vn
1040 286 1351 324 Ems'roLAE
1390 285 1735 324 GOLLECTAE.
1771 285 1831 321 19.
1859 285 1921 321 20.
2128 272 2236 323 545

293 402 509 456 alicuius
546 403 921 473 impedimento
960 403 1045 457 vel
1082 403 1444 473 inquietudine
1481 402 1628 456 vobis
1665 417 1875 472 preesse
1900 400 2139 454 volumus
2168 406 2235 469 et,

293 514 451 567 quam
507 498 596 551 diu
651 499 1188 570 inreprehensibiliter
1246 503 1298 552 et
1349 499 1499 551 iuxta
1543 496 1720 564 regule
1771 512 1864 549 sue
1910 495 2235 550 honestatem

291 593 508 662 vixerit,
557 593 752 647 nullius
801 599 979 664 preter
1028 598 1205 648 sancte
1250 593 1483 646 Romane
1532 592 1779 646 ecclesiae
1830 590 2098 645 subiacere
2148 592 2238 644 do—

291 689 468 742 minic.
607 688 736 743 Post
773 690 906 744 hanc
942 708 1065 744 vero
1103 690 1327 760 primam
1369 686 1691 756 electionem,
1731 687 1953 740 liberam
1994 686 2238 755 deinceps

291 783 527 846 habeatis
568 784 809 839 abbatem
848 785 1073 854 eligendi
1109 784 1394 838 licentiam.

295 959 396 1016 20.
445 959 739 1014 Teutonicic
777 962 972 1027 scribit,
1019 979 1072 1013 se
1110 961 1182 1013 ad
1219 977 1302 1013 eos
1342 967 1460 1010 ante
1484 967 1758 1009 venturum
1767 956 1963 1025 fuisse,
2005 959 2055 1009 si
2080 961 2238 1010 comi-

439 1067 604 1111 tatum
640 1060 698 1110 in
735 1068 960 1127 tempore
997 1057 1100 1108 sibi
1133 1056 1408 1106 misissent.
1467 1053 1550 1104 Eo
1592 1054 1734 1122 quod
1758 1055 2018 1105 remorari
2040 1055 2098 1105 in
2125 1054 2164 1105 I
2159 1065 2238 1106 ta-

442 1153 518 1205 lia
553 1155 666 1223 ipse
703 1163 982 1222 coqeretur,
1008 1151 1221 1220 factum
1259 1169 1379 1215 esse,
1420 1159 1479 1202 ut
1515 1167 1608 1200 rea:
1639 1169 1674 1200 a
1699 1167 1805 1200 sese
1831 1151 2240 1201 communionem

438 1250 701 1318 reciperet.
765 1248 937 1300 Addit
983 1249 1047 1299 de
1095 1249 1459 1317 episcoporum
1495 1244 1975 1314 Lanyobardorum
2011 1245 2235 1298 malitia.

439 1343 525 1396 De
560 1362 678 1413 φερε
714 1362 820 1395 non
856 1343 1075 1395 multum
1115 1342 1353 1395 laetatur.
1423 1340 1494 1395 Se
1530 1341 1612 1393 vel
1646 1341 1848 1393 nolente
1885 1359 2004 1411 φερε
2042 1342 2115 1393 ad
2157 1359 2239 1393 eos

441 1440 678 1491 accedere
715 1438 886 1490 velle‘.

439 1545 719 1614 Gregorius
767 1547 1042 1617 episcopus
1090 1563 1271 1600 servus
1320 1562 1591 1599 servorum
1629 1545 1731 1599 Dei
1778 1545 2130 1599 dilectissimis
2181 1546 2238 1598 in

293 1641 498 1695 Christo
536 1643 786 1696 fratribus
826 1647 878 1697 et
915 1641 1055 1711 filiis,
1097 1641 1502 1712 archiepiscopis
1543 1641 1802 1711 episcopis
1830 1641 2048 1694 ducibus
2076 1641 2237 1694 comi—

291 1738 430 1792 tibus
469 1739 789 1807 caeterisque
828 1738 1153 1808 principibus
1193 1755 1312 1791 cum
1350 1738 1492 1791 omni
1523 1736 1716 1807 populo
1742 1737 1894 1804 regni
1921 1737 2240 1790 Theuthoni-

293 1850 498 1902 corum,
546 1833 886 1887 christianam
922 1832 1080 1886 fidem
1119 1837 1170 1887 et
1206 1833 1513 1905 religionem
1552 1832 1976 1902 defendentibuS,
2018 1832 2242 1887 salutem

295 1933 347 1982 et
384 1929 723 1999 apostolicam
760 1929 1193 1983 benedictionem.

444 2023 590 2078 Sicut
634 2025 691 2078 in
729 2025 991 2095 prioribus
1029 2025 1219 2078 litteris
1260 2028 1312 2078 et
1346 2024 1640 2092 legatorum
1679 2023 1852 2077 verbis
1891 2023 2040 2077 vobis
2081 2023 2241 2091 signi-

293 2119 562 2174 ficavimus
604 2150 671 2158 —
710 2121 1087 2189 intelligentes,
1136 2120 1275 2190 quod
1325 2120 1479 2187 digne
1516 2120 1629 2172 Deo
1670 2119 1967 2173 defensores
2005 2120 2241 2173 iustitiae

295 2233 384 2269 vos
423 2217 478 2269 in
516 2233 642 2270 vera
679 2216 1007 2270 oboedientia
1045 2220 1096 2270 et
1134 2216 1407 2287 apostolici
1444 2216 1769 2286 principatus
1809 2216 2104 2269 reverentia
2130 2216 2240 2291 exi-

291 2311 494 2380 buistiS,
533 2312 590 2365 in
627 2316 803 2365 vestra
838 2311 940 2364 fide
981 2316 1033 2365 et
1070 2312 1300 2366 consiliis
1341 2311 1653 2365 fiducialiter
1695 2328 1844 2381 spem
1884 2315 2137 2382 ponentes
2169 2341 2235 2348 -—

293 2411 473 2460 contra
508 2407 831 2461 voluntatem
868 2424 1003 2478 pene
1030 2408 1263 2461 omnium
1288 2407 1519 2461 fidelium
1546 2412 1865 2475 nostrorum,
1908 2411 2129 2477 excepta
2157 2423 2242 2460 ca-

294 2502 503 2555 rissima
549 2507 601 2556 et
645 2502 951 2557 fidelissima
987 2503 1129 2557 beati
1165 2502 1310 2557 Petri
1347 2502 1481 2571 filia,
1532 2503 1776 2556 videlicet
1813 2502 2091 2571 Mathilde,
2142 2503 2243 2556 iter

297 2597 364 2650 ad
400 2614 492 2650 vos
538 2615 645 2652 non
693 2599 862 2652 solum
909 2599 1047 2652 inter
1085 2599 1253 2653 multa
1289 2599 1621 2653 incommoda
1659 2598 1752 2652 sed
1791 2603 1844 2652 et
1879 2598 2114 2669 pericula
2154 2616 2243 2666 ag-

295 2693 463 2760 gressi
501 2709 695 2746 sumus.
752 2693 824 2747 Et
855 2696 1157 2764 pervenisse
1185 2695 1396 2764 quidem
1421 2695 1792 2765 potuissemus,
1834 2695 1880 2747 si
1907 2694 2154 2748 ducatum
2182 2711 2241 2748 00

294 2792 546 2859 tempore,
587 2805 647 2842 eo
686 2789 816 2858 loc0,
857 2807 956 2859 quo
996 2790 1337 2844 constitutum
1377 2795 1505 2859 erat,
1547 2808 1612 2844 ex
1650 2795 1825 2844 vestra
1855 2795 2006 2861 parte
2031 2790 2243 2844 habuis-

295 2901 484 2938 semus
547 2884 678 2938 Cum
709 2889 882 2939 autem
912 2903 978 2939 ex
1002 2886 1121 2956 ipsa
1147 2886 1486 2957 suspensione
1512 2891 1724 2940 nostrae
1750 2886 2086 2956 profectionis
2112 2887 2241 2955 regi,

293 2981 350 3033 in
386 2979 594 3034 Italiam
632 2982 952 3051 properanti,
994 2982 1060 3035 ad
1096 2999 1192 3035 nos
1230 2983 1570 3052 perveniendi
1610 2983 1821 3036 daretur
1861 2983 2077 3051 occasiO,
2117 2983 2245 3037 victi

294 3076 405 3130 eius
452 3076 747 3131 humilitate
787 3081 840 3131 et
876 3077 1217 3131 multimodae
1255 3079 1575 3149 penitudinis
1615 3078 1963 3147 exhibitione,
2015 3079 2078 3132 ab
2120 3096 2243 3132 ana-

293 3172 539 3226 thematis
579 3173 786 3227 vinculo
827 3173 1140 3242 absolutum,
1179 3174 1235 3226 in
1273 3175 1498 3242 gratiam
1537 3175 1916 3228 communionis
1957 3192 2077 3228 eum
2101 3191 2243 3229 rece-

292 3268 496 3338 pimus;
537 3269 601 3323 de
639 3274 810 3323 cetero
849 3269 1029 3331 nichil,
1050 3285 1227 3323 secum
1253 3273 1557 3338 statuenteS,
1597 3271 1701 3323 nisi
1728 3271 1865 3339 quod
1893 3271 1958 3323 ad
1985 3270 2244 3324 cautelam

296 3368 348 3418 et
384 3364 636 3420 honorem
676 3366 910 3419 omnium
948 3369 1182 3419 vestrum
1218 3366 1329 3419 fore
1366 3366 1682 3436 putavimus,

442 3460 677 3531 Cumque
713 3461 1180 3530 Langobardorum
1229 3462 1487 3532 episcopi,
1535 3462 1696 3515 totius
1742 3462 1946 3529 negocii
1985 3478 2243 3515 summam

298 3556 363 3609 ad
407 3574 734 3612 communem
773 3562 1084 3612 conventum
1127 3562 1178 3612 et
1215 3558 1523 3628 prudentiae
1563 3561 1766 3611 vestrae
1807 3557 2242 3612 consultationem

412 3685 444 3711 a.
481 3677 631 3725 Legitur
660 3691 709 3724 ap
745 3679 892 3727 lingon.
918 3678 1080 3721 Flamin„
1105 3672 1213 3713 ⁴Mon.
1235 3678 1353 3713 Germ.
1378 3677 1445 3715 SS.
1473 3677 1570 3713 VIII
1593 3675 1825 3714 445—446.

367 3743 497 3786 δΑηέ,
524 3747 761 3783 Bibliotheca
786 3750 832 3783 11.
1831 3747 1890 3792 35

2272 406 2419 449 1076?

2332 1558 2446 1600 1076

2267 1617 2375 1654 Febr.
2394 1617 2503 1654 Mart.
