2730 4198
547 277 656 330 550
850 290 1124 329 GREGORII
1159 291 1238 326 VII
1276 289 1583 326 EPISTOLAE
1623 288 1966 326 COLLEOTAE.
2004 289 2181 324 23—25.

400 412 514 455 1078
545 408 683 460 inter
707 423 927 475 regnum
953 410 1004 460 et
1029 404 1368 475 apostolicam
1396 403 1571 456 sedem
1596 403 1702 455 iam
1728 402 1924 456 dudum
1951 405 2197 472 agitatur,
2225 409 2484 460 annuente

544 502 770 555 Domino
810 517 1094 569 congruum
1131 499 1304 552 valeat
1339 497 1498 551 finem
1537 497 1738 565 sortiri,
1777 515 1870 551 vos
1911 499 1977 552 ad
2015 499 2287 569 synodum,
2328 517 2485 569 quam

543 598 599 650 in
638 598 808 650 medio
835 595 1116 649 Novembri
1142 594 1403 647 celebrare
1431 593 1771 662 disponimUS,
1811 595 2164 668 praesentium
2190 594 2485 648 litterarum

544 693 812 746 vocatione
852 708 914 744 ex
941 695 1090 760 parte
1117 690 1256 743 beati
1279 688 1420 742 Petri
1448 687 1800 758 apostolorum
1826 690 2079 759 principis
2105 690 2484 759 praecipientes

543 788 842 840 invitamus
994 785 1107 838 Hoe
1156 785 1313 838 etiam
1360 784 1742 837 fraternitatem
1780 788 2009 837 vestram
2048 785 2179 838 seire
2216 785 2481 843 volumus:

545 883 691 950 quia,
731 886 791 934 ut
828 898 1006 934 secure
1047 881 1112 933 ad
1149 897 1244 934 nos
1283 880 1460 933 venire
1501 883 1552 932 et
1588 879 1643 932 in
1682 882 1908 932 vestram
1948 880 2176 949 patriam
2212 879 2323 934 Deo
2362 897 2485 950 pro·-

543 982 750 1045 tegente
793 977 1006 1046 possitis
1045 976 1240 1043 redire,
1290 975 1468 1029 fideles
1507 975 1673 1027 nostri
1713 991 1744 1027 a
1780 974 2093 1043 maioribuS,
2145 975 2233 1043 qui
2271 979 2394 1029 sunt
2428 977 2485 1029 in

544 1073 689 1126 ouria
737 1072 969 1125 Heinrioi
1027 1072 1152 1124 dieti
1208 1071 1372 1138 regiS,
1430 1071 1722 1123 iuramento
1781 1070 2114 1123 securitatem
2159 1076 2482 1140 receperunt.

543 1167 914 1220 Desideramus
955 1167 1114 1233 igitur
1152 1183 1257 1218 una
1294 1166 1561 1219 vobiscum
1601 1170 1852 1233 tractare,
1901 1166 2075 1219 divino
2114 1166 2233 1219 fulti
2272 1166 2484 1235 auxiliO,

545 1262 766 1331 qualiter
815 1263 1078 1331 possimus
1124 1278 1308 1331 paoem
1359 1260 1665 1314 confirmare
1711 1265 1864 1330 atque
1904 1262 1970 1314 ad
2008 1262 2263 1329 gremium
2300 1262 2485 1316 matris

546 1357 793 1410 ecelesiae
833 1361 1042 1410 sanotae
1082 1357 1439 1409 schismaticos
1478 1357 1590 1410 Deo
1633 1357 1918 1411 auxiliante
1957 1374 2218 1411 revocare.

547 1509 648 1565 24.
691 1510 799 1576 Qui
821 1511 1205 1580 Berenqarium
1237 1510 1588 1562 Turonensem
1625 1514 1837 1564 iniuriis
1867 1513 2131 1582 affecerint
2157 1515 2348 1582 quique
2373 1532 2486 1566 eum

691 1606 1003 1658 haereticum
1039 1607 1350 1669 vocaverint,
1395 1624 1476 1657 eos
1516 1607 1961 1659 anathematizat&

389 1728 502 1771 1079
690 1706 970 1774 Gregorius
1020 1706 1325 1776 episeopusb
1366 1724 1545 1760 servus
1594 1724 1863 1760 servorum
1900 1708 1999 1762 Dei
2045 1709 2283 1764 omnibus
2331 1709 2484 1778 beato

374 1786 510 1835 (Febr)
540 1803 694 1857 Petro
733 1802 972 1856 fidelibus
1013 1803 1236 1856 salutem
1276 1806 1327 1856 et
1366 1803 1706 1872 apostolicam
1744 1803 2174 1859 benedictionem.

687 1899 882 1951 Notum
931 1898 1079 1952 vobis
1128 1898 1366 1951 omnibus
1415 1899 1661 1966 facimus,
1718 1915 1812 1952 nos
1863 1899 2139 1953 anathema
2187 1900 2372 1953 fecisse
2420 1917 2487 1954 ex

542 1995 851 2048 auctoritate
899 1993 1000 2047 Dei
1048 1994 1417 2063 omnipotentis
1462 1994 1634 2048 Patris
1685 1999 1737 2048 et
1782 1994 1905 2048 Filii
1953 1999 2004 2048 et
2045 1994 2270 2066 Spiritus
2319 1995 2487 2050 saneti

540 2096 592 2144 et
628 2090 901 2144 beatorum
940 2090 1295 2159 apostolorum
1332 2089 1476 2143 Petri
1517 2094 1568 2144 et
1605 2090 1755 2143 Pauli
1793 2091 2060 2160 omnibus,
2112 2091 2201 2161 qui
2237 2091 2484 2145 iniuriam
2550 2115 2552 2117 >

540 2186 768 2254 aliquam
814 2186 985 2239 faeere
1031 2186 1481 2255 praesumpserint
1527 2185 1870 2254 BerengariO,
1928 2187 2192 2241 Romanae
2240 2187 2484 2242 eeclesiae

537 2281 671 2350 filio,
716 2281 800 2334 vel
835 2281 892 2333 in
930 2297 1156 2351 persona
1192 2281 1277 2333 vel
1314 2281 1371 2333 in
1409 2281 1551 2334 omni
1587 2282 1914 2350 possessione
1954 2299 2073 2350 sua,
2114 2283 2198 2336 vel
2237 2283 2325 2351 qui
2363 2299 2482 2336 eum

538 2377 746 2430 vocabit
782 2376 1117 2429 haereticum.
1181 2375 1345 2438 Quem
1381 2380 1502 2445 post
1539 2377 1748 2444 multaS,
1791 2394 1919 2446 quas
1960 2378 2097 2447 apud
2134 2394 2228 2431 nos
2260 2381 2480 2446 quantas

539 2472 798 2526 voluimus
837 2471 962 2524 feeit
998 2488 1189 2539 moraS,
1230 2471 1442 2524 domum
1481 2488 1627 2524 suam
1666 2472 1999 2542 remittimuS,
2041 2478 2094 2527 et
2127 2489 2245 2526 oum
2271 2490 2329 2526 eo
2355 2471 2480 2528 fide-

539 2568 644 2622 lem
682 2571 937 2635 nostrum,
976 2563 1287 2620 Fuloonem¹
1324 2567 1548 2620 nomine.

544 2720 645 2776 25.
691 2721 986 2774 Teutonieis
1024 2722 1308 2791 siqmfioat,
1358 2740 1411 2773 se
1440 2741 1543 2792 per
1583 2723 1794 2774 concilii
1828 2723 2084 2774 decretum
2124 2722 2316 2792 Zeqatos
2354 2724 2479 2795 mis-

687 2836 883 2882 surum,
927 2820 1021 2886 qui
1057 2828 1147 2870 aut
1175 2836 1364 2887 pacem
1403 2828 1716 2888 componant
1753 2828 1845 2870 aut
1883 2818 2094 2869 dissidii
2122 2828 2353 2871 auctores
2370 2832 2478 2887 Jou-v

685 2915 850 2965 niant.
913 2912 1138 2978 Statuit,
1185 2932 1249 2965 ne
1289 2915 1405 2983 quis
1446 2914 1626 2983 leqatis
1667 2914 1903 2979 obsistat,
1948 2914 2310 2982 obstiturisque
2346 2931 2477 2965 ana-

688 3009 856 3061 thema
892 3011 1123 3061 minatur
1137 3017 1170 3060 ⁰.

387 3130 500 3172 1079
689 3108 969 3178 Gregorius
1020 3110 1293 3180 episeopus
1342 3127 1522 3164 servus
1571 3127 1838 3164 servorum
1877 3110 1977 3164 Dei
2024 3109 2262 3163 omnibus
2310 3107 2478 3162 arehi-

373 3187 510 3236 (Febr’)
542 3205 800 3274 episeopis
840 3209 892 3259 et
931 3206 1187 3276 episeopis
1216 3207 1272 3259 in
1298 3206 1580 3259 Teutonico
1608 3210 1761 3274 atque
1787 3207 1843 3258 in
1871 3204 2125 3259 Saxonieo
2151 3220 2310 3271 regno
2336 3220 2478 3258 oom-

662 3332 694 3357 a.
729 3322 864 3358 Edidit
899 3323 1075 3369 Dachery
1109 3324 1240 3370 spicil,
1282 3324 1443 3360 Parisiis
1480 3322 1580 3360 1657
1617 3326 1655 3359 T.
1681 3325 1726 3360 II
1758 3322 1853 3367 508,
1895 3323 2056 3359 Parisiis
2092 3321 2189 3357 1723
2227 3322 2267 3357 Τ.
2294 3324 2361 3358 ΙΙΙ
2388 3322 2478 3359 413.

540 3385 576 3422 b.
605 3386 806 3433 episcopus
835 3387 986 3424 addidi.
1116 3398 1147 3424 c.
1182 3390 1335 3438 Legitur
1370 3386 1408 3434 1)
1438 3402 1498 3435 ap.
1519 3389 1681 3424 Paulum
1709 3388 1877 3425 Ber-mid.
1906 3402 1934 3423 c.
1957 3386 2051 3431 105,
2079 3388 2115 3422 in
2142 3388 2252 3423 Pont.
2272 3389 2377 3424 Rom.
2400 3388 2475 3426 Vit.

541 3452 598 3487 ed.
623 3453 832 3488 Wauerieh
861 3455 882 3489 I
907 3453 994 3498 537,
1022 3451 1060 3499 2)
1090 3467 1151 3501 ap.
1172 3455 1377 3490 Brunonem
1406 3454 1452 3489 de
1480 3454 1575 3489 hello
1602 3454 1710 3497 Sam,
1739 3456 1843 3489 Mon,
1864 3454 1980 3490 Germ.
2003 3452 2068 3489 SS.
2093 3451 2234 3497 V378,
2263 3450 2301 3498 3)
2323 3466 2385 3500 ap.
2403 3455 2480 3490 Hu-

540 3529 625 3564 gon.
650 3514 809 3561 Flavia„
836 3520 943 3554 Mon.
964 3520 1082 3555 Germ.
1105 3520 1173 3556 SS-
1201 3519 1299 3556 VIII
1321 3518 1409 3555 449.

659 3580 697 3622 1.
738 3579 983 3624 Fuloonem
1013 3586 1149 3625 vocat
1179 3581 1480 3637 Berengarius
1515 3584 1935 3638 „transmontanum
1975 3579 2185 3623 clericum
2224 3583 2271 3624 et
2310 3580 2480 3624 domini

540 3662 688 3706 papae
719 3652 1054 3697 convictorem“
1088 3667 1159 3710 ap.
1181 3654 1369 3698 Marten.
1393 3653 1614 3698 Aneodot.
1635 3654 1701 3698 IV
1724 3653 1821 3696 103.
1853 3651 2050 3696 BRIAL.
2358 3656 2361 3658 ’
