2730 4198
950 278 1201 316 ΒοΝιΤΗο
1241 279 1317 314 AD
1357 277 1583 316 AMICUM
2127 260 2234 314 597

442 398 695 452 Servatur
732 397 1007 450 Monachii
1051 397 1368 466 archetypon
1407 396 1680 448 annalium
1718 411 1856 446 anno
1897 392 2042 446 1073
2080 394 2241 446 scribi

292 505 588 566 coeptorum
627 514 661 546 a
685 493 951 546 Bernoldo
981 491 1378 556 Constantiensi,
1422 509 1572 561 quem
1608 491 1858 555 videmus,
1901 505 2016 540 cum
2055 489 2118 539 de
2153 506 2236 540 re-

293 592 386 644 bus
426 609 563 643 anno
592 590 738 643 1046
773 592 929 659 qestis
967 591 1325 641 narrationem
1350 587 1671 639 Herimanni
1694 586 1978 655 Auyiensis
2003 585 2061 635 in
2086 602 2238 635 usum

291 705 443 740 suum
482 688 824 751 convertisset,
857 687 1123 756 posterius
1151 686 1370 747 demum,
1413 683 1477 734 ab
1507 693 1715 737 auctore
1739 700 1832 734 suo
1859 681 2235 744 desciscentem,

293 793 628 836 commutasse
666 792 871 834 textum.
931 774 1316 833 Herimannus¹
1343 779 1479 829 enim
1504 779 1716 847 scripsit
1739 779 1840 829 ita:
1883 816 1910 843 „
1928 776 2044 828 Rex
2069 775 2236 827 Hein-

290 881 431 932 ricus
459 910 528 917 ——
555 879 883 930 Placentiam
906 879 1129 941 veniens,
1164 873 1496 937 Gratianum,
1540 890 1691 941 quem
1716 872 1946 942 expulsis
1963 871 2239 941 prioribus

294 976 527 1028 Romani
553 993 758 1045 papam
797 983 1100 1037 statuerant,
1149 972 1222 1023 ad
1258 988 1311 1022 se
1348 971 1630 1021 venientem
1667 967 1946 1035 honorifice
1982 969 2210 1037 suscepit
2219 986 2238 1029 ,·

292 1104 362 1110 —
402 1072 549 1142 apud
589 1070 828 1124 Sutriam
874 1069 1072 1138 synodo
1122 1077 1240 1119 acta
1284 1063 1600 1119 Gratianum
1633 1082 1838 1135 papam
1876 1065 2240 1116 convictum

283 1166 623 1238 pastorali
659 1165 886 1218 baculo
919 1166 1073 1234 priv
1089 1158 1284 1215 avit“.
1344 1155 1673 1213 Bernoldus²
1698 1178 1818 1212 vero
1846 1177 1963 1212 cum
1989 1159 2114 1211 haec
2135 1177 2237 1230 po-

291 1266 499 1317 suisset:
543 1262 835 1330 „Heinrico
874 1261 989 1329 reyi
1028 1290 1096 1296 —
1143 1256 1433 1312 Gratianus
1462 1275 1646 1327 papa,
1690 1274 1840 1326 quem
1879 1255 2114 1308 Romani
2150 1273 2237 1307 ea·-

281 1360 456 1430 pulsis
486 1358 759 1429 prioribus
797 1365 1098 1419 statuerant,
1140 1354 1444 1406 Placentiae
1484 1353 1716 1418 obvians,
1757 1351 2038 1419 honorifice
2074 1352 2238 1403 susci-

283 1458 463 1527 pitur3
504 1456 598 1524 qui
632 1464 801 1506 tamen
837 1452 1171 1522 postmodum
1210 1450 1357 1520 apud
1399 1449 1639 1503 Sutrium
1676 1451 1734 1501 in
1771 1449 1971 1519 synodo
1989 1443 2038 1513 “,
2081 1448 2236 1499 addi-

290 1553 547 1620 dissetque
572 1552 683 1602 sine
707 1549 819 1601 ulla
846 1548 1194 1600 dubitatione:
1239 1586 1265 1614 „
1283 1548 1617 1598 convictus
1635 1544 1978 1616 pastorali
2001 1543 2237 1596 baculo

282 1649 438 1719 priv
452 1642 668 1710 atur“,
719 1662 852 1714 quae
899 1644 1180 1695 addiderat
1228 1661 1287 1694 ea
1335 1643 1518 1706 erasit,
1572 1652 1619 1695 et
1663 1644 1721 1694 in
1770 1642 1930 1694 litura
1968 1640 2241 1692 collocavit

291 1745 441 1797 haec:
485 1761 653 1810 „non
690 1742 939 1793 invitus
974 1738 1320 1809 pastorale
1359 1738 1665 1807 officium
1703 1731 2070 1808 deposuit“.
2148 1734 2242 1787 Ad

291 1841 416 1893 liaeo
453 1840 516 1891 de
553 1854 840 1890 successore
870 1833 1118 1904 Greqorii
1146 1834 1236 1900 VI,
1279 1835 1342 1886 de
1381 1832 1630 1886 Clemente
1655 1833 1735 1899 II,
1778 1835 1924 1886 cuius
1965 1873 1993 1901 „
2011 1833 2242 1885 omnium

293 1954 541 1989 consensu
580 1934 724 1986 electi
739 1929 766 1956 “
806 1934 864 1984 in
903 1942 1044 1984 textu
1068 1932 1386 1995 meminerat,
1427 1930 1552 1982 haec
1568 1940 1756 2000 postea
1781 1931 1991 2001 aperuit
2012 1930 2071 1980 in
2095 1946 2239 1980 mar-

289 2034 439 2103 9ine:
482 2071 508 2098 „
526 2030 592 2082 In
631 2040 857 2098 tempore
894 2028 1046 2079 huius
1086 2026 1363 2096 apostolici
1398 2024 1694 2091 (Clementis
1722 2024 1811 2092 II)
1837 2023 2240 2078 innumerabiles

293 2139 459 2182 terrae
494 2136 661 2179 motus
701 2135 749 2178 et
783 2125 1005 2176 maa-imi
1040 2124 1097 2174 in
1125 2122 1287 2175 Italia
1305 2121 1454 2190 facti
1477 2133 1599 2175 sunt
1609 2142 1627 2184 ,·
1667 2133 1715 2175 et
1737 2122 2079 2191 hocfortasse
2102 2121 2237 2186 ide0,

293 2226 419 2294 quia
466 2224 604 2275 idem
651 2221 965 2291 apostolicus
1013 2237 1119 2271 non
1170 2220 1416 2270 canonice
1462 2219 1771 2288 subroqatus
1822 2228 1896 2271 est
1931 2218 2244 2270 antecessori

290 2337 383 2372 suo
423 2316 710 2387 (Greyorio
748 2315 849 2382 VI)
897 2334 1022 2367 non
1070 2316 1384 2366 canonice
1431 2314 1760 2383 deposit05
1807 2314 2045 2366 videlicet
2090 2330 2241 2382 quem

290 2415 477 2467 nulla
516 2414 660 2483 culp
677 2433 711 2465 a
749 2413 1054 2482 deposuit
1089 2420 1160 2462 set
1198 2410 1421 2480 simplex
1455 2409 1722 2461 humilitas
1749 2409 1814 2461 ab
1843 2408 2015 2478 officio
2043 2426 2242 2460 cessare

287 2512 556 2581 persuasit
570 2506 615 2561 “.
683 2509 870 2578 Neque
907 2509 1056 2571 vidit,
1099 2525 1257 2576 quam
1296 2506 1420 2559 baec
1459 2517 1623 2559 essent
1660 2507 1944 2558 contraria.
2011 2503 2158 2556 Nam
2194 2505 2245 2555 si

298 2604 583 2675 Greyorius
620 2605 703 2657 VI
743 2623 859 2656 vere
903 2622 956 2655 se
1005 2603 1338 2655 abdicaverat
1373 2602 1713 2673 pontificatu,
1764 2601 1889 2653 haec
1924 2602 2046 2671 ipsa
2082 2617 2243 2652 causa

294 2703 560 2771 interponi
594 2702 806 2752 minime
835 2709 1033 2769 potest,
1086 2709 1409 2769 quapropter
1446 2699 1532 2751 illi
1570 2717 1718 2766 „non
1758 2698 2003 2749 canonice
2020 2692 2046 2719 “
2088 2697 2241 2748 datus

294 2815 555 2851 successor
595 2814 699 2848 esse
737 2796 976 2847 videatur
1015 2793 1243 2846 Clemens
1282 2794 1354 2846 II
1386 2834 1413 2861 „
1434 2796 1665 2846 omnium
1704 2810 1954 2845 consensu
1992 2791 2176 2843 electus
2192 2787 2239 2842 “.

443 2893 754 2946 Desiderius
783 2907 986 2960 quoque
1011 2890 1171 2942 abbas
1199 2888 1495 2942 Casinensis
1522 2887 1645 2958 (qui
1658 2899 1846 2958 postea
1871 2907 1905 2939 a
1930 2887 1982 2939 d.
2003 2886 2077 2939 24
2100 2887 2245 2939 Maii

294 3011 343 3043 a.
366 2989 511 3043 1086
539 2989 610 3040 ad
635 2989 684 3039 d.
698 2987 770 3040 16
799 2985 942 3056 Sept.
957 2985 1103 3038 1087
1123 2985 1360 3038 eeclesiae
1381 2985 1654 3037 Romanae
1663 2983 1907 3054 praefuit
1924 2981 2100 3035 Victor
2119 2980 2240 3047 III)

294 3089 352 3140 in
399 3085 732 3154 dialoqorum
768 3082 834 3134 L.
863 3081 966 3134 III
977 3076 994 3102 ³
1034 3082 1097 3133 de
1135 3081 1462 3133 abdicatione
1498 3080 1594 3133 illa
1633 3081 1750 3150 e9it.
1819 3076 2132 3148 Greyorium
2167 3076 2250 3131 VI

412 3230 453 3275 1.
484 3229 609 3274 Mon.
631 3227 783 3273 Germ.
807 3225 886 3271 SS.
907 3226 951 3271 V
974 3226 1074 3270 126.
1203 3226 1244 3269 2.
1275 3225 1395 3269 Mon.
1418 3223 1569 3269 Germ.
1594 3222 1674 3268 SS.
1695 3223 1739 3269 V
1758 3222 1861 3267 425.
1982 3222 2024 3266 3.
2057 3234 2128 3278 ap.
2147 3220 2241 3265 Ma-

293 3302 433 3348 billon
461 3300 582 3346 Aeta
613 3300 692 3346 SS.
725 3300 820 3346 ord.
849 3299 1020 3344 Bened.
1051 3311 1169 3343 saec.
1199 3298 1266 3343 IV
1294 3298 1345 3342 P.
1366 3298 1411 3342 II
1439 3312 1484 3355 p.
1505 3298 1616 3342 452:
1659 3297 1738 3354 „in
1769 3293 1951 3339 Sutrina
1985 3293 2098 3339 urbe
2137 3307 2240 3338 eon-

297 3376 398 3420 eilio
429 3379 728 3432 congregato,
759 3373 1027 3429 Iohannem,
1060 3372 1137 3428 qui
1168 3370 1414 3428 Gregorius
1446 3370 1593 3414 dietus
1624 3373 1712 3426 est,
1744 3368 1894 3412 missis
1925 3367 1984 3411 ad
2015 3379 2118 3411 eum
2149 3367 2241 3423 epi-

298 3449 470 3505 scopie,
501 3452 554 3492 ut
584 3474 639 3480 —
671 3448 729 3492 de
759 3448 964 3491 Romana
993 3450 1102 3490 tune
1133 3445 1345 3501 eeclesia,
1377 3456 1494 3501 quae
1523 3447 1615 3487 tres
1647 3442 1780 3486 simul
1807 3439 1975 3485 habere
2004 3438 2241 3497 pontifices

297 3520 550 3577 videbatur,
581 3522 681 3578 ipso
711 3520 998 3578 praesidente
1028 3522 1311 3574 tractaretur,
1342 3517 1496 3562 venire
1526 3516 1707 3572 rogavit
1734 3514 1988 3569 (Heinricus
2007 3513 2104 3567 ΠΙ).
2150 3511 2242 3557 Sed

296 3594 413 3638 haee
444 3594 500 3637 de
529 3594 752 3639 industria
781 3593 1046 3651 agebantur.
1105 3592 1202 3636 Iam
1233 3591 1350 3636 enim
1382 3590 1554 3634 dudum
1583 3588 1709 3645 regio
1740 3587 1889 3631 animo
1919 3585 2160 3642 insederat,
2191 3589 2243 3630 ut

296 3671 388 3711 tres
418 3667 532 3724 illos,
564 3667 641 3723 qui
669 3668 835 3712 iniuste
866 3667 1160 3724 apostolicam
1192 3663 1346 3709 sedem
1375 3664 1649 3719 invaserant,
1681 3673 1784 3706 oum
1815 3659 2000 3705 consilio
2022 3662 2070 3703 et
2087 3661 2241 3708 aueto-
