2730 4198
526 250 633 302 682
1012 261 1358 300 BONITHONIS
1396 262 1474 298 AD
1512 261 1739 299 AMICUM
1775 262 1883 299 Lm.
1911 263 1975 298 1x

525 395 681 447 quam
719 378 1095 432 Herimannum
1132 376 1602 430 Pabenbariensem
1650 376 1951 446 episcopum
2002 377 2050 430 ei
2095 377 2456 447 deponendum

522 473 717 527 Romae
762 474 1014 540 misisset,
1061 472 1367 542 priusquam
1418 470 1639 524 alterum
1686 470 1742 523 in
1791 471 1900 524 cius
1948 471 2070 526 sede
2108 489 2173 526 ex
2210 479 2456 545 precepto

524 568 634 622 cius
671 569 945 638 posuisset.

669 663 862 727 Quodsi
901 661 1109 730 dixerit,
1150 678 1205 715 se
1242 661 1484 715 iuvenem
1523 677 1734 714 suorum
1773 661 2049 732 deceptum
2072 663 2231 718 fuisse
2258 665 2457 719 astucia

521 759 952 826 consiliariorum,
994 757 1118 826 quid
1157 757 1219 811 de
1244 755 1465 810 Lemaro
1492 756 1760 810 Bremensi
1791 758 2179 830 archiepiscopo
2207 760 2454 831 dicemuS,

519 855 632 908 viro
673 854 1056 924 sapientissimo
1097 858 1149 907 et
1188 854 1417 907 omnium
1445 853 1636 905 artium
1661 853 2014 922 peritissimo?
2070 854 2271 925 Nonne,
2311 860 2456 926 post-

521 966 675 1019 quam
716 950 780 1004 ab
819 950 1048 1003 eiusdem
1086 966 1254 1019 papae
1297 949 1480 1016 legatis
1521 946 1688 1001 officio
1729 965 2009 1019 suspensus
2050 954 2129 1004 est
2143 947 2171 1019 ¹,
2219 955 2328 1005 tam
2367 951 2457 1005 diu

339 1056 489 1100 1077?
520 1046 807 1100 sacerdotio
847 1062 902 1098 se
942 1045 1207 1112 abstinuit,
1249 1045 1496 1114 quamdiu
1536 1061 1567 1097 a
1594 1043 1822 1098 Saxonia
1847 1044 2067 1099 Romam
2096 1046 2321 1114 veniret3
2361 1047 2456 1102 du-

518 1158 638 1195 cens
679 1157 852 1195 secum
890 1140 1031 1193 illius
1069 1141 1218 1207 regni
1255 1140 1592 1210 philosophos
1633 1137 1964 1194 Giticlinum²
2005 1140 2365 1196 Colonienscm
2404 1146 2457 1197 ct

519 1235 868 1290 Guezolonem
906 1232 1278 1305 prep0situm³,
1319 1236 1409 1306 qui
1445 1239 1629 1305 postca
1653 1235 2015 1304 Maguntinam
2039 1238 2268 1291 vastavit
2293 1237 2455 1292 eccle-

517 1332 647 1384 siam
658 1329 692 1398 ⁴,
721 1335 773 1384 et
797 1329 1127 1383 Mainardum
1150 1328 1643 1399 Pabebargcnsem⁵.
1683 1331 1755 1385 Et
1780 1349 1898 1386 cum
1924 1332 2005 1386 his
2032 1350 2200 1403 papae
2234 1333 2453 1403 pedibus

517 1426 815 1494 advolutus,
865 1430 972 1478 tam
1022 1426 1137 1479 diu*
1175 1417 1570 1480 lacrimabiliter
1607 1428 1813 1481 veniam
1850 1429 2036 1498 peciit,
2087 1429 2251 1483 donec
2287 1429 2453 1500 impe-

514 1521 675 1575 travit
713 1525 764 1574 et
802 1519 1028 1574 officium
1068 1522 1387 1576 sacerdotale
1426 1522 1638 1592 recepit.

660 1617 903 1670 Dicerem
944 1617 1177 1686 quidem:
1220 1618 1265 1670 si
1302 1634 1444 1687 papa
1479 1634 1585 1671 11011
1624 1621 1751 1687 erat,
1792 1635 1883 1672 cur
1910 1619 2048 1689 apud
2074 1618 2360 1674 Canusium
2387 1620 2452 1675 ab

514 1730 573 1767 00
598 1712 723 1767 rexb
745 1714 1295 1767 excommunicationis
1323 1713 1700 1767 absolutionem
1726 1715 1986 1784 suscepit?
2015 1715 2119 1768 nisi
2144 1719 2332 1784 essent,
2364 1716 2455 1785 qui

513 1809 769 1863 dicerent:
819 1812 1079 1862 extortam
1125 1809 1502 1863 confessionem
1539 1826 1646 1862 non
1684 1826 1797 1864 csse
1835 1810 2227 1864 confessionem.
2305 1811 2454 1875 Quod

513 1905 601 1974 qui
641 1905 842 1973 dicunt,
891 1905 1028 1958 male
1067 1905 1276 1958 decreta
1311 1905 1452 1959 beati
1488 1904 1778 1958 Alexandri
1791 1903 1826 1974 ⁶,
1879 1907 2047 1975 quinti
2084 1910 2205 1977 post
2241 1906 2452 1962 beatum

510 1999 724 2054 Petrum
761 1999 981 2054 Romani
1018 2000 1305 2071 pontificiS,
1353 2000 1667 2069 intelligunt.
1743 2001 1862 2055 Non
1900 2003 2039 2056 enim
2079 2003 2236 2056 aliam
2275 2002 2454 2057 dicunt

511 2113 624 2150 esse
663 2099 921 2150 extortam
961 2098 1355 2165 confessionem,
1394 2097 1498 2150 nisi
1537 2097 1743 2166 quando
1779 2098 1863 2151 vel
1890 2098 2159 2168 suppliciis
2186 2099 2269 2153 vel
2293 2099 2450 2153 minis

511 2192 858 2246 veritatem
897 2194 1099 2261 cogitur
1136 2210 1404 2261 negare,
1443 2192 1527 2246 vel
1564 2193 1621 2246 in
1652 2193 1953 2247 idolatriam
1978 2211 2209 2265 peccare.
2271 2193 2449 2248 Veri-

509 2291 712 2341 tatem
749 2289 1092 2358 profiteri⁰
1131 2289 1214 2342 vel
1250 2289 1491 2357 invitum,
1531 2288 1630 2342 hoc
1665 2305 1874 2342 reorum
1913 2293 2006 2342 est.
2073 2288 2144 2343 Et
2179 2290 2308 2344 haec
2343 2306 2447 2343 non

511 2387 590 2437 est
628 2387 890 2437 extorta
927 2384 1180 2438 confessio
1222 2387 1301 2438 set
1325 2384 1562 2451 invita,
1604 2385 1808 2453 quando
1837 2385 1951 2453 quis
1979 2386 2181 2453 cogitur
2204 2385 2303 2438 hoc
2326 2402 2448 2455 pro-

509 2477 664 2547 fiteri,
704 2479 925 2533 veritate
962 2479 1231 2550 prodente,
1273 2480 1411 2549 quod
1447 2496 1614 2550 prava
1637 2483 1812 2534 mente
1837 2498 2029 2549 negare
2055 2480 2446 2535 deliberaverat.

658 2574 793 2628 Sunt
830 2578 881 2628 et
913 2574 1002 2628 alii
1030 2576 1118 2644 qui
1145 2575 1340 2644 dicunt,
1379 2575 1732 2630 venerabilem
1759 2575 2068 2644 Gregorium
2091 2576 2330 2644 legaliter
2354 2593 2448 2647 pa-

507 2687 632 2739 pam
669 2670 848 2739 fuisse,
888 2674 968 2725 set
1005 2674 1187 2725 contra
1212 2688 1267 2724 se
1291 2671 1466 2741 ipsum
1493 2672 1804 2725 sententiam
1832 2672 2180 2726 damnationis
2207 2672 2444 2727 dictasse.

299 2771 478 2869 &3122
506 2765 640 2819 Nam
690 2766 745 2819 in
785 2767 1011 2820 secunda
1046 2767 1179 2821 feria
1216 2771 1338 2838 post
1373 2784 1534 2837 pasca
1572 2768 1710 2838 apud
1751 2767 1997 2822 Sanctum
2037 2767 2277 2839 Petrum,
2330 2785 2448 2823 cum

624 2916 656 2942 a.
696 2905 761 2942 diu
788 2906 940 2944 addidi.
1093 2906 1130 2944 b.
1164 2918 1230 2944 rex
1257 2907 1408 2945 addidi.
1564 2918 1595 2944 c.
1629 2907 1791 2955 proferri
1817 2923 1847 2945 c.

625 2977 664 3020 1.
699 2975 766 3021 Cf.
790 2976 996 3033 Gregorii
1015 2978 1104 3023 VII
1132 2978 1246 3034 Reg.
1267 2978 1313 3022 H
1334 2979 1390 3022 28
1423 2981 1469 3022 et
1496 2978 1541 3022 II
1561 2978 1658 3022 52a
1688 2992 1825 3035 supra
1853 2993 1897 3035 p.
1922 2979 2007 3024 140
2028 2982 2075 3023 et
2094 2980 2194 3024 170.
2314 2980 2356 3024 2.
2388 2992 2447 3024 an

504 3048 768 3106 Sigiwinum
799 3050 1185 3107 archiepiscopum
1217 3051 1529 3096 Coloniensem
1566 3053 1944 3107 (1079—1089)?
2089 3053 2131 3097 3.
2173 3065 2276 3097 eum
2305 3051 2446 3098 fuisse

507 3123 753 3179 „clericum
783 3123 1181 3168 Halverstadensis
1212 3125 1412 3182 episcopi
1441 3124 1685 3181 fugitivum
1700 3124 1737 3182 “,
1768 3125 1906 3169 tradit
1934 3125 2186 3170 Bernoldus
2216 3126 2262 3169 111
2292 3125 2444 3170 chron.

505 3196 632 3252 1084,
654 3196 773 3239 Mon.
797 3195 947 3240 Germ.
970 3195 1048 3241 SS.
1072 3197 1114 3243 V
1134 3198 1237 3242 441.
1357 3199 1400 3242 4.
1427 3198 1790 3255 archiepiscopus
1810 3199 2115 3255 Moguntinus,
2137 3199 2443 3243 1084-1088.

503 3269 544 3312 5.
584 3269 623 3312 is
653 3268 974 3325 Meginhardus
1004 3270 1049 3314 II
1089 3283 1159 3326 ep.
1183 3270 1547 3327 Wirzburgensis
1579 3272 1924 3326 (1085—1088)
1965 3270 2105 3315 fuisse
2134 3270 2326 3315 videtur.
2374 3270 2442 3316 Cf.

501 3341 714 3386 Bernoldi
746 3341 899 3387 chron.
932 3343 1066 3400 1088,
1105 3344 1134 3387 1.
1156 3344 1185 3388 l.
1217 3358 1263 3401 p.
1284 3344 1396 3388 448:
1440 3344 1640 3402 „Wecilo
1675 3345 2001 3401 Mogontiensis
2041 3347 2087 3387 et
2122 3343 2442 3400 Meginhardus

501 3414 883 3471 Wirciburgensis
927 3416 1326 3474 pseudoepiscopi,
1371 3417 1489 3461 inter
1527 3419 1806 3463 scismaticos
1843 3417 2168 3462 eruditione
2208 3420 2255 3461 et
2293 3429 2442 3462 errore

500 3501 632 3544 prae
644 3487 848 3545 cipui“.
984 3491 1025 3534 6.
1066 3490 1102 3546 I,
1133 3490 1180 3534 in
1211 3491 1402 3547 epistola
1431 3491 1856 3536 Pseudoisidoriana
1886 3490 2164 3546 (Decretales
2194 3490 2268 3534 Ps.
2288 3490 2347 3534 Is.
2370 3490 2440 3535 ed.

500 3560 743 3605 Hinschius
773 3575 817 3618 p.
840 3563 936 3616 98):
972 3562 1153 3620 „Omnis
1178 3563 1296 3607 enim
1326 3561 1563 3621 confessio,
1595 3576 1711 3621 quae
1738 3562 1791 3608 fit
1810 3576 1867 3607 cx
1886 3562 2170 3620 necessitate,
2200 3561 2316 3608 fides
2345 3575 2437 3608 non

501 3632 628 3692 est“;
662 3638 725 3678 et:
761 3634 1031 3693 „Confessio
1060 3649 1169 3682 vero
1199 3649 1290 3682 non
1320 3637 1575 3696 extorqueri
1604 3636 1742 3682 debet
1772 3634 1871 3680 —“.
