2730 4198
807 290 1080 330 GREGORII
1115 289 1196 327 vn
1231 286 1497 326 REGISTRI
1533 286 1591 323 v1
1618 284 1680 321 24.
1707 282 1768 320 25.
2160 268 2264 319 361

466 412 720 465 Iozelinus
748 409 1166 478 archiepiscopus
1192 402 1609 471 BurdegalensiS,
1649 400 1910 455 confrater
1934 401 2127 465 noster,
2166 413 2255 450 ve-

321 509 468 562 niens
508 508 574 560 ad
610 507 793 559 limina
819 504 1188 575 apostolorum,
1229 501 1379 554 duxit
1403 499 1552 552 nobis
1580 498 1647 551 ad
1670 495 1994 562 memoriam,
2035 493 2257 562 qualiter

322 603 446 657 olim
484 608 656 657 actum
696 603 765 656 sit
804 602 866 654 de
906 599 1164 653 discordia
1200 594 1506 650 monasterii
1543 596 1752 646 sanctae
1778 586 1988 644 Crucis¹
2014 593 2066 643 et
2091 589 2258 642 sancti

322 695 544 766 Severi²,
584 698 772 767 quidve
812 695 1133 750 diffinitionis
1159 694 1216 746 in
1238 692 1475 744 Romana
1506 688 1724 741 ecclesia
1761 686 2064 755 susceperit.
2122 685 2259 738 Nam

321 799 373 848 et
409 794 612 848 litteras
652 794 777 847 olim
817 810 848 846 a
885 792 1034 845 nobis
1074 805 1230 859 super
1252 787 1350 840 hac
1374 802 1430 838 re
1459 778 1660 837 abbati3
1688 782 1856 835 sancti
1883 780 2062 834 Severi
2087 784 2258 833 trans-

319 887 537 943 missas⁴
561 890 882 955 invenimus3
923 892 975 940 et
1009 886 1248 939 abbatem
1275 879 1558 935 secundum
1582 882 1818 930 tenorem
1844 893 2023 930 earum
2048 876 2259 930 inoboe-

321 986 549 1040 dientem
586 986 747 1038 fuisse
785 983 1134 1051 eognovimus,
1211 976 1387 1043 Unde,
1427 991 1492 1027 ne
1531 973 1909 1043 praeiudicium
1949 972 2049 1026 sibi
2087 972 2262 1040 aliqua

320 1098 443 1151 pars
481 1080 595 1134 fieri
634 1081 947 1151 suspicetur,
998 1074 1317 1130 censuimus:
1366 1086 1577 1124 causam
1613 1068 1761 1121 illam
1801 1072 1920 1122 ante
1959 1072 2010 1122 te
2050 1072 2102 1122 et
2139 1085 2261 1122 con-

319 1177 537 1230 fratrem
583 1181 819 1230 nostrum
863 1173 1135 1240 Hugonem
1174 1168 1425 1222 Diensem
1472 1165 1774 1236 episcopum
1823 1164 2099 1232 diligenter
2149 1182 2263 1219 esse

321 1272 729 1337 retractandam3
776 1271 877 1337 ita,
925 1271 984 1320 ut
1029 1269 1248 1334 uterque
1297 1263 1589 1316 auditores⁰
1627 1261 1923 1329 legitimum
1961 1260 2072 1314 Deo
2114 1262 2262 1314 auxi—

318 1367 480 1420 liante
523 1367 643 1419 huic
679 1365 893 1433 negocio
931 1362 1089 1415 finem
1125 1359 1424 1430 imponatis.
1498 1357 1930 1410 Adiudicavimus
1971 1357 2154 1411 etiam:
2204 1361 2264 1411 ut

318 1461 472 1528 illud,
525 1460 662 1529 quod
698 1461 754 1513 in
790 1460 884 1512 lite
924 1461 1032 1526 est,
1083 1474 1147 1510 ex
1184 1456 1388 1523 integro
1428 1453 1669 1507 abbatiae
1708 1457 1919 1506 sanctae
1959 1452 2139 1507 Crucis
2177 1471 2260 1508 re-

317 1556 589 1622 stituatur3
631 1560 902 1625 quatenus,
942 1552 1271 1624 possessione
1297 1551 1398 1604 sibi
1422 1549 1642 1617 reddita,
1683 1549 1990 1602 canonicum
2016 1553 2068 1603 et
2090 1549 2258 1618 legale

317 1651 401 1719 sit,
443 1652 582 1720 quod
619 1651 787 1705 acturi
825 1650 966 1717 estiS,
1008 1653 1059 1702 et
1095 1649 1147 1701 in
1190 1647 1491 1701 executione
1527 1645 1707 1698 iudicii
1731 1645 1899 1697 nostri
1923 1645 2251 1715 irreprehen-

317 1747 493 1801 sibiles
521 1747 832 1817 appareatis
894 1745 1090 1809 Quodsi
1123 1744 1211 1797 ille
1245 1742 1580 1796 inoboediens
1606 1741 1765 1794 fuerit
1792 1745 1843 1794 et
1868 1746 2153 1796 memorate
2181 1761 2263 1797 ec-

317 1841 531 1897 clesiae⁵
559 1843 924 1896 investituram
952 1841 1189 1894 abbatiae
1217 1842 1425 1892 sanctae
1447 1837 1627 1891 Crucis
1653 1854 1758 1890 non
1784 1838 2087 1907 restituerit,
2114 1839 2263 1894 illum

319 1940 455 1993 sicut
491 1939 738 1993 rebellem
778 1956 808 1992 a
846 1937 1207 1991 communione
1246 1933 1478 2003 corporis
1519 1938 1570 1987 et
1608 1934 1876 2001 sanguinis
1902 1933 2116 1988 Domini
2154 1954 2263 1991 me-

315 2036 418 2089 rito
458 2039 713 2105 separate.
775 2034 915 2087 Data
952 2032 1114 2086 Rome
1155 2034 1185 2085 8
1226 2031 1346 2084 Idus
1384 2029 1579 2098 Martii,
1619 2029 1904 2084 indictione
1943 2033 1991 2083 2.

315 2205 393 2268 VI
419 2210 453 2266 2
465 2211 520 2267 5.
554 2211 799 2264 Arnaldo
839 2211 1019 2263 abbati
1058 2208 1116 2263 S.
1149 2208 1332 2262 Severi
1365 2209 1644 2278 praecipit,
1685 2219 1744 2260 ut
1776 2207 2019 2277 Huyom's
2046 2209 2264 2263 Diensie

555 2320 603 2361 et
620 2308 806 2361 Amati
823 2308 1092 2360 Elorensis
1121 2307 1480 2375 episcoporum
1499 2306 1778 2357 sententiae
1793 2315 1998 2374 pareat,
2027 2307 2263 2358 interim-

558 2423 657 2474 que
703 2405 966 2456 ecclesiam
1008 2401 1067 2455 S.
1095 2402 1305 2454 Mariae
1346 2400 1678 2454 Solaeensem
1715 2400 1956 2453 abbatiae
1997 2400 2054 2455 S.
2085 2400 2263 2455 Crucis

554 2503 805 2554 restituat.

467 2608 746 2677 Gregorius
797 2609 1071 2679 episcopus
1120 2624 1300 2660 servus
1349 2623 1619 2660 servorum
1663 2605 1764 2660 Dei
1802 2606 2036 2661 Arnaldo
2087 2607 2264 2662 abbati

319 2705 497 2759 Sancti
537 2705 716 2759 Severi
755 2705 978 2758 salutem
1017 2708 1069 2757 et
1107 2703 1448 2774 apostolicam
1488 2702 1917 2757 benedictionem.

464 2801 591 2855 Post
628 2802 974 2855 recessionem
1011 2804 1158 2853 tuam
1195 2800 1434 2870 proxime
1471 2799 1693 2867 factam,
1734 2800 1885 2867 sciaS,
1926 2816 2021 2853 nos
2059 2799 2262 2854 litteras

317 2899 568 2968 quasdam
607 2897 918 2968 repperisse,
958 2897 1014 2948 in
1053 2895 1238 2964 quibus
1276 2895 1719 2949 inoboedientiam
1752 2896 1830 2948 tui
1855 2895 2052 2965 liquido
2080 2896 2264 2966 depre-

315 2995 604 3049 hendimus
663 2993 889 3046 Proinde
916 2996 1097 3045 notum
1123 2991 1220 3044 tibi
1248 2991 1339 3044 sit:
1380 3008 1474 3044 nos
1502 3008 1618 3044 eam
1645 3007 1873 3059 causam,
1907 2991 2107 3045 scilicet
2133 3007 2264 3060 quae

314 3091 452 3144 inter
489 3095 541 3144 te
582 3095 634 3144 et
672 3084 943 3143 abbatem⁶
982 3087 1203 3141 Sanctae
1240 3085 1419 3140 Crucis
1465 3104 1577 3140 esse
1617 3087 1921 3155 dinoscitur,
1964 3087 2263 3155 diligentius

315 3187 695 3241 discutiendam
741 3184 991 3238 fratribus
1042 3188 1094 3236 et
1140 3182 1460 3252 coepiscopis
1501 3182 1710 3250 Hugoni
1747 3183 1933 3236 Diensi
1982 3186 2033 3236 et
2069 3182 2261 3236 Amato

314 3282 571 3351 Elorensi,
610 3281 796 3350 legatis
834 3280 1046 3347 nostriS,
1088 3278 1436 3344 commisisse3
1487 3282 1539 3331 et
1577 3279 1822 3348 quicquid
1861 3278 1965 3348 ipsi
2005 3278 2068 3332 de
2108 3295 2170 3332 ea
2205 3295 2263 3332 re

317 3379 610 3447 statuerint,
650 3378 959 3445 iudicanteS,
998 3376 1096 3429 hoc
1134 3375 1376 3444 deinceps
1408 3374 1555 3428 vobis
1586 3391 1700 3428 esse
1738 3378 1913 3428 ratum
1950 3373 2263 3444 firmumque

432 3536 465 3561 a.
502 3540 551 3562 an
576 3527 619 3562 ut
643 3527 801 3574 utraque
829 3524 958 3562 audita
984 3525 1049 3560 re?
1102 3519 1105 3522 ’

435 3603 475 3646 1.
506 3603 861 3660 Burdigalensis.
981 3604 1022 3646 2.
1056 3602 1099 3646 d.
1122 3600 1388 3645 Adurensis.
1509 3600 1551 3644 3.
1582 3598 1800 3644 Arnaldo.
1913 3601 1957 3644 4.
1987 3601 2040 3644 L.
2063 3600 2086 3644 I
2116 3612 2186 3657 ep.
2205 3600 2260 3645 51

319 3687 454 3731 supra
482 3689 526 3731 p.
549 3677 619 3719 71.
767 3677 808 3721 5.
842 3676 888 3720 S.
910 3676 1079 3720 Mariae
1111 3674 1379 3720 Solacensis.
1530 3675 1570 3718 6.
1602 3672 1867 3718 Arnaldum.

2302 403 2416 446 1079

2284 463 2393 500 Mart.
2412 464 2435 501 8

2312 2618 2426 2661 1079

2292 2678 2402 2715 Mart.
2421 2680 2444 2716 8
