2722 4172
800 275 1073 315 GREGoRn
1108 277 1188 314 vn
1223 276 1485 315 REGISTRI
1521 276 1564 314 11
1590 275 1651 313 39.
2089 262 2191 315 153

261 397 434 447 tamen
471 393 568 447 hoc
592 396 796 447 tantum
822 394 976 448 decus
1004 398 1055 448 et
1079 398 1188 448 tam
1214 394 1404 448 excelsi
1437 394 1602 462 gloria
1628 392 1902 448 sacerdotii
1929 409 1993 447 ex
2018 393 2196 463 inopia

259 507 435 544 rerum
471 490 835 560 temporalium
875 495 927 544 et
963 491 1304 544 diminutione
1354 491 1627 561 potestatis
1667 508 1790 544 suae
1830 489 1956 543 adeo
1994 489 2196 544 vilescit

262 590 314 640 et
351 603 382 640 a
418 587 732 657 competenti
770 591 910 641 statu
945 587 1155 640 honoris
1195 588 1275 640 sui
1312 586 1521 656 penitus
1561 588 1778 655 corruit,
1828 590 1888 640 ut
1933 589 2080 640 tanta
2117 590 2196 640 te-

260 683 433 736 nuitas
481 700 656 737 rerum
704 700 800 737 nec
848 684 1136 754 simplicem
1184 683 1511 753 episcopatus
1563 683 1738 736 sedem
1788 683 2068 737 condecere
2108 687 2198 737 aut

261 779 371 832 eius
408 780 803 834 necessitatibus
843 779 1079 834 sufficere
1116 796 1267 849 posse
1305 778 1558 832 videatur.
1619 779 1766 833 Unde
1805 797 1897 833 vos
1936 780 2069 833 tanti
2107 779 2197 834 be-

260 874 431 930 neficii
469 876 673 930 divinae
711 875 1091 930 munificentiae
1128 875 1362 943 ingratos
1402 878 1454 928 et
1490 875 1820 929 immemores
1862 892 1973 930 esse
2013 876 2196 946 depre-

260 972 559 1040 hendimus3
599 974 866 1027 timentes:
907 989 989 1040 ne,
1030 971 1179 1041 quasi
1216 970 1495 1039 degeneres
1533 970 1629 1024 filii
1657 972 1866 1026 divitias
1906 976 1958 1026 et
1993 972 2197 1026 heredi-

261 1071 423 1123 tatem
460 1070 812 1124 nobilissimae
851 1069 1033 1123 matris
1071 1071 1291 1135 vestrae,
1330 1067 1573 1121 videlicet
1611 1065 1892 1122 Gra'densis
1933 1069 2195 1138 ecclesiae,

262 1165 599 1237 dissipantes,
638 1166 760 1220 inde
798 1165 1120 1218 obscuriores
1161 1162 1485 1233 efficiamini,
1523 1165 1661 1218 unde
1698 1168 1820 1236 post
1859 1165 2198 1236 apostolicam

263 1262 437 1316 sedem
474 1262 728 1330 omnibus„
770 1278 901 1330 quae
939 1264 1061 1315 sunt
1097 1261 1152 1314 in
1191 1260 1479 1329 occidente,
1519 1262 1757 1329 gentibus
1796 1261 2039 1316 clariores
2066 1264 2198 1316 exti-

261 1359 414 1413 tistis.
473 1358 579 1412 Nos
607 1358 844 1428 equidem
870 1358 1218 1426 meminimuS,
1254 1354 1616 1411 Dominicum¹
1639 1358 1991 1428 patriarcham
2016 1359 2199 1414 beatae

261 1455 558 1522 memoriae,
597 1460 975 1509 antecessorem
999 1454 1152 1508 huius
1164 1451 1198 1523 ²,
1239 1459 1452 1525 propter
1477 1454 1696 1508 nimiam
1722 1459 2002 1524 egestatem
2027 1456 2199 1511 locum

261 1551 496 1606 deserere
534 1551 774 1606 voluisse.
824 1551 894 1605 Et
918 1551 1002 1605 hic
1037 1551 1245 1621 quidem
1270 1551 1386 1622 pari
1413 1552 1719 1606 necessitate
1746 1552 1872 1606 dicit
1898 1570 1953 1607 se
1979 1554 2197 1607 circum-

259 1651 472 1702 ventum
511 1665 639 1703 esse.
789 1648 1117 1719 Quapropter
1155 1649 1289 1702 sicut
1325 1648 1630 1702 karissimos
1668 1647 1802 1702 filios
1829 1666 1920 1703 vos
1953 1649 2197 1704 admone-

259 1762 400 1799 mus:
441 1749 515 1815 ut,
555 1762 810 1799 memores
848 1745 1100 1815 pristinae
1127 1744 1413 1799 nobilitatis
1451 1749 1503 1798 et
1527 1744 1738 1814 gloriae,
1779 1745 2024 1800 collatum
2048 1747 2195 1800 vobis

259 1842 511 1896 honorem
560 1846 611 1896 et
658 1842 971 1912 apostolicae
1019 1841 1155 1895 sedis
1204 1858 1328 1909 erga
1373 1858 1465 1895 vos
1516 1842 1929 1896 benevolentiam
1976 1842 2194 1897 ulterius

259 1955 364 1993 non
399 1939 701 2008 negligatis3
743 1939 849 2007 sed,
891 1938 1252 1992 convenientes
1291 1939 1347 1991 in
1384 1956 1562 2008 unum,
1604 1939 1825 2009 qualiter
1854 1943 1973 1993 ante
2005 1939 2196 2008 signati

260 2036 640 2107 patriarchatus
680 2036 984 2104 dignitatem
1025 2035 1200 2089 debita
1238 2051 1356 2089 cum
1393 2036 1724 2090 veneratione
1765 2040 1816 2090 et
1851 2053 2024 2090 rerum
2063 2040 2194 2090 tem-

261 2132 519 2203 poralium
558 2131 959 2203 amplificatione
998 2131 1296 2185 sustentetis
1337 2137 1388 2186 et
1425 2149 1540 2185 cum
1567 2133 1667 2186 Dei
1693 2132 1948 2187 adiutorio
1985 2133 2052 2186 ad
2089 2132 2195 2187 cul-

260 2246 379 2283 men
428 2246 551 2282 suae
590 2229 910 2282 celsitudinis
958 2228 1225 2296 relevetiS,
1278 2229 1541 2282 communi
1586 2229 1801 2283 consilio
1849 2229 2193 2300 pertractetis

260 2325 512 2379 Indicavit
551 2325 758 2395 quidem
796 2325 945 2379 nobis
983 2325 1068 2379 hic
1097 2325 1356 2379 confrater
1381 2330 1559 2379 noster
1583 2326 1898 2396 patriarcha,
1936 2330 1988 2380 te
2015 2326 2198 2380 ducem

261 2426 314 2477 et
348 2422 622 2493 plerosque
659 2425 892 2475 vestrum
931 2438 1087 2490 quam
1124 2422 1377 2492 optimam
1416 2439 1573 2493 super
1597 2423 1696 2476 hac
1719 2440 1777 2477 re
1801 2423 1991 2477 habere
2016 2423 2197 2476 volun—

260 2522 436 2573 tatem.
493 2518 713 2590 Propter
751 2519 888 2588 quod
927 2522 978 2572 et
1002 2517 1291 2572 fiducialius
1317 2518 1384 2571 ad
1409 2519 1723 2590 explendum
1749 2536 1878 2590 opus
1917 2520 2039 2574 boni
2075 2536 2196 2590 pro-

260 2615 420 2686 positi
456 2618 684 2669 vestram
711 2614 975 2668 exhortari
1008 2615 1286 2685 incipimus
1313 2615 1656 2670 dilectionem.
1808 2616 2062 2685 Quicquid
2098 2617 2197 2684 igi-

261 2716 347 2765 tur
383 2712 503 2765 inde
541 2712 677 2764 inter
714 2728 806 2764 vos
845 2711 1137 2765 consultum
1185 2716 1236 2766 et
1283 2712 1622 2766 constitutum
1669 2714 1854 2782 fuerit,
1905 2713 2054 2767 nobis
2102 2731 2197 2784 per

260 2808 461 2862 litteras
502 2811 592 2861 aut
630 2811 796 2861 certos
834 2808 1044 2861 nuntios
1086 2809 1390 2877 quantocius
1427 2810 1742 2864 renunciate.
1821 2810 2100 2878 Quoniam,
2151 2811 2198 2864 si

260 2921 355 2976 pro
395 2904 563 2975 gloria
600 2909 652 2958 et
687 2904 957 2957 nobilitate
994 2907 1102 2957 tam
1141 2906 1301 2959 vestri
1340 2923 1495 2976 quam
1543 2907 1734 2978 prefati
1779 2907 1880 2961 loci
1927 2912 1978 2961 et
2026 2923 2196 2960 sacer-

262 3001 390 3055 dotii
429 3001 623 3071 aliquid
663 3001 964 3068 statueritiS,
1004 3004 1063 3054 ut
1102 3018 1322 3070 aequum
1363 3006 1456 3070 est,
1494 3020 1589 3073 pro
1627 3004 1828 3057 meritis
1853 3003 2040 3057 vestris
2077 3020 2195 3072 gra-

261 3098 568 3165 tulabimur3
610 3098 692 3151 sin
729 3114 851 3150 vero
892 3096 1067 3166 aliqua
1102 3098 1274 3151 minus
1313 3098 1531 3152 honesta
1555 3117 1647 3152 vos
1674 3100 1873 3153 occasio
1898 3100 2193 3168 retraxerit,

261 3194 441 3265 procul
479 3195 633 3248 dubio
672 3194 805 3248 tanti
842 3193 1120 3248 ministerii
1155 3211 1345 3248 nomen
1380 3195 1518 3248 inter
1554 3214 1647 3257 vos
1673 3196 1919 3250 vilescere
1945 3200 1996 3250 et
2021 3195 2193 3250 debito

262 3291 455 3345 honore
491 3291 690 3362 privari
726 3290 1142 3361 nonpatiemur.
1199 3290 1339 3344 Data
1371 3290 1565 3346 Romae
1605 3294 1637 3346 2
1664 3292 1923 3346 Kalendas
1948 3291 2193 3362 Ianuarii,

260 3387 540 3442 indictione
582 3389 664 3441 13.

380 3497 420 3540 1.
452 3497 530 3553 HI,
560 3496 859 3553 patriarcham
891 3495 1184 3541 Gradensem.
1334 3497 1375 3540 2.
1408 3496 1631 3541 Dominici
1659 3497 1738 3542 IV.

2247 399 2362 443 1074

2222 458 2313 496 Dec.
2333 461 2379 497 31
