2722 4172
799 271 1071 310 GREGORII
1108 274 1187 310 vn
1222 255 1488 311 'REGISTRI
1522 274 1544 309 1
1571 271 1632 308 38.
1656 271 1717 308 39.
2155 258 2224 311 57

290 389 531 457 negocia,
573 405 727 457 quae,
777 390 833 442 in
871 389 1106 460 partibus
1144 390 1250 443 illis
1290 390 1356 443 ad
1395 390 1710 443 audientiam
1753 389 2227 459 discussionemque

290 485 580 553 legatorum
629 482 953 539 nostroruml
1001 487 1229 557 perlata,
1279 486 1505 557 peccatis
1552 485 1954 556 impedientibus
2002 503 2229 554 congrua

292 581 720 636 determinatione
760 571 973 635 diffiniri
1010 600 1114 636 non
1150 586 1408 653 poterant,
1450 582 1583 635 sicut
1618 581 1773 636 officii
1797 583 1962 636 nostri
1989 599 2113 636 cura
2138 599 2228 637 ne-

290 677 430 731 mine
466 694 561 731 nos
599 683 816 746 rogante
856 679 1146 749 compellit,
1197 678 1263 732 ad
1302 696 1419 731 eum
1460 696 1613 747 quem
1651 680 1853 733 iustitia
1888 679 2230 749 postulaverit

289 772 446 828 finem
495 774 771 829 adiuvante
810 775 1035 828 Domino
1082 775 1365 844 perducere
1416 775 1826 845 procurabimus
1895 775 2056 829 Porro
2096 793 2228 845 quae

289 871 394 942 ipsi
427 871 549 925 inde
588 847 896 940 statuerunt,
936 871 1163 939 interim,
1205 870 1367 924 donec
1406 871 1472 924 ad
1509 889 1604 924 nos
1630 872 1847 939 negocia
1880 873 2226 942 perferantur,

290 968 508 1021 immota
531 985 742 1022 manere
767 967 1005 1021 volumus
1036 971 1189 1035 atque
1217 967 1502 1037 apostolica
1528 968 1834 1021 auctoritate
1860 969 2224 1040 praecipimus,

291 1063 431 1118 Deus
473 1068 646 1118 autem
683 1064 1035 1134 omnipotenS,
1080 1063 1168 1132 qui
1205 1063 1459 1117 bonorum
1500 1065 1732 1117 omnium
1771 1065 1920 1118 dator
1959 1070 2011 1119 et
2050 1070 2227 1120 auctor

291 1164 385 1229 est,
424 1160 584 1214 talem
609 1177 700 1214 vos
738 1160 793 1213 in
818 1160 953 1213 votis
980 1159 1166 1212 vestris
1195 1164 1246 1213 et
1272 1160 1469 1214 actibus
1498 1178 1611 1214 esse
1636 1161 1810 1230 faciat,
1850 1166 1924 1230 ut,
1963 1178 2080 1215 cum
2109 1166 2228 1216 ante

290 1257 534 1311 caelestes
571 1257 784 1324 iudiceS,
824 1256 1064 1310 videlicet
1087 1256 1302 1309 Petrum
1342 1261 1393 1310 et
1418 1256 1655 1326 Paulum,
1695 1258 1751 1310 in
1787 1257 1962 1312 futuro
1990 1259 2229 1313 examine

289 1354 558 1422 veneritiS,
608 1353 754 1406 nulla
790 1369 882 1405 vos
919 1352 975 1404 in
1012 1351 1221 1405 illorum
1266 1353 1451 1422 ocuIiS,
1501 1355 1605 1407 nisi
1645 1371 1775 1423 quae
1813 1355 2230 1408 remuneratione

289 1451 446 1518 digna
482 1450 566 1519 sit,
607 1449 923 1503 conscientia
960 1449 1205 1502 denotare
1246 1454 1297 1503 et
1336 1454 1596 1505 ostentare
1634 1451 1820 1505 valeat.
1890 1451 2031 1504 Data
2065 1450 2229 1505 Rome

294 1549 358 1600 16
397 1546 657 1600 Kalendas
695 1545 938 1615 Ianuarii,
978 1546 1260 1600 indictione
1304 1549 1385 1601 12.

287 1719 311 1780 I
346 1723 445 1781 39.
491 1726 747 1779 Wozelino
776 1727 1163 1798 archiepiscopo
1191 1727 1634 1798 Maydebmyensi
1658 1730 1934 1798 ceterisque
1962 1726 2229 1781 Saxoniae

481 1824 815 1894 principibus
836 1825 1079 1875 adversus
1099 1824 1407 1876 Heinricum
1426 1825 1518 1878 IV
1535 1844 1703 1894 reqem
1730 1824 2035 1877 bellantibus
2061 1827 2226 1894 siqni-

476 1921 623 1988 ficat,
666 1922 989 1972 admonitum
1026 1939 1196 1990 reyem
1235 1939 1354 1986 0880,
1395 1932 1470 1986 ut,
1512 1923 1671 1974 donec
1709 1922 1868 1991 Zeqati
1901 1923 1987 1973 sui
2013 1923 2224 1974 adveni-

489 2028 627 2082 rent,
682 2019 842 2069 armis
881 2018 1175 2070 discederet.
1236 2018 1476 2070 Indutias
1515 2029 1572 2071 ut
1609 2029 1928 2083 conservent,
1970 2018 2222 2071 hortatur.

434 2126 713 2195 Gregorius
761 2128 1034 2198 episcopus
1083 2144 1263 2181 servus
1303 2107 1582 2181 'servorum
1627 2128 1728 2181 Dei
1764 2127 2032 2182 Wozelino
2080 2127 2226 2197 Mag-

286 2223 595 2291 deburgensi
635 2223 1046 2294 archiepiscopo,
1094 2220 1424 2278 Burchardo²
1463 2224 1848 2278 Halbestetensi
1894 2225 2135 2296 episcopo
2175 2230 2228 2280 et

286 2319 479 2373 Tezoni
525 2316 840 2374 marchioni3
891 2321 1178 2390 ceterisque
1228 2321 1487 2374 Saxoniae
1534 2321 1857 2392 principibus
1906 2322 2128 2375 salutem
2176 2326 2228 2376 et

287 2416 624 2487 apostolicam
661 2417 1087 2471 benedictionem.

432 2512 637 2576 Quanta
672 2514 922 2568 violentia
961 2519 1257 2585 quantaque
1305 2516 1528 2568 fratrum
1566 2515 1880 2586 impulsione
1917 2515 2226 2569 universalis

288 2608 547 2677 ecclesiae,
586 2611 764 2665 multis
790 2611 1243 2681 perturbationum
1268 2611 1509 2666 fiuctibus
1537 2629 1816 2666 concussae
1844 2615 1894 2665 et
1919 2629 2051 2682 pene
2078 2613 2226 2681 quasi

287 2706 508 2774 quodam
548 2707 818 2775 naufragio
856 2708 1205 2778 periclitatae,
1260 2726 1388 2762 onus
1438 2713 1490 2762 et
1536 2710 1769 2778 regimen
1817 2709 2078 2779 suscipere
2126 2709 2226 2762 sim

286 2806 510 2871 coactuS,
551 2803 810 2856 occultum
847 2805 994 2858 vobis
1033 2810 1084 2858 01
1120 2806 1414 2859 inauditum
1453 2823 1566 2860 esse
1591 2823 1696 2859 non
1722 2806 1994 2859 credimus
2055 2806 2224 2859 Testis

286 2899 425 2952 enim
462 2899 592 2952 mihi
630 2904 709 2952 est
746 2901 1063 2954 conscientia
1086 2919 1220 2970 mea,
1261 2920 1417 2971 quam
1441 2903 1699 2973 imparem
1724 2920 1808 2956 me
1835 2906 1980 2956 tanto
2006 2903 2225 2973 ponderi

284 2995 621 3057 iudicaverim
661 3000 712 3049 et
750 3000 946 3065 quanta
984 2997 1328 3052 sollicitudine
1374 3016 1565 3053 nomen
1603 2999 1916 3069 apostolicae
1956 2999 2223 3066 dignitatis

285 3093 480 3145 evitare
527 3093 926 3163 concupiverim.
988 3093 1091 3147 Sed
1141 3095 1386 3162 quoniam
1431 3096 1518 3148 via
1569 3096 1792 3148 hominis
1830 3113 1935 3148 non
1971 3096 2027 3147 in
2063 3078 2223 3149 manu

284 3189 392 3242 eius
433 3189 524 3242 sed
559 3189 698 3242 illius
740 3195 818 3244 est
856 3191 1210 3260 dispositione,
1252 3208 1283 3243 a
1322 3207 1422 3259 quo
1461 3210 1667 3259 gressus
1696 3192 1965 3244 hominum
1991 3191 2222 3260 dirigun-

283 3289 368 3339 tur
378 3282 411 3353 ⁴,
450 3286 774 3356 impossibile⁸
809 3287 938 3339 mihi
975 3287 1089 3355 fuit,
1131 3291 1311 3340 contra
1348 3288 1577 3341 divinam
1613 3288 1934 3341 voluntatem
1972 3292 2222 3358 concepta

283 3386 404 3434 vota
442 3382 731 3437 defendere.
791 3383 939 3437 Unde
966 3383 1094 3436 mihi
1124 3373 1341 3437 sollicite
1367 3384 1689 3451 vigilandum
1715 3389 1868 3452 atque
1893 3385 2221 3454 pensandum

284 3482 378 3545 est,
418 3479 639 3547 qualiter
678 3497 763 3548 ea,
815 3498 945 3549 quae
995 3480 1060 3533 ad
1110 3480 1399 3549 profectum
1449 3479 1825 3533 ecclesiasticae
1862 3481 2128 3549 religionis
2169 3485 2221 3535 et

401 3610 441 3652 1.
473 3610 692 3654 Bernardi
722 3614 769 3654 et
799 3609 1018 3667 Gregorii.
1059 3610 1115 3656 V.
1148 3623 1217 3667 ep.
1243 3611 1296 3655 17
1329 3623 1466 3667 supra
1494 3624 1538 3667 p.
1562 3611 1632 3654 29.
1753 3612 1794 3655 2.
1826 3611 1883 3656 II.
2002 3613 2046 3656 3.
2078 3613 2218 3656 Lusa-

280 3681 385 3725 tiae.
501 3683 544 3727 4.
576 3683 649 3727 Ps.
673 3684 744 3741 36,
765 3685 835 3728 23.

2283 395 2395 439 1073

2255 454 2345 493 Dec.
2370 457 2415 494 17

2278 2132 2391 2176 1073

2251 2192 2342 2230 Deo.
2365 2194 2413 2231 20
