2730 4198
337 1001 451 1044 1089

484 292 595 346 580
1133 305 1389 344 ΒΟΝΙΤΗΟ
1427 306 1504 342 AD
1544 305 1770 342 AMICUM

481 425 712 476 videmus
762 433 809 476 et
854 424 1051 477 litteras
1099 441 1204 475 non
1249 422 1583 491 indiliqenter
1628 431 1874 474 tractasse
1923 432 1970 473 et
2004 423 2062 473 in
2099 423 2426 475 multitudine

483 521 794 573 concitanda
832 537 1044 590 operam
1080 535 1300 570 navasse
1339 519 1597 569 eximiam.

631 616 852 668 Librum
899 616 1058 679 enim,
1110 616 1204 683 qui
1239 613 1340 665 Ad
1386 615 1654 664 amicum
1690 613 1993 665 inscribitur
2032 630 2282 682 quemque
2318 615 2427 664 iam

484 723 602 765 ante
641 713 808 781 attiqi,
856 710 1149 762 subsecutus
1189 719 1262 761 est
1296 711 1360 774 is,
1404 711 1498 778 qui
1534 710 1799 760 evanuisse
1836 709 2055 774 videtur,
2096 711 2161 761 in
2200 708 2424 778 Huqo-

484 826 622 859 nem
659 800 1169 859 schismaticum¹
1209 806 1388 857 editus.
1451 805 1516 856 In
1544 822 1644 873 quo
1674 822 1825 873 opere
1851 822 1966 855 cum
1993 806 2102 867 „de
2140 804 2340 856 Urbani
2364 804 2435 856 II

484 905 611 956 actis
661 914 708 955 et
754 904 816 955 de
865 904 973 954 eius
1019 902 1283 954 victoria“
1323 919 1428 953 sese
1477 903 1636 970 eqisse
1683 900 1961 952 tradiderit
1996 902 2108 969 ipse
2147 900 2374 952 Bonitho
2387 895 2422 964 ²,

482 1000 542 1051 id
589 1009 681 1051 aut
726 1016 863 1050 anno
905 997 1049 1051 1089
1098 1007 1189 1049 aut
1234 997 1396 1067 paulo
1437 1007 1563 1067 post
1610 1015 1723 1047 eum
1770 1014 1966 1046 annum
2004 996 2298 1065 expeditum
2335 1005 2423 1059 est,

475 1105 761 1164 propterea
808 1095 948 1163 quod
994 1111 1100 1145 non
1145 1111 1297 1163 posse
1345 1093 1578 1145 dubitari
1624 1093 1852 1156 videtur,
1907 1093 2035 1160 quin
2085 1090 2286 1143 Urbani
2331 1091 2426 1142 illa

482 1191 703 1242 victoria
750 1190 1001 1259 siqnificet
1045 1189 1259 1241 Wberti
1303 1191 1589 1258 antipapae
1639 1207 1663 1240 e
1704 1189 1875 1240 Roma
1922 1187 2273 1256 eapulsionem
2303 1195 2428 1255 post

485 1286 535 1337 d.
565 1285 602 1338 8
640 1285 790 1337 Iunii
825 1305 872 1336 a.
903 1284 1048 1337 1089
1071 1279 1325 1352 factam3.

632 1380 875 1432 Absolvit
913 1381 1066 1432 etiam
1101 1375 1308 1448 postea⁴
1348 1380 1506 1431 libros
1547 1381 1692 1432 duos.
1774 1378 2009 1445 Quorum
2047 1379 2267 1430 alterum
2297 1396 2424 1448 per-

477 1494 775 1546 paucarum
821 1475 1157 1545 paqellarum
1215 1475 1443 1527 libellum
1499 1477 1570 1536 de
1618 1477 2071 1539 sacramentis,
2134 1475 2427 1526 dedicatum

488 1569 756 1625 Gualterio
795 1571 1046 1623 monacho
1088 1581 1133 1622 et
1162 1572 1343 1640 priori
1375 1572 1607 1622 coenobii
1631 1571 1880 1623 Lenensis
1893 1567 1927 1636 ⁵,
1969 1573 2026 1622 in
2053 1572 2274 1622 dioecesi
2295 1570 2425 1622 Bri·
2470 1638 2474 1642 .

482 1670 654 1719 aiensi
689 1669 794 1732 siti,
837 1668 999 1718 edidit
1024 1667 1353 1718 Muratorius
1388 1668 1444 1717 in
1472 1666 1864 1735 Antiquitatum
1891 1666 2199 1719 Italicarum
2235 1667 2426 1717 disser-

484 1766 675 1816 tatione
720 1763 794 1816 37
843 1760 1174 1828 (Mediolani
1219 1760 1398 1827 1740)
1454 1761 1514 1813 T.
1553 1762 1655 1813 III
1693 1761 2029 1815 599—604.
2184 1761 2428 1831 Amplius

482 1862 800 1929 qraviusque
849 1877 978 1928 opus
1030 1858 1253 1910 alterum
1301 1868 1374 1910 est
1411 1859 1473 1910 de
1511 1860 1624 1910 iure
1665 1860 1938 1922 canonico,
1976 1859 2254 1927 flaqitante
2297 1855 2428 1911 Gre-

480 1957 632 2024 9orio
673 1956 935 2007 sacerdote
974 1950 1380 2024 conscriptum⁰3
1422 1956 1562 2023 quod
1599 1973 1714 2005 cum
1751 1956 1808 2005 in
1835 1955 2095 2005 codicibus
2122 1964 2254 2006 certo
2281 1953 2428 2006 titulo

482 2069 588 2103 non
627 2053 696 2104 sit
729 2061 989 2116 notatum,
1032 2051 1238 2115 Maius,
1286 2061 1525 2120 excerpta
1564 2052 1671 2102 eius
1712 2051 1863 2102 edens
1902 2052 1959 2102 in
1997 2049 2182 2102 Novae
2211 2059 2430 2120 patrum

603 2218 644 2261 1.
685 2217 926 2273 Hugonem
968 2215 1234 2261 Candidum.
1416 2218 1456 2260 2.
1496 2217 1544 2260 in
1573 2215 1756 2260 Decreti
1796 2216 1847 2259 L.
1870 2216 1935 2260 IV
1974 2229 2011 2259 c.
2037 2216 2121 2259 109
2161 2215 2255 2270 (l.l.
2287 2228 2332 2271 p.
2352 2215 2428 2268 46)

484 2289 636 2335 verbis
666 2290 759 2334 his:
805 2289 1010 2347 „Urbani
1039 2301 1148 2334 vero
1186 2288 1411 2345 pontificis
1453 2294 1555 2333 acta
1594 2293 1639 2333 et
1679 2289 1736 2332 de
1768 2288 1865 2331 eius
1895 2289 2085 2332 victoria
2115 2289 2153 2332 si
2183 2288 2283 2343 quis
2314 2287 2429 2331 scire

483 2364 697 2420 voluerit,
737 2364 862 2419 legat
890 2362 1053 2407 librum
1085 2374 1220 2418 quem
1251 2363 1411 2418 scripsi
1440 2363 1487 2406 in
1517 2363 1755 2418 Hugonem
1788 2362 2148 2419 schismaticum3
2188 2364 2235 2404 et
2271 2359 2334 2404 ibi
2363 2360 2428 2404 in-

484 2436 638 2480 veniet
668 2436 726 2479 ad
755 2437 938 2492 plenum
977 2436 1197 2491 lucidata,
1239 2448 1355 2491 quae
1386 2435 1579 2479 voluerit
1593 2435 1630 2478 “.
1692 2436 1762 2479 De
1794 2435 1954 2479 codem
1985 2447 2120 2491 opere
2150 2434 2197 2478 in
2225 2433 2339 2478 libro
2369 2432 2427 2476 de

485 2509 780 2553 sacramentis
812 2510 901 2566 (ap.
923 2509 1138 2553 Muratori
1168 2507 1354 2564 AntiqU.
1376 2508 1474 2552 Ital.
1499 2508 1676 2552 dissert.
1699 2510 1770 2565 37,
1792 2510 1845 2552 Τ.
1868 2509 1934 2552 III
1961 2510 2065 2563 602)
2096 2507 2206 2551 dicit
2233 2505 2429 2550 Bonitho

485 2582 544 2626 ad
574 2582 693 2626 hunc
724 2582 929 2626 modum:
965 2582 1199 2639 „Qualiter
1218 2594 1327 2626 vero
1349 2581 1592 2636 (Clemens)
1623 2582 1794 2637 primus
1826 2582 1885 2626 sit
1913 2594 1994 2637 per
2024 2581 2288 2624 electionem
2309 2578 2430 2623 Petri

486 2659 532 2699 et
560 2656 722 2699 tertius
751 2656 798 2700 in
828 2655 988 2712 gradu,
1022 2657 1062 2700 si
1093 2656 1193 2712 quis
1215 2668 1383 2711 gnarus
1405 2667 1505 2698 esse
1525 2655 1732 2711 voluerit,
1762 2655 1887 2711 legat
1905 2654 2082 2711 librum,
2115 2666 2249 2710 quem
2271 2653 2431 2709 scripsi

485 2728 532 2772 in
552 2728 758 2784 Ugonem
780 2728 1139 2787 schismaticum3
1172 2733 1219 2772 et
1238 2728 1301 2772 ibi
1320 2728 1520 2772 inveniet
1541 2728 1597 2771 ad
1618 2729 1799 2784 plenum
1822 2727 2164 2772 dilucidatum“.
2303 2727 2345 2770 3.
2377 2725 2430 2769 Id

485 2802 576 2846 iam
623 2802 1039 2847 animadverterunt
1077 2802 1309 2846 Ballerinii
1354 2801 1401 2845 in
1448 2802 1614 2845 Leonis
1662 2802 1815 2858 Magni
1856 2802 1968 2858 Opp.
2007 2802 2060 2845 T.
2082 2801 2149 2845 ΠΙ
2185 2815 2229 2858 p.
2256 2810 2428 2845 cccvn.

486 2875 556 2919 De
586 2879 789 2932 tempore
820 2880 970 2919 autem
1003 2875 1180 2932 expulsi
1201 2874 1390 2920 Wiberti
1420 2889 1464 2919 v.
1487 2876 1687 2931 Regesta
1716 2880 1840 2931 pont.
1862 2875 1992 2919 Rom.
2019 2889 2063 2931 p.
2080 2875 2182 2919 445.
2301 2873 2345 2916 4.
2376 2873 2428 2928 In

486 2952 677 3004 utroque
717 2950 837 2993 enim
874 2950 965 2994 iam
1006 2953 1384 2994 commemoratur
1420 2948 1533 2992 liber
1570 2948 1618 2992 in
1656 2948 1896 3004 Hugonem
1937 2949 2153 3004 scriptus,
2201 2950 2253 2990 ut
2297 2945 2431 2989 docet

487 3021 639 3066 adnot.
663 3024 690 3066 2
723 3035 873 3079 supra.
1024 3023 1067 3067 5.
1099 3023 1159 3066 Et
1187 3023 1235 3066 in
1265 3021 1411 3066 fronte
1443 3025 1488 3065 et
1517 3022 1564 3065 in
1595 3022 1717 3065 calce
1747 3020 1886 3065 libelli
1914 3022 2126 3077 leguntur
2153 3020 2287 3063 haec:
2323 3018 2428 3075 „In-

487 3095 596 3152 cipit
625 3096 855 3152 (Explicit)
884 3095 1060 3140 libellus
1092 3096 1149 3140 de
1180 3095 1474 3140 sacramentis
1506 3108 1533 3138 a
1561 3095 1790 3139 Bonizone
1813 3093 1993 3139 Sutrino
2024 3094 2234 3150 episcopo
2265 3091 2427 3147 editus,

488 3167 547 3211 ad.
577 3167 857 3213 Gualterium
887 3170 1136 3214 Leonensis
1168 3168 1375 3213 coenobii
1406 3167 1674 3212 monachum
1706 3172 1752 3212 et
1779 3169 1974 3224 priorem
2004 3167 2167 3211 missus
2181 3165 2219 3209 “.
2271 3165 2429 3220 Neque

487 3253 596 3285 vero
636 3241 919 3286 Gualterium
956 3241 1077 3286 hunc
1116 3242 1296 3286 aliunde
1341 3242 1469 3286 novit
1513 3244 1592 3285 aut
1630 3241 1802 3285 Lucchi
1838 3242 2129 3285 Monumenta
2171 3239 2430 3283 monasterii

487 3314 756 3371 Leonensis,
798 3315 970 3359 Romae
1013 3316 1149 3371 1759,
1189 3318 1269 3359 aut
1299 3314 1511 3358 Zaccaria
1539 3314 1653 3358 Dell'
1686 3314 1996 3358 antichissima
2033 3313 2170 3358 badia
2205 3312 2252 3356 di
2289 3312 2429 3368 Leno,

489 3387 688 3432 Venezia
719 3389 847 3432 1767.
1028 3389 1069 3432 6.
1110 3388 1226 3433 Nam
1266 3388 1313 3431 in
1351 3388 1529 3443 epilogo
1569 3388 1717 3443 operis
1756 3402 1800 3443 p.
1825 3387 1882 3431 74
1911 3390 2017 3431 sunt
2045 3385 2181 3430 haec:
2224 3385 2373 3442 „Cum
2404 3398 2431 3429 a

489 3472 561 3503 mc
603 3461 859 3517 exegisses,
899 3461 1113 3506 sacerdos
1151 3461 1410 3506 venerande
1442 3460 1645 3517 Gregori‚
1686 3464 1738 3504 ut
1765 3459 1950 3504 brevem
1981 3472 2035 3502 ac
2065 3458 2430 3515 compendiosam

489 3532 859 3578 dictatiunculam
906 3546 964 3578 ex
1014 3538 1272 3579 sanctorum
1316 3537 1495 3590 patrum
1548 3533 1785 3577 autenticis
1831 3531 2079 3577 canonibus
2123 3531 2206 3577 tibi
2251 3543 2430 3588 compo-

489 3617 640 3649 nerem
653 3640 664 3662 ,
714 3607 822 3651 dum
866 3606 1078 3663 flagranti
1123 3611 1202 3652 tuo
1251 3606 1474 3651 desiderio
1518 3606 1745 3651 deservire
1794 3605 1946 3662 cupio,
2004 3608 2149 3650 metas
2193 3605 2430 3651 brevitatis

489 3679 667 3722 excessi
681 3677 718 3722 “.
