2722 4172
531 257 602 310 42
1083 275 1354 313 GREGORH
1388 276 1467 312 vn
1504 275 1766 314 REGISTRI
1801 278 1823 314 1
1849 277 1909 315 25.

527 463 553 525 I
585 468 685 526 25.
728 472 1092 526 Herlembaldo
1129 474 1289 528 militi
1322 474 1706 527 Mediolanensi
1739 476 1932 542 scribit,
1978 495 2031 530 se
2067 474 2275 548 Capuae
2309 496 2445 531 com-

727 572 925 622 morari
929 589 947 632 ,-
986 572 1048 622 de
1083 570 1511 623 Normannorum
1548 572 1793 634 dissidi05
1833 573 1895 624 de
1926 573 2169 626 Heinrioi
2190 574 2283 627 IV
2309 576 2446 644 reyis

726 665 907 718 litteris
957 668 1220 720 devotione
1252 668 1421 738 plenis
1431 687 1450 730 ,-
1498 669 1561 720 de
1605 668 1863 720 Beatrioio
1910 668 2284 740 Mathildieque
2324 689 2446 742 erqa

723 779 775 814 se
798 762 923 829 fide.

321 870 491 970 Se1272}7
667 869 945 939 Gregorius
985 873 1256 944 episcopus
1296 890 1474 927 servus
1513 891 1779 928 servorum
1816 873 1917 927 Dei
1950 873 2311 930 Herlembaldo
2337 875 2444 932 Me-

370 943 395 980 Ρ
415 960 423 968 ’
445 956 466 969 ”
520 966 806 1021 diolanensi
844 968 999 1022 militi
1037 970 1255 1024 salutem
1294 974 1345 1024 et
1384 971 1718 1041 apostolicam
1755 970 2179 1025 benedictionem.

666 1062 807 1117 Sciat
843 1065 1119 1134 prudentia
1155 1070 1260 1134 tua,
1301 1083 1394 1120 nos
1420 1066 1531 1120 Deo
1557 1067 1837 1121 miserante
1872 1084 2024 1121 sanos
2064 1071 2116 1121 et
2139 1067 2302 1121 laetos
2339 1084 2444 1122 non

518 1159 628 1212 sine
675 1177 867 1228 magna
914 1166 1121 1215 sanctae
1169 1162 1413 1216 ecclesiae
1457 1163 1682 1216 utilitate
1721 1164 1858 1234 apud
1897 1162 2130 1234 Capuam
2167 1163 2440 1218 demorari.

515 1255 648 1308 Nam
686 1255 1000 1327 Normanni,
1052 1259 1140 1328 qui
1188 1259 1253 1312 ad
1291 1259 1640 1313 confusionem
1681 1263 1733 1313 et
1768 1260 2055 1330 periculum
2092 1260 2170 1314 rei
2205 1260 2443 1331 publicae

517 1355 568 1405 et
605 1356 813 1406 sanctae
852 1353 1096 1407 ecclesiae
1134 1372 1296 1407 unum
1331 1353 1446 1408 fieri
1482 1356 1889 1425 meditabantur,
1942 1357 1998 1410 in
2035 1357 2440 1427 perturbatione,

513 1448 568 1500 in
607 1465 710 1516 qua
747 1466 832 1502 eos
870 1450 1179 1518 invenimus,
1216 1451 1373 1504 nimis
1413 1451 1668 1506 obstinate
1704 1457 2062 1523 perseverant,
2109 1453 2252 1506 nullo
2288 1453 2441 1507 modo

512 1543 615 1596 nisi
651 1544 799 1598 nobis
837 1545 1127 1600 volentibus
1164 1563 1346 1617 pacem
1384 1548 1626 1602 habituri.
1687 1548 1743 1602 Si
1789 1550 1927 1602 enim
1974 1549 2215 1603 discretio
2262 1553 2443 1604 nostra

514 1643 719 1694 sanctae
759 1641 1003 1695 ecclesiae
1047 1642 1174 1696 utile
1224 1644 1561 1713 approbaret,
1607 1645 1710 1715 ipsi
1757 1645 1863 1698 iam
1901 1663 1956 1699 se
1992 1645 2141 1700 nobis
2177 1645 2443 1700 humiliter

513 1731 862 1791 subdidissent
899 1741 966 1806 et,
1007 1755 1162 1807 quam
1200 1739 1382 1808 solent,
1420 1741 1763 1794 reverentiam
1804 1742 2173 1796 exhibuissent.

657 1832 939 1887 Henricum
984 1852 1159 1903 regem
1204 1840 1476 1906 praeterea
1526 1838 1657 1890 scias
1705 1837 1990 1892 dulcedinis
2029 1842 2081 1892 et
2117 1833 2467 1894 obedientiae

508 1929 663 2000 plena
699 1930 848 1984 nobis
887 1931 1046 1984 verba
1081 1931 1312 2001 misisse,
1362 1936 1413 1986 et
1449 1932 1600 2002 talia,
1650 1934 1824 2002 qualia
1859 1951 2026 2004 neque
2062 1935 2237 2005 ipsum
2273 1950 2440 2005 neque

510 2029 859 2081 antecessores
890 2045 1010 2082 suos
1035 2029 1370 2083 recordamur
1393 2029 1639 2083 Romanis
1664 2029 1991 2101 pontificibus
2019 2032 2223 2086 misisse
2238 2028 2266 2085 ¹.
2315 2031 2440 2096 Qui-

509 2123 630 2176 dam
668 2124 827 2177 etiam
866 2141 930 2178 ex
968 2124 1250 2179 maioribus
1276 2124 1512 2180 fidelibus
1552 2127 1658 2180 suis
1684 2128 1996 2197 promittunt
2020 2128 2169 2182 nobis
2200 2145 2265 2181 ex
2288 2132 2439 2199 parte

508 2220 615 2288 sui,
672 2237 790 2274 eum
839 2221 903 2274 de
950 2237 1106 2275 causa
1141 2221 1541 2276 Mediolanensis
1590 2222 1835 2277 ecclesiae
1882 2224 1991 2277 sine
2030 2224 2184 2277 dubio
2223 2223 2437 2278 consilio

505 2320 682 2370 nostro
721 2316 945 2370 obedire.
1006 2316 1265 2380 Quantum
1306 2319 1439 2372 enim
1481 2318 1580 2372 sibi
1613 2320 1871 2389 possimus
1895 2319 2143 2390 prodesse
2166 2319 2250 2373 vel
2275 2336 2436 2389 quan-

505 2416 634 2480 tum,
675 2413 720 2465 si
758 2413 1003 2466 adiutorii
1038 2431 1248 2467 manum
1289 2415 1654 2484 subtrahimus,
1696 2415 1900 2484 obesse,
1939 2416 2041 2469 cito
2077 2420 2130 2470 te
2169 2433 2436 2486 speramus

507 2509 831 2579 apertissime
880 2510 1205 2577 cogniturum
1255 2515 1330 2579 et,
1377 2511 1547 2565 Deum
1592 2511 1860 2565 nobiscum
1910 2530 2022 2566 esse
2069 2516 2120 2566 et
2165 2513 2434 2567 nobiscum

507 2606 735 2675 operari,
786 2606 1050 2660 evidenter
1097 2607 1451 2676 probaturum.
1601 2608 1681 2661 De
1719 2609 1984 2662 comitissa
2019 2608 2256 2664 Beatrice
2292 2609 2434 2663 nullo

504 2702 658 2755 modo
698 2702 1039 2756 dubitandum
1075 2706 1343 2773 putamuS,
1383 2704 1508 2774 quin
1544 2705 1660 2774 ipsa
1698 2708 1749 2758 et
1785 2703 1893 2758 filia
1931 2706 2039 2759 eius
2077 2704 2342 2760 Mathildis
2378 2706 2434 2759 in

503 2798 610 2866 his,
664 2815 794 2867 quae
841 2799 906 2852 ad
942 2799 1112 2853 Deum
1157 2801 1423 2870 pertinent
1468 2804 1519 2854 et
1566 2800 1870 2869 religionem
1917 2806 2125 2856 sanctae
2171 2802 2431 2871 ecclesiae,

503 2894 724 2949 fideliter
762 2913 817 2949 se
856 2912 979 2964 erga
1002 2913 1096 2949 nos
1122 2896 1360 2950 habeant.
1512 2897 1587 2950 Tu
1626 2897 1801 2966 igitur,
1842 2899 2050 2952 omnino
2081 2897 2339 2953 confidens
2376 2899 2429 2952 in

502 2991 726 3045 Domino
774 2995 826 3045 et
861 2992 917 3044 in
953 2995 1121 3046 matre
1157 2996 1249 3046 tua
1284 2992 1518 3046 Romana
1556 2994 1786 3063 ecclesia,
1823 2994 2045 3048 viriliter
2082 3012 2192 3063 age,
2231 2995 2431 3048 confor-

503 3091 642 3142 tatus
679 3088 735 3141 in
759 3087 984 3141 Domino
1025 3092 1077 3142 et
1114 3088 1170 3141 in
1205 3089 1441 3159 potentia
1466 3090 1671 3144 virtutis
1699 3091 1824 3159 eiuS,
1864 3091 2048 3160 scienS,
2087 3091 2209 3162 quia
2239 3094 2430 3160 quanto

502 3184 647 3239 vobis
674 3184 912 3253 gravius“
936 3201 1075 3238 nunc
1100 3185 1326 3253 insurgit
1348 3187 1752 3256 perturbationis
1778 3190 2076 3256 tempestaS,
2115 3189 2261 3240 tanto
2286 3190 2429 3256 post-

501 3281 714 3334 modum
750 3281 861 3335 Deo
899 3281 1105 3335 favente
1142 3282 1412 3335 iocundius
1453 3283 1701 3338 arridebit
1737 3283 2003 3337 serenitas.
2079 3282 2218 3336 Data
2254 3281 2428 3353 Capue

502 3377 536 3431 5
574 3376 833 3431 Kalendas
873 3377 1124 3448 OctobriS,
1161 3378 1445 3433 indictione
1487 3381 1569 3433 12.

617 3513 649 3538 a.
677 3502 800 3548 gravis
828 3518 859 3540 c.

620 3580 660 3623 1.
692 3580 748 3625 V.
779 3581 978 3626 Heinrici
1005 3582 1126 3640 regis
1156 3582 1389 3639 epistolam
1420 3581 1535 3627 infra
1563 3596 1607 3640 p.
1629 3583 1700 3627 46.
