2722 4172
794 292 1069 331 GREGORII
1106 293 1185 330 vn
1220 292 1486 331 REGISTRI
1521 293 1564 330 11
1590 291 1652 329 49.
1680 291 1742 329 50.
2140 279 2242 331 165

296 410 543 479 diligunt:
582 414 656 479 ut,
697 410 743 463 si
769 427 890 464 vere
915 410 1056 463 illius
1082 410 1264 464 volunt
1289 427 1402 463 esse
1437 408 1532 462 filii
1559 414 1610 463 et
1634 409 1846 478 militeS,
1887 425 1991 461 non
2017 407 2244 463 habeant

294 505 383 560 illo
423 506 648 560 cariores
688 507 946 560 seculares
986 507 1265 577 principes,
1334 506 1466 569 Quia
1502 506 1582 558 illi
1618 506 1813 559 misera
1850 509 1902 559 et
1938 505 2243 558 transitoria

293 602 382 655 vix
420 602 681 669 tribuunt3
731 603 838 657 iste
871 620 992 656 vero
1031 603 1185 656 beata
1223 606 1274 655 et
1313 605 1539 669 aeterna,
1583 619 1614 654 a
1650 602 1850 655 cunctis
1883 599 2112 671 peccatis
2140 601 2242 660 sol-

291 698 476 767 vend0,
502 699 764 768 promittit
790 703 842 753 et
866 701 920 753 in
941 698 1216 752 caelestem
1243 698 1467 768 patriam
1493 701 1752 766 potestate
1779 697 1879 750 sibi
1903 697 2097 751 tradita
2122 714 2242 767 per-

292 794 447 848 ducit.
508 795 636 848 Volo
665 795 875 864 quidem
912 795 1027 848 luce
1063 794 1253 847 clarius
1290 793 1607 860 intelligere:
1649 793 1738 861 qui
1775 810 1832 846 re
1870 809 1996 846 vera
2034 793 2140 846 sint
2164 793 2242 846 illi

289 889 468 945 fideles
496 895 547 944 et
586 892 675 960 qui
705 892 927 946 eundem
957 890 1233 944 caelestem
1260 889 1552 958 principem
1577 905 1684 941 non
1707 889 1882 941 minus
1908 906 2004 959 pro
2032 889 2243 944 caelesti

289 986 456 1055 gloria
494 987 762 1056 diligunt⁰,
814 1005 968 1057 quam
1020 1003 1132 1055 eos,
1183 985 1369 1054 quibus
1417 1001 1512 1054 pro
1562 1001 1656 1055 spe
1701 989 1911 1038 terrena
1960 989 2012 1038 et
2048 986 2242 1040 misera

290 1083 630 1138 subiciuntur.
689 1084 829 1138 Data
864 1083 1059 1137 Romae
1103 1085 1164 1136 11
1199 1081 1461 1135 Kalendas
1498 1080 1788 1149 Februarii,
1829 1081 2112 1135 indictione
2157 1083 2237 1136 13.

287 1255 338 1316 II
373 1261 473 1318 50.
511 1262 727 1317 Sanctio
766 1264 881 1332 reqi
907 1260 1215 1331 Araqoniae
1252 1260 1447 1325 scribit,
1488 1278 1542 1311 se
1570 1258 1786 1313 Sanctio
1825 1261 2065 1330 episcopo
2093 1260 2238 1313 Ara-

505 1361 726 1429 qonensi
759 1360 1052 1422 mandasse,
1093 1367 1152 1409 ut
1172 1356 1346 1426 funyi
1380 1374 1591 1408 munere
1622 1367 1875 1426 perqeret,
1917 1356 2100 1408 clerico
2141 1358 2238 1409 ad-

507 1457 674 1507 iutore
699 1465 983 1524 assumpto.
1044 1453 1264 1505 Hiccine
1291 1454 1617 1522 episcopatui
1633 1463 2014 1523 praeponatur,
2055 1471 2109 1504 se
2134 1455 2237 1505 cir-

507 1561 737 1604 cumacto
777 1569 916 1603 anno
957 1551 1295 1602 decreturum.
1356 1547 1596 1614 Clericos‚
1640 1567 1701 1601 ex
1740 1549 2039 1601 concubinis
2067 1560 2234 1615 παίω,

506 1650 774 1718 episcopos
799 1647 928 1715 fieri
962 1657 1113 1700 vetat.

431 1756 713 1826 Gregorius
741 1757 1016 1827 episcopus
1045 1773 1225 1809 servus
1252 1772 1524 1809 servorum
1549 1755 1650 1808 Dei
1678 1754 1886 1808 Sanctio
1913 1755 2026 1823 regi
2045 1754 2237 1826 Hispa-

283 1850 520 1907 niorum¹
558 1854 781 1907 salutem
821 1857 873 1907 et
911 1852 1251 1923 apostolicam
1288 1850 1720 1904 benedictionem.

432 1949 688 2013 Quoniam
728 1967 852 2018 erga
888 1949 1237 2003 reverentiam
1277 1952 1487 2001 sanctae
1534 1951 1586 2001 et
1625 1947 1939 2017 apostolieae
1977 1947 2114 2000 sedis
2154 1964 2236 2000 re-

283 2046 424 2114 giam
461 2045 789 2099 nobilitatem
828 2050 974 2099 tuam
1021 2046 1112 2116 pia
1150 2045 1423 2099 devotione
1470 2048 1522 2098 et
1570 2061 1746 2097 amore
1793 2044 1995 2098 fervere
2040 2043 2234 2096 intelli-

282 2142 477 2210 gimuS,
526 2146 579 2195 te
618 2146 670 2195 et
708 2160 927 2211 regnum
966 2147 1114 2196 tuum
1154 2142 1326 2210 dignis
1364 2141 1646 2195 honoribus
1687 2140 1957 2195 sublimari
1996 2140 2233 2209 cupimus

282 2243 334 2292 et
373 2238 712 2309 apostolicam
751 2238 1169 2292 benevolentiam
1205 2255 1311 2291 non
1350 2237 1518 2290 solum
1556 2237 1613 2289 in
1649 2241 1829 2290 nostro
1864 2253 2045 2290 verum
2076 2236 2231 2289 etiam

280 2335 335 2388 in
362 2351 687 2404 quocumque
716 2338 952 2406 tempore
989 2334 1087 2388 tibi
1129 2338 1180 2388 et
1219 2334 1389 2387 causis
1429 2334 1532 2386 tuis
1572 2333 1805 2386 sincerae
1844 2333 2078 2386 caritatis
2110 2330 2232 2385 affe-

281 2435 422 2485 ctum
447 2432 697 2502 praebere
725 2431 1098 2485 desideramus,
1246 2430 1508 2498 Ceterum,
1537 2429 1674 2499 quod
1700 2446 1795 2482 nos
1824 2429 1887 2483 de
1913 2446 2072 2482 causa
2096 2428 2231 2481 Ara-

283 2529 526 2596 gonensis
565 2529 896 2599 episcopatus
936 2532 988 2581 et
1013 2527 1317 2581 consuluisti
1346 2531 1398 2581 et
1422 2531 1474 2580 te
1504 2526 1885 2595 quodammodo
1911 2524 2044 2578 velle
2071 2524 2230 2591 signi-

279 2623 464 2693 ficasti,
505 2624 595 2677 diu
634 2628 686 2678 et
723 2624 946 2678 multum
984 2607 1283 2678 volventes*
1322 2627 1375 2678 et
1412 2640 1530 2677 cum
1568 2621 1691 2676 filiis
1731 2626 1940 2676 sanctae
1964 2620 2232 2674 Romanae

282 2721 529 2774 ecclesiae
567 2724 967 2791 pertractanteS,
1007 2721 1348 2789 incongruum
1374 2720 1486 2773 fore
1512 2720 1858 2790 pervidimus3
1877 2775 1881 2779 ,
1901 2718 2147 2787 quoniam
2174 2717 2230 2770 in

281 2834 340 2870 eo
380 2817 629 2871 canonica
667 2817 875 2870 decreta
909 2817 1057 2870 nobis
1096 2817 1306 2870 obviare
1332 2817 1684 2884 cognovimus.
1742 2815 1970 2869 Veniens
1998 2814 2137 2867 enim
2163 2813 2230 2866 ad

279 2930 390 2983 nos,
432 2913 566 2966 siout
590 2914 745 2980 nosti,
786 2913 1046 2966 confrater
1070 2917 1247 2966 noster
1275 2912 1518 2966 Sanctius
1544 2912 1900 2980 Aragonensis
1935 2910 2227 2981 episcopUS,

279 3010 445 3064 multa
489 3002 638 3063 nobis
687 3009 751 3062 de
798 3008 1104 3062 infirmitate
1151 3009 1383 3079 corporis
1433 3009 1514 3062 sui
1561 3024 1906 3077 conquerenS,
1957 3006 2229 3059 deserendi

280 3106 638 3176 episcopatum
680 3123 710 3158 a
748 3106 898 3159 nobis
939 3104 1244 3175 suppliciter
1270 3105 1536 3158 licentiam
1561 3104 1872 3175 postulavit,
1913 3102 2051 3171 quod
2090 3119 2224 3170 eum,

278 3202 458 3256 morbo
481 3203 744 3256 confectus
767 3206 819 3255 et
838 3219 970 3271 pene
991 3204 1346 3270 consumptuS,
1370 3201 1563 3253 diutius
1591 3200 1908 3269 competenti
1932 3198 2225 3251 ministerio

278 3315 458 3366 regere
497 3303 549 3352 et
586 3299 847 3352 custodire
883 3314 989 3350 non
1022 3297 1204 3366 possit.
1263 3296 1439 3364 Atque
1464 3300 1523 3348 ut
1547 3295 1751 3349 facilius
1778 3295 1876 3348 hoc
1900 3295 2224 3365 impetraret,

278 3394 529 3447 indicavit
565 3395 714 3448 nobis
766 3394 829 3447 de
868 3393 1067 3447 duobus
1106 3392 1332 3459 clericiS,
1384 3409 1605 3460 quorum
1652 3391 1874 3444 alterum
1922 3391 1979 3443 in
2027 3390 2224 3459 episco-

279 3493 460 3558 patum
501 3489 637 3557 eligi,
677 3495 823 3544 tuam
862 3494 914 3543 et
952 3489 1032 3542 sui
1069 3489 1236 3559 ipsius
1261 3487 1585 3541 voluntatem
1619 3491 1774 3555 atque
1800 3486 2073 3540 consilium
2112 3486 2224 3539 fore

396 3625 427 3650 a.
462 3617 518 3651 sic
546 3616 630 3652 cod.
655 3630 724 3662 pro
752 3615 922 3662 diligant.
1076 3613 1114 3650 b,
1141 3616 1196 3651 sic
1225 3614 1454 3651 Giesebrecht
1481 3615 1642 3650 correxit
1665 3612 1834 3650 volentes
1862 3627 1893 3649 c.

399 3692 439 3735 1.
470 3691 742 3748 Aragoniae.

2290 417 2404 461 1075

2272 477 2346 515 Ian.
2367 479 2416 515 22

2283 1766 2398 1810 1075

2264 1826 2341 1863 Ian.
2362 1827 2411 1864 24
