2730 4198
637 283 912 322 GRnGoRn
949 284 1030 321 vn
1065 283 1372 321 EmsToLAE
1411 282 1756 321 coLLEoTAn.
1787 282 1823 318 4.
1851 281 1886 318 5.
2121 266 2228 320 525

292 403 382 455 aut
406 401 690 454 secundum
716 401 987 454 inferiores
1015 401 1221 454 ordines
1248 400 1548 453 ministrare
1576 398 1731 452 altari
1757 397 1993 451 debeant.
2111 395 2228 450 Sta-

289 497 484 551 tuimus
524 497 706 551 etiam:
747 500 820 565 ut,
863 497 908 550 si
933 497 1037 567 ipsi
1071 500 1452 566 contemptores
1488 495 1683 548 fuerint
1706 497 2032 547 nostrarum⁰
2069 492 2229 545 immo

290 597 588 646 sanctorum
634 597 846 663 patrum
893 593 1346 659 constitutionum,
1396 591 1620 661 populus
1666 570 1809 643 nullo
1858 588 2012 642 modo
2052 604 2231 641 eorum

290 687 460 742 officia
505 689 753 759 recipiat;
803 693 885 757 ut,
939 689 1027 757 qui
1072 705 1168 758 pro
1216 703 1391 740 amore
1430 686 1514 738 dei
1552 690 1604 739 et
1641 684 1799 738 officii
1837 684 2088 752 dignitate
2125 700 2232 736 non

289 785 634 854 corriguntur,
673 785 987 839 verecundia
1025 783 1185 837 seculi
1224 786 1276 836 et
1313 781 1671 848 obiurgatione
1697 779 1878 849 populi
1903 779 2229 848 resipiscant.

292 879 510 934 Studeat
548 898 670 948 ergo
708 881 1009 934 fraternitas
1048 883 1142 932 tua
1180 878 1255 931 sic
1292 893 1348 930 se
1386 877 1441 929 in
1479 876 1560 928 his
1600 875 1755 928 rebus
1794 874 1944 927 nobis
1986 889 2232 943 coopera-

288 976 473 1030 tricem
511 976 772 1044 exhibere,
813 976 887 1029 sic
926 975 1146 1029 crimina
1181 973 1285 1026 ista
1324 972 1386 1025 de
1427 971 1657 1025 ecclesiis
1684 971 1788 1023 tuis
1815 969 2066 1022 radicitus
2095 968 2232 1022 evel-

287 1071 412 1140 lere,
453 1073 696 1142 quatinus
736 1071 858 1125 boni
894 1070 1121 1141 pastoris
1158 1068 1406 1121 meritum
1434 1067 1573 1137 apud
1598 1066 1769 1120 Deum
1795 1065 1970 1119 valeas
1997 1065 2231 1118 obtinere

290 1172 343 1222 et
377 1167 614 1222 Romana
652 1166 868 1221 ecclesia
905 1165 967 1219 de
1007 1169 1058 1218 te
1097 1165 1231 1218 sicut
1268 1163 1331 1216 de
1359 1163 1493 1218 bono
1519 1163 1682 1216 fratre
1709 1166 1761 1216 et
1787 1161 2020 1216 studioso
2047 1177 2232 1230 coope-

288 1268 463 1318 ratore
501 1264 687 1318 debeat
724 1262 964 1330 gaudere.

293 1439 349 1495 5.
399 1439 578 1493 Ottom'
600 1439 640 1491 I
669 1441 910 1509 episcopo
938 1436 1320 1490 Constantiensi
1346 1455 1449 1507 per
1485 1438 1695 1489 nuntios
1736 1438 1844 1488 eius
1882 1435 2228 1504 redirefesti-

394 1546 576 1588 nantes
625 1535 907 1604 siqnificat,
958 1536 1016 1586 in
1061 1535 1261 1604 synodo
1302 1535 1365 1585 de
1403 1535 1702 1585 simoniacis
1742 1543 1789 1585 et
1808 1532 2230 1601 fornicatoribus

396 1633 526 1700 quid
561 1641 807 1684 statutum
843 1628 956 1683 sith.

435 1738 716 1808 Gregorius
756 1740 1031 1810 episcopus
1071 1755 1250 1792 servus
1290 1755 1556 1792 servorum
1585 1738 1685 1791 Dei
1725 1737 1912 1792 dilecto
1938 1735 2228 1790 inChristo

284 1836 437 1890 fratri
464 1833 672 1890 Ottoni¹
697 1835 1084 1889 Constantiensi
1123 1835 1367 1906 episcopo
1408 1834 1632 1888 salutem
1671 1837 1723 1887 et
1761 1833 2103 1904 apostolicam
2140 1832 2229 1886 be-

278 1932 648 1986 -nedictionem

431 2028 687 2082 Instantia
710 2027 1020 2080 nunciorum
1046 2030 1254 2080 tuorum
1280 2026 1590 2080 festinanter
1614 2025 1786 2078 redire
1811 2025 2097 2079 volentium
2123 2040 2228 2077 non

284 2123 539 2193 permisit,
578 2140 673 2176 nos
698 2123 1016 2176 fraternitati
1042 2126 1180 2191 tuae,
1221 2139 1353 2192 quae
1378 2123 1434 2175 in
1459 2121 1695 2175 Romana
1721 2121 1918 2191 synodo
1945 2120 2229 2174 constituta

284 2205 430 2287 sunt,
480 2219 714 2273 seriatim
761 2219 1019 2272 intimare.
1097 2219 1239 2272 Haec
1276 2223 1453 2272 tamen
1491 2217 1783 2271 necessario
1822 2217 1917 2270 tibi
1956 2216 2230 2293 scribenda

282 2312 393 2368 fore
432 2314 673 2368 arbitrati
712 2331 916 2383 sumus,
956 2331 1052 2367 nos
1090 2315 1239 2367 iuxta
1278 2314 1641 2367 auctoritatem
1681 2317 1980 2365 sanctorum
2017 2317 2229 2382 patrum

281 2410 338 2463 in
376 2410 557 2464 eadem
597 2410 793 2481 synodo
834 2411 1148 2464 sententiam
1188 2410 1418 2463 dedisse:
1458 2413 1518 2463 ut
1542 2409 1613 2477 hi,
1655 2409 1743 2478 qui
1769 2425 1863 2479 per
1888 2408 2229 2461 simoniacam

283 2504 557 2575 haeresim,
596 2506 694 2560 hoc
732 2511 812 2561 est
847 2507 1144 2560 interventu
1181 2506 1345 2577 precii
1358 2515 1391 2575 ⁰,
1435 2505 1502 2559 ad
1542 2505 1770 2573 aliquem
1797 2520 2063 2558 sacrorum
2090 2503 2228 2556 ordi-

284 2617 410 2654 num
447 2602 667 2668 gradum
705 2606 758 2656 et
795 2602 1023 2656 officium
1060 2603 1288 2673 promoti
1315 2606 1452 2671 sunt,
1492 2601 1696 2655 nullum
1722 2601 1776 2654 in
1805 2604 1986 2653 sancta
2011 2599 2230 2653 ecclesia

283 2694 502 2749 ulterius
548 2698 882 2751 ministrandi
927 2699 1099 2751 locum
1144 2699 1395 2766 habeant3
1445 2698 1525 2751 illi
1574 2714 1804 2766 quoque,
1858 2696 1947 2765 qui
1985 2696 2227 2749 ecclesias

286 2791 495 2846 datione
540 2794 792 2863 pecuniae
839 2794 1099 2863 obtinent,
1150 2795 1362 2848 omnino
1413 2811 1500 2848 eas
1550 2793 1800 2864 perdant,
1848 2808 1944 2845 nec
1983 2792 2227 2862 deinceps

283 2887 508 2942 vendere
545 2889 629 2943 vel
667 2906 838 2943 emere
877 2889 1032 2943 alicui
1067 2890 1250 2957 liceat3
1292 2891 1384 2944 sed
1421 2889 1638 2957 necilli,
1681 2889 1770 2958 qui
1796 2888 1852 2940 in
1878 2887 2095 2941 crimine
2120 2887 2227 2940 for—

281 2983 557 3038 nicationis
604 2985 800 3054 iacent,
852 2986 1040 3039 missas
1079 2986 1341 3040 celebrare
1381 2990 1472 3040 aut
1510 2985 1795 3039 secundum
1832 2983 2104 3037 inferiores
2144 3000 2227 3036 or-

282 3079 428 3133 dines
467 3081 766 3135 ministrare
806 3081 961 3135 altari
998 3081 1235 3135 debeant.
1371 3081 1661 3136 Statuimus
1702 3080 1886 3134 etiam:
1925 3083 2000 3147 ut,
2043 3080 2088 3132 si
2124 3079 2229 3149 ipsi

283 3179 664 3247 contemptores
712 3178 908 3232 fuerint
955 3181 1254 3231 nostrarum
1303 3178 1463 3231 immo
1514 3181 1814 3231 sanctorum
1851 3179 2064 3246 patrum
2103 3191 2226 3228 con-

283 3272 628 3342 stitutionum,
668 3274 893 3344 populus
931 3274 1074 3327 nullo
1113 3274 1268 3326 modo
1309 3290 1487 3327 eorum
1528 3272 1700 3326 officia
1736 3272 1981 3342 recipiat3
2022 3275 2096 3339 ut,
2138 3271 2227 3339 qui

282 3383 377 3437 pro
429 3385 604 3424 amore
641 3369 743 3424 Dei
789 3373 841 3423 et
889 3348 1046 3423 officii
1084 3369 1339 3437 dignitate
1375 3386 1479 3422 non
1520 3370 1874 3437 corriguntur,
1914 3366 2228 3420 verecundia

397 3532 430 3558 a.
463 3523 675 3561 nostrarum
707 3538 776 3561 om.
805 3539 836 3562 c.
999 3522 1036 3560 b.
1070 3524 1224 3573 Legitur
1260 3519 1297 3569 1)
1328 3535 1389 3569 ap.
1420 3523 1581 3559 Paulum
1616 3522 1784 3560 Ber-mid.
1822 3537 1852 3558 c.
1873 3521 1944 3568 36,
1980 3523 2090 3559 Pont.
2117 3524 2225 3558 Rom.

286 3587 360 3624 Vit.
378 3587 434 3624 ed.
459 3590 664 3628 Walter-ich
693 3594 714 3628 I
738 3591 827 3637 490,
856 3587 892 3636 2)
923 3604 984 3638 ap.
1006 3592 1139 3626 Mansi
1165 3591 1275 3627 Cone.
1300 3591 1387 3626 XX
1407 3588 1496 3625 404.
1654 3599 1686 3626 c.
1724 3588 1905 3636 pecuniae
1934 3588 1970 3624 1.

402 3667 508 3710 1.Ι.

2264 404 2379 448 1074

2267 463 2375 502 Mart.

2263 1749 2378 1792 1074

2264 1809 2373 1847 Mart.
