2782 4198
493 247 602 300 200
992 259 1265 298 GREGORH
1302 259 1380 295 vn
1417 256 1681 295 REGIs'rm
1717 258 1760 294 11
1787 256 1848 294 75.
1877 257 1938 294 76.

324 380 439 426 1075
494 377 739 446 quoniam
778 393 910 446 pene
958 376 1069 429 sine
1116 375 1290 427 fructu
1326 373 1594 441 videntur,
1642 372 1802 426 verba
1846 377 2027 427 nostra
2073 371 2434 428 tantummodo

307 442 396 491 Apr.
416 442 465 480 ¹⁷
494 472 687 526 orando
728 475 1088 525 convertamus
1129 469 1194 522 ad
1234 468 1501 522 dominum
1529 484 1710 535 regum
1741 471 1793 521 et
1819 468 1973 522 deum
1998 467 2270 523 ultionum.
2333 469 2436 523 Sed

495 569 615 636 quia
654 568 861 632 scimuS‚
903 569 954 619 te
994 568 1046 618 et
1082 565 1422 618 fortissimam
1461 567 1669 631 gentem
1694 566 1856 632 tuam,
1898 581 2028 632 quae
2053 565 2200 618 freno
2229 565 2435 635 sapien-

492 664 598 716 tiae
635 667 755 715 tuae
793 661 1110 727 moderatur,
1151 661 1289 714 circa
1326 663 1548 713 matrem
1589 659 1821 712 omnium
1848 659 2182 714 ecclesiarum
2207 660 2435 714 debitam

493 758 839 811 reverentiam
866 756 1125 824 exhibere,
1163 772 1294 825 quae
1320 758 1465 809 tanto
1494 758 1573 808 est
1595 754 1746 808 beato
1771 754 1927 808 Petro
1957 755 2203 808 humilior
2242 759 2435 824 quanto

493 854 549 906 in
585 851 889 905 fortitudine
934 868 1029 903 sua
1067 851 1360 919 sublimior,
1409 851 1525 904 ideo
1572 850 1669 903 tibi
1721 850 2056 904 dilectissimo
2104 850 2210 904 filio
2257 855 2436 904 nostro

492 948 697 1002 litteras
735 946 992 1000 mittimus
1032 950 1186 1015 atque
1214 950 1432 1017 paterna
1460 945 1727 1000 affectione
1753 946 2088 999 mandamus:
2128 951 2202 1014 ut,
2242 947 2288 999 si
2315 947 2439 1015 quid

496 1048 598 1111 est,
637 1043 775 1096 unde
811 1042 1014 1110 indiges
1055 1042 1192 1110 quod
1231 1043 1511 1096 auctoritas
1549 1042 1814 1094 Romanae
1853 1041 2100 1095 ecclesiae
2138 1042 2306 1112 possit
2341 1041 2438 1096 tibi

494 1140 629 1192 iuste
667 1138 864 1207 largiri,
903 1155 997 1208 per
1033 1134 1250 1190 nuncios
1285 1142 1402 1190 tuos
1442 1142 1494 1190 et
1529 1155 1624 1207 per
1661 1138 1781 1205 hos,
1824 1154 1952 1206 quos
1990 1154 2127 1190 nunc
2165 1138 2438 1206 mittimus,

495 1230 644 1288 nobis
683 1238 867 1287 notum
903 1233 1089 1299 facias3
1132 1237 1402 1302 quatenUS,
1441 1234 1496 1286 in
1521 1231 1885 1302 quantumfas
1914 1238 2008 1299 est,
2049 1237 2101 1286 te
2127 1234 2440 1287 honoremus

497 1334 549 1383 et
584 1329 907 1399 praedictam
945 1329 1294 1382 reverentiam
1331 1329 1644 1382 nobilissimi
1682 1330 1830 1396 regni
1866 1330 1946 1382 tui
1973 1329 2162 1382 merita
2188 1329 2441 1396 dignitate

497 1426 762 1478 donemus.
820 1424 1019 1477 Bonam
1061 1424 1198 1476 enim
1235 1424 1430 1477 famam
1471 1425 1534 1478 de
1571 1428 1623 1477 te
1664 1425 1987 1494 accepimus3
2029 1442 2161 1494 quae
2198 1425 2440 1494 precibus

497 1520 637 1573 beati
682 1519 826 1573 Petri
874 1522 926 1572 et
971 1518 1121 1571 Pauli
1169 1517 1450 1588 nunquam
1490 1523 1541 1572 te
1593 1520 1822 1588 deserat,
1880 1521 2040 1573 immo
2099 1521 2165 1573 ad
2221 1521 2442 1588 gloriam

497 1615 767 1683 utriusque
804 1614 942 1668 vitae
981 1615 1370 1683 capessendam,
1409 1619 1469 1668 ut
1507 1612 1877 1684 desideramuS,
1919 1616 2210 1670 cumuletur
2236 1633 2443 1686 semper

498 1715 549 1763 et
587 1714 800 1763 crescat.
954 1709 1085 1772 Quia
1109 1727 1231 1763 vero
1273 1711 1411 1780 apud
1438 1715 1817 1764 antecessorem
1842 1715 2079 1764 nostrum
2114 1712 2297 1766 beatae
2333 1729 2442 1766 me-

496 1806 693 1859 moriae
730 1805 1091 1858 Alexandrum
1131 1806 1387 1874 quaedam
1425 1807 1699 1876 expetisti,
1749 1807 1935 1875 quibus
1980 1807 2192 1860 beatum
2229 1807 2442 1861 Petrum

499 1902 781 1958 debitorem
823 1901 1046 1970 facereS,
1096 1902 1256 1955 immo
1303 1901 1402 1954 tibi
1450 1906 1501 1955 et
1547 1918 1706 1970 regno
1746 1906 1835 1955 tuo
1884 1902 2058 1956 nobile
2095 1903 2444 1973 patrocinium

500 1999 610 2052 eius
650 1999 971 2067 acquireres,
1019 2014 1114 2067 per
1153 1997 1360 2051 eosdem
1398 1998 1597 2066 legatos
1636 1998 1877 2052 mandes:
1918 2002 2096 2051 utrum
2135 1999 2317 2052 eadem
2355 2016 2445 2053 vo-

498 2087 672 2148 luntas
712 2094 796 2162 sit,
838 2110 903 2146 an
941 2088 1101 2147 fuerit
1137 2110 1294 2163 passa
1332 2094 1607 2162 defectum,
1649 2099 1761 2162 aut,
1804 2095 1940 2162 quod
1978 2095 2147 2162 magis
2187 2098 2443 2165 optamUS,

502 2190 790 2260 susceperit
829 2193 1178 2256 augmentum.
1237 2189 1350 2257 Ego
1392 2190 1531 2242 enim
1570 2206 1683 2243 cum
1720 2190 1775 2242 in
1803 2190 2250 2249 archidiaconatus
2277 2189 2444 2244 officio

503 2302 687 2353 essem,
725 2285 950 2337 multum
976 2284 1259 2353 diligebam
1281 2288 1333 2338 te
1359 2288 1426 2353 et,
1465 2289 1525 2338 ut
1548 2286 1678 2338 mihi
1703 2286 1992 2354 videbatur,
2032 2285 2284 2353 diligebar
2319 2303 2350 2338 a
2374 2289 2441 2339 te.

504 2380 607 2434 Sed
643 2380 734 2433 ubi
772 2380 1034 2450 pastorale
1074 2375 1328 2448 officium,
1379 2381 1516 2449 quod
1560 2382 1617 2433 in
1669 2381 1943 2434 dilectione
1982 2381 2082 2434 Dei
2131 2385 2182 2434 et
2216 2381 2445 2451 proximi

504 2476 652 2544 quasi
677 2476 731 2528 in
757 2475 1094 2528 fundamento
1121 2476 1375 2544 consistit,
1413 2475 1537 2529 licet
1563 2476 1808 2544 indignus
1840 2477 2031 2547 accepi,
2072 2477 2262 2530 caritas
2290 2493 2446 2545 quam

503 2564 784 2624 habueram
827 2571 964 2623 circa
989 2574 1041 2624 te
1067 2571 1234 2623 maior
1258 2572 1397 2624 facta
1423 2575 1526 2638 est3
1568 2589 1716 2641 quae,
1755 2576 1808 2626 te
1832 2571 2135 2643 proficiente
2160 2572 2216 2625 in
2241 2573 2444 2641 meliuS,

505 2683 710 2737 semper
744 2666 800 2718 in
824 2666 1077 2719 maiorem
1112 2667 1330 2734 gradum
1358 2666 1469 2720 Deo
1504 2669 1738 2738 propicio
1766 2673 2030 2737 augeatur.
2089 2668 2228 2722 Data
2250 2668 2445 2723 Romae

509 2762 576 2815 15
615 2761 877 2815 Kalendas
914 2760 1057 2830 Maii,
1097 2762 1379 2816 indictione
1423 2765 1506 2815 13.

506 2932 556 2992 Π
592 2936 691 2994 76.
725 2939 1194 3009 Bamberyensibus
1221 2939 1604 2992 Herimannum
1629 2941 1668 2993 I
1690 2942 1929 2994 ecelesiae
1957 2960 2132 2995 eoram
2155 2945 2447 2994 invasorem

729 3036 986 3087 demotum
1009 3037 1230 3088 nuntiat.
1267 3036 1555 3105 Praecipit,
1583 3055 1647 3088 ne
1673 3039 1997 3107 episcopatus
2017 3038 2153 3090 bona
2171 3039 2443 3107 diripiant.

340 3155 454 3198 1075
655 3142 936 3211 Gregorius
985 3145 1256 3215 episcopus
1305 3160 1484 3198 servus
1535 3162 1802 3198 servorum
1840 3146 1940 3199 Dei
1988 3147 2124 3200 clero
2164 3150 2216 3199 et
2252 3146 2445 3216 populo

320 3215 411 3262 Apr'
431 3216 479 3251 2⁰
507 3239 954 3308 Babenbergensis
996 3240 1241 3294 ecclesiae
1281 3240 1501 3294 salutem
1552 3244 1603 3294 et
1641 3241 1976 3310 apostolicam
2016 3241 2443 3295 benedictionem.

655 3335 851 3389 Notum
878 3340 956 3389 est
979 3353 1112 3406 pene
1139 3337 1378 3390 omnibus
1402 3336 1459 3389 in
1485 3336 1780 3389 Teutonicis
1810 3336 2048 3406 partibus
2073 3337 2445 3406 habitantibuS,

512 3431 651 3499 quod
674 3431 1120 3500 Babenbergensis
1147 3432 1364 3486 ecclesia
1389 3432 1628 3502 specialis
1657 3431 2033 3500 quodammodo
2067 3431 2176 3485 filia
2202 3433 2449 3486 adhaeret

511 3527 670 3578 matri
708 3543 830 3580 suae
868 3527 1132 3581 Romanae
1171 3528 1434 3596 ecclesiae,
1475 3528 1558 3580 cui
1581 3527 1693 3581 Deo
1724 3530 1932 3580 auctore
1969 3527 2288 3581 deservimus
2325 3528 2448 3589 licet

511 3621 728 3689 indigni.
766 3621 846 3676 Ac
868 3623 1087 3692 proinde
1111 3627 1256 3676 tanto
1285 3622 1556 3677 sollicitius
1576 3622 1877 3691 vigilantiae
1894 3626 2102 3677 nostrae
2121 3640 2217 3677 nos
2244 3627 2449 3694 oportet
