2782 4198
838 340 1114 379 GREGORII
1150 341 1230 378 vn
1266 340 1532 380 REGISTRI
1567 341 1625 378 1v
1652 342 1689 377 2.
2131 324 2239 377 243

295 459 436 512 nitus
462 456 562 511 sibi
594 457 782 512 collata
818 457 1099 529 principali
1135 461 1411 529 potestate,
1451 456 1747 529 spiritualia
1785 455 2067 510 decernens
2107 454 2241 508 diiu-
2295 460 2410 503 1076

296 554 458 622 dicat,
497 570 589 608 cur
635 571 740 608 non
789 558 842 608 et
888 554 1173 608 secularia?
1228 553 1395 623 Reges
1445 554 1656 624 quidem
1694 557 1746 607 et
1782 552 2048 624 principes
2085 551 2240 604 huius
2270 520 2365 567 Aug'
2385 520 2433 558 ²⁵

296 650 483 719 seculi,
542 651 630 719 qui
688 650 937 704 honorem
996 667 1148 703 suum
1200 654 1253 704 et
1306 650 1453 703 lucra
1499 648 1813 719 temporalia
1858 648 2090 702 iustitiae
2141 646 2241 701 Dei

294 750 623 816 praeponunt
661 747 873 816 eiusque
910 747 1162 800 honorem
1200 745 1508 814 negligendo
1538 745 1813 816 proprium
1840 747 2112 813 quaerunt,
2153 759 2241 796 cu-

294 842 375 895 ius
426 842 532 895 sint
576 843 812 896 membra
850 843 997 897 cuive
1036 842 1377 910 adhaereant,
1429 845 1605 894 vestra
1641 857 1747 893 non
1784 841 1993 908 ignorat
2031 839 2238 893 caritas,

294 937 428 992 Nam
470 939 605 993 sicut
641 939 736 1007 illi,
778 939 867 1009 qui
907 939 1048 992 omni
1088 955 1211 991 suae
1250 936 1507 991 voluntati
1532 935 1703 990 Deum
1738 939 2069 1006 praeponunt
2107 937 2242 989 eius—

297 1051 397 1104 que
442 1039 722 1105 praecepto
768 1034 886 1105 plus
937 1051 1092 1104 quam
1140 1033 1436 1086 hominibus
1486 1032 1791 1100 oboediunt,
1839 1032 2078 1086 membra
2122 1035 2244 1085 sunt

297 1129 491 1184 Christi
506 1127 534 1200 ¹,
573 1131 648 1184 ita
686 1135 738 1184 et
761 1130 855 1198 illi,
897 1130 960 1184 de
994 1129 1178 1199 quibus
1215 1146 1374 1199 supra
1413 1128 1659 1196 diximus,
1699 1127 1935 1182 membra
1962 1132 2084 1182 sunt
2109 1128 2242 1182 anti-

297 1226 493 1280 christi.
544 1226 600 1280 Si
628 1243 748 1294 ergo
777 1225 1073 1296 spirituales
1099 1225 1217 1293 viri,
1258 1241 1377 1278 cum
1404 1228 1633 1295 oportet,
1673 1224 1988 1294 iudicantur,
2020 1240 2112 1278 cur
2137 1241 2243 1277 non

297 1321 555 1375 seculares
595 1322 818 1392 amplius
856 1322 920 1376 de
960 1321 1068 1375 suis
1106 1321 1283 1392 pravis
1324 1320 1525 1374 actibus
1565 1320 2051 1390 constringantur⁸?

444 1417 547 1471 Sed
583 1418 715 1471 forte
752 1421 956 1487 putant,
998 1417 1135 1487 quod
1171 1417 1318 1486 regia
1355 1417 1583 1485 dignitas
1623 1417 1972 1488 episcopalem
2011 1416 2244 1487 praecel-

294 1512 384 1566 lat.
441 1512 526 1567 Ex
566 1513 776 1567 earumh
812 1514 1086 1584 principiis
1126 1513 1368 1582 colligere
1406 1517 1642 1583 possunt,
1683 1517 1936 1583 quantum
1963 1530 1994 1566 a
2020 1529 2075 1567 se
2101 1517 2243 1566 utra-

296 1626 394 1678 que
442 1608 702 1663 differunt.
780 1609 931 1663 Illam
980 1609 1189 1679 quidem
1238 1608 1483 1680 superbia
1528 1609 1758 1662 humana
1803 1610 2060 1680 repperit,
2109 1609 2244 1663 hanc

295 1704 472 1758 divina
510 1694 686 1776 'pietas
723 1706 967 1759 instituit.
1028 1705 1152 1759 Illa⁰
1193 1722 1382 1759 vanam
1428 1705 1649 1774 gloriam
1686 1706 2009 1759 incessanter
2049 1709 2241 1776 captat,

293 1801 422 1855 haec
473 1802 539 1855 ad
586 1802 863 1856 coelestem
911 1802 1076 1856 vitam
1125 1819 1331 1871 semper
1378 1802 1591 1871 aspirat.
1661 1801 1732 1855 Et
1771 1801 2067 1870 addiscant,
2119 1802 2244 1871 quid

294 1896 477 1951 beatus
503 1898 815 1953 Anastasius
854 1915 993 1969 papa
1018 1897 1299 1952 Anastasio
1338 1897 1646 1968 imperatori
1685 1898 1748 1952 de
1785 1898 1867 1951 his
1901 1898 2242 1966 dignitatibus

296 1991 619 2064 scripserit²;
675 1999 727 2049 et
774 1995 898 2065 quid
945 1994 1128 2048 beatus
1176 1993 1486 2047 Ambrosius
1534 1994 1591 2047 in
1639 2011 1731 2048 suo
1781 1990 2064 2065 pastorali³
2107 1995 2244 2048 inter

293 2088 388 2142 has
439 2090 719 2158 dignitates
765 2091 1076 2145 decreverit:
1127 2092 1316 2144 Honor
1351 2090 1593 2159 inquiens
1633 2102 1681 2144 et
1716 2092 2005 2145 sublimitas
2046 2094 2242 2163 episco-

290 2187 432 2256 palis
469 2186 659 2239 nullisd
689 2190 890 2258 poterit
928 2189 1404 2258 comparationibus
1444 2189 1750 2257 adaequari.
1816 2187 1884 2241 Si
1916 2207 2097 2258 reyum
2119 2189 2242 2257 ful-

289 2285 413 2352 ροντ’
444 2302 710 2353 compares
748 2294 794 2336 et
812 2286 1121 2354 principum
1157 2285 1460 2349 diademati,
1505 2285 1654 2354 Zonqe
1681 2285 1779 2336 erit
1801 2284 2043 2353 inferiae,
2087 2303 2245 2354 quam

293 2380 342 2430 ei
370 2379 581 2448 plumbi
613 2380 877 2431 ‘metallum
915 2381 988 2432 ad
1023 2379 1428 2450 aurifulqorem
1455 2399 1737 2451 compares,
1797 2378 1941 2432 Haec
1965 2397 2071 2432 non
2096 2380 2245 2448 igno-

292 2489 432 2541 ranS,
473 2473 845 2528 Constantinus
871 2473 1093 2543 Magnus
1131 2475 1419 2545 imperator
1457 2492 1562 2528 11011
1599 2476 1829 2546 primum
1869 2476 2114 2530 sessionis
2154 2476 2246 2530 sed

294 2568 536 2622 ultimum
565 2570 703 2623 inter
730 2571 1002 2641 episcopos
1030 2571 1187 2640 elegit
1210 2567 1440 2639 locum⁴;
1483 2572 1635 2625 scivit
1660 2572 1815 2641 enim,
1857 2573 1980 2641 quia
2006 2572 2244 2642 superbis

295 2663 438 2718 Deus
475 2665 688 2734 resistit,
728 2665 1011 2720 humilibus
1050 2667 1142 2721 dat
1179 2667 1404 2736 gratiam
1415 2664 1449 2721 ⁵.

443 2760 649 2814 Interea
694 2766 877 2814 notum
925 2763 993 2816 sit
1035 2763 1353 2818 fraternitati
1389 2767 1539 2833 tuae,
1592 2764 1739 2834 quia,
1786 2764 1977 2818 litteris
2017 2765 2243 2834 acceptis

296 2856 641 2925 quorumdam
669 2856 893 2910 fratrum
917 2863 1215 2912 nostrorum
1255 2860 1560 2930 praesulum
1599 2865 1651 2914 et
1685 2860 1892 2928 ducum,
1935 2860 2244 2914 auctoritate

294 2952 610 3022 apostolicae
661 2952 798 3006 sedis
846 2952 1112 3007 licentiam
1155 2955 1393 3009 dedimus
1431 2956 1512 3010 his
1553 2956 1836 3027 episcopis:
1889 2957 2244 3010 excommuni-

294 3053 437 3102 catos
489 3066 520 3101 a
565 3048 715 3102 nobis
765 3048 1057 3117 absolvere,
1109 3050 1199 3118 qui
1246 3068 1352 3105 non
1389 3053 1678 3107 timuerunt
1717 3069 1772 3106 se
1813 3069 1844 3105 a
1881 3053 2243 3106 communione

292 3145 430 3213 regis
470 3144 748 3198 abstinere.

440 3240 520 3294 De
557 3241 672 3312 ipso
713 3244 888 3294 autem
924 3258 1045 3309 rege
1085 3242 1296 3295 omnino
1336 3243 1774 3297 contradiximus:
1815 3248 1874 3297 ut
1909 3243 2093 3309 nullus,
2124 3260 2243 3296 eum

409 3375 442 3402 a.
477 3366 784 3412 constringuntur
811 3381 841 3402 c.
949 3365 984 3402 b.
1015 3377 1144 3403 eorum
1169 3382 1199 3403 c.
1305 3377 1337 3404 c.
1364 3367 1430 3405 illa
1448 3383 1480 3404 c.
1585 3367 1622 3404 d.
1648 3368 1763 3405 nullis
1789 3387 1828 3393 —
1852 3367 2053 3416 adaequari
2071 3383 2140 3404 om.
2157 3369 2242 3405 cod.

297 3432 356 3475 Cf.
387 3433 431 3468 L.
457 3433 557 3469 VIII
579 3446 633 3479 ep.
656 3433 679 3468 2
707 3439 742 3468 et
768 3446 822 3479 ep.
845 3433 894 3469 60
922 3434 1036 3477 infra.

412 3510 453 3552 1.
487 3511 511 3553 1
534 3509 734 3554 Corinth.
757 3511 797 3566 6,
822 3510 891 3554 15.
1043 3511 1084 3554 2.
1119 3509 1186 3554 Cf.
1218 3509 1454 3554 Anastasii
1482 3511 1527 3554 II
1556 3523 1703 3568 papae
1733 3506 1970 3568 epistolam
2001 3524 2073 3568 ap.
2096 3511 2243 3555 Mansi

294 3581 405 3626 VIII
434 3583 534 3626 188.
682 3584 724 3627 3.
757 3584 854 3627 sive
889 3583 994 3640 „De
1028 3583 1248 3639 dignitate
1280 3583 1582 3628 sacerdotali“
1614 3583 1741 3641 libro,
1773 3597 1908 3641 quem
1930 3583 1976 3628 S.
1998 3583 2241 3629 Ambrosio

296 3659 640 3710 supposuerunt.
694 3656 751 3701 V.
792 3655 906 3713 Opp.
939 3657 1010 3700 ed.
1043 3657 1302 3713 Benedict.,
1349 3657 1533 3701 Parisiis
1574 3658 1711 3715 1690,
1758 3658 1813 3701 T.
1842 3657 1888 3702 11
1926 3671 2029 3714 app.
2068 3671 2112 3714 p.
2137 3658 2238 3702 359.

295 3726 340 3771 4.
369 3727 426 3772 V.
442 3727 557 3772 Hist.
574 3729 768 3785 Tripart.
785 3730 830 3773 II
850 3743 888 3774 c.
906 3732 948 3787 5,
971 3729 1229 3775 Cassiodori
1249 3730 1360 3787 Opp.
1379 3731 1451 3775 ed.
1470 3730 1681 3776 Garetius
1700 3730 1724 3775 I
1743 3732 1845 3776 226.
1965 3731 2007 3776 5.
2029 3731 2120 3776 Iac.
2137 3731 2179 3788 4,
2198 3732 2239 3775 6.

1790 3804 1887 3849 164⁵
