2730 4198
623 262 899 301 GREGORII
936 264 1015 300 vn
1052 263 1363 301 EPISTOLAE
1402 262 1748 301 COLLEGTAE.
1779 253 1928 299 11.12.
2137 248 2244 302 533

301 381 404 435 tori
440 385 530 434 tuo
563 380 894 448 adiutorium,
937 397 1266 451 summopere
1290 397 1528 451 procura.
1587 379 1736 448 Quia,
1777 379 1821 432 si
1846 378 2122 449 pulchrum
2149 383 2244 448 est,
2312 387 2428 431 1074

300 481 360 530 ut
397 476 609 545 quidam
647 476 842 544 dicunt,
883 494 979 546 pro
1019 477 1193 546 patria
1231 477 1365 530 mori
1382 474 1410 545 ¹,
1450 475 1861 547 pulcherrimum
1902 478 1982 528 est
2007 491 2068 528 36
2091 474 2244 528 valde
2260 446 2380 494 ’ΨΜ
2398 446 2478 494 16)

301 573 611 642 gloriosum,
664 589 873 626 carnem
921 573 1254 626 morticinam
1301 588 1399 642 pro
1439 571 1647 625 Christo
1694 571 1846 639 dare,
1898 570 1986 639 qui
2034 574 2113 623 est
2159 587 2245 624 ae-

300 674 451 724 terna
485 669 609 723 vita.

450 764 617 819 Credo
668 765 833 818 enim:
892 764 1084 819 multos
1131 763 1324 817 milites
1374 764 1430 816 in
1479 762 1574 815 tali
1617 761 1795 815 labore
1844 760 1994 814 nobis
2043 761 2243 827 favere3

299 863 469 933 ipsam
518 862 677 915 etiam
724 865 956 915 nostram
1005 855 1420 930 imperatricem²
1464 858 1737 911 nobiscum
1784 857 1851 910 ad
1898 856 2016 910 illas
2064 860 2244 926 partes

299 958 433 1013 velle
480 959 684 1026 venire,
730 961 884 1025 teque
931 972 1105 1010 secum
1155 955 1368 1021 ducere,
1418 957 1586 1006 matre
1633 949 1753 1006 tua³
1791 953 1845 1005 in
1884 952 2122 1022 partibus
2162 953 2244 1006 his

299 1054 483 1109 relicta
529 1071 624 1125 pro
671 1053 880 1107 tuendis
927 1052 1082 1106 rebus
1123 1049 1514 1116 communibus3
1564 1049 1688 1117 quia
1724 1048 1801 1102 sic
1837 1052 1949 1102 tute
1960 1057 1994 1116 ¹¹,
2035 1048 2242 1102 Christo

298 1151 526 1218 iuvante,
566 1166 835 1220 possemus
874 1148 1018 1201 abire
1029 1147 1063 1200 b.

446 1245 671 1300 Proinde
709 1244 946 1314 predicta
981 1242 1310 1312 imperatrix,
1352 1258 1509 1295 causa
1547 1240 1798 1294 orationis
1836 1239 2067 1308 veniens,
2107 1240 2243 1294 mul-

299 1347 380 1396 tos
420 1342 487 1396 ad
522 1341 621 1394 hoc
658 1358 788 1411 opus
826 1356 932 1393 una
968 1343 1138 1392 tecum
1167 1342 1345 1408 posset
1370 1338 1619 1390 animare.
1678 1336 1791 1405 Ego
1820 1341 2010 1403 autem,
2052 1336 2243 1389 talibus

299 1442 511 1492 ornatus
539 1437 819 1504 sororibuS,
845 1435 1190 1489 libentissime
1216 1451 1362 1487 mare
1386 1434 1684 1502 transirem,
1711 1439 1771 1487 ut
1796 1433 2024 1487 animam
2052 1449 2241 1501 meam,

298 1534 343 1587 si
381 1536 657 1604 oporteret,
696 1532 967 1586 vobiscum
1005 1548 1101 1601 pro
1130 1530 1337 1584 Christo
1376 1547 1654 1600 ponerem3
1697 1546 1826 1599 quas
1864 1529 1994 1582 mihi
2034 1545 2242 1598 semper

296 1630 447 1700 cupio
485 1630 540 1682 in
579 1633 793 1682 aeterna
829 1628 1002 1698 patria
1041 1627 1304 1681 adherere.

442 1725 577 1788 Quid
616 1742 773 1794 super
811 1724 908 1777 hac
945 1741 1001 1777 re
1042 1728 1094 1776 et
1132 1723 1195 1776 de
1234 1727 1324 1776 tuo
1367 1722 1593 1775 adventu
1617 1721 1839 1775 Romam
1864 1721 1961 1775 tibi
1984 1721 2240 1788 videatur,

299 1821 549 1875 citissime
586 1837 811 1891 procura
847 1820 1156 1885 rescribere3
1199 1836 1354 1887 quam
1381 1818 1637 1871 Dominus
1678 1819 2007 1888 omnipotens
2048 1817 2110 1870 de
2137 1817 2243 1875 vir-

298 1922 408 1971 tute
464 1918 519 1970 in
568 1918 817 1970 virtutem
866 1916 1098 1969 ducendo
1147 1916 1388 1983 dignetur
1435 1914 1769 1982 benedicere,
1826 1918 1886 1968 ut
1931 1913 2242 1966 universalis

296 2017 464 2067 mater
501 2013 656 2080 longo
695 2017 931 2083 tempore
971 2012 1033 2065 de
1073 2015 1154 2064 te⁰
1194 2011 1362 2082 possit
1399 2010 1640 2079 gaudere.

302 2189 399 2246 12.
446 2192 781 2262 Isc'prandum
806 2191 1121 2243 sacerdotem
1140 2190 1601 2253 Mediolanensem,
1629 2207 1758 2241 naso
1785 2200 1833 2242 et
1858 2189 2072 2240 auribus
2092 2198 2239 2240 trun-

444 2298 628 2351 catum,
673 2287 969 2340 consolatur
1009 2289 1219 2355 eiusque
1249 2288 1625 2356 protectionem
1662 2283 1927 2355 suscipitd.
2206 2289 2209 2291 ’

441 2396 722 2464 Gregorius
773 2397 1048 2466 episcopus
1101 2413 1279 2449 servus
1319 2412 1589 2449 servorum
1627 2394 1727 2448 Dei
1765 2393 2030 2464 Liprando
2070 2409 2242 2447 sacer·
2276 2398 2390 2442 1075

295 2489 432 2546 doti⁴
471 2493 692 2546 salutem
731 2497 782 2546 et
821 2492 1162 2562 apostolicam
1201 2492 1630 2545 benedictionem.

445 2587 500 2641 Si
548 2592 846 2642 sanctorum
893 2589 1201 2641 memoriam
1249 2605 1585 2654 veneramur,
1636 2586 1699 2640 de
1748 2602 1968 2655 quorum
2017 2585 2240 2653 legimus

295 2687 462 2736 morte
489 2686 540 2736 et
576 2683 889 2737 abscisione⁰
917 2684 1293 2751 membrorum3
1334 2684 1378 2737 si
1406 2684 1713 2754 patientiam
1738 2682 2012 2735 laudamus
2042 2699 2237 2750 eorum,

296 2796 424 2848 quos
464 2797 494 2832 a
521 2778 716 2833 Christi
752 2779 853 2832 fide
889 2780 1012 2833 1166ῐ
1050 2781 1252 2848 gladius
1291 2797 1388 2834 nec
1426 2780 1535 2833 ulla
1573 2797 1744 2850 poena
1779 2779 1983 2844 divisit3
2023 2782 2082 2830 tu
2113 2795 2239 2846 quo-

296 2891 411 2943 que,
453 2875 652 2929 absciso
691 2892 819 2928 naso
860 2881 911 2929 et
951 2876 1160 2929 auribus
1201 2893 1295 2946 pro
1324 2876 1520 2929 Christi
1556 2876 1784 2944 nomine,
1823 2873 2136 2927 laudabilior
2166 2891 2237 2942 es,

295 2971 384 3040 qui
424 2971 489 3024 ad
528 2988 643 3025 eam
683 2971 905 3039 gratiam
944 2972 1243 3042 pertingere
1282 2973 1546 3040 meruisti,
1596 2989 1728 3040 quae
1769 2971 1832 3025 ab
1872 2969 2111 3023 omnibus
2151 2969 2239 3023 de-

294 3067 572 3122 sideranda
620 3071 723 3135 est,
774 3084 877 3136 qua
926 3084 957 3120 a
1001 3068 1218 3136 sanctiS,
1268 3069 1314 3122 si
1349 3067 1769 3139 perseveraveris
1807 3067 1863 3119 in
1901 3065 2085 3134 finem,
2134 3082 2239 3118 non

294 3164 575 3234 discrepas
644 3163 922 3231 Integritas
963 3164 1172 3233 quidem
1211 3165 1443 3234 corporis
1483 3165 1561 3218 tui
1600 3164 1860 3217 diminuta
1896 3167 1990 3230 est,
2032 3161 2122 3215 sed
2158 3162 2239 3215 in-

292 3261 453 3314 terior
490 3260 662 3328 hom0,
704 3260 793 3328 qui
829 3263 1112 3313 renovatur
1151 3260 1215 3313 de
1254 3260 1337 3314 die
1373 3260 1429 3313 in
1467 3260 1623 3329 diem,
1661 3276 1910 3327 magnum
1946 3258 2237 3312 sanctitatis

408 3389 441 3415 a.
470 3378 525 3415 sic
551 3379 632 3415 tute
659 3380 797 3425 scripsi
817 3392 887 3426 pro
917 3350 1046 3415 sancte
1072 3378 1131 3414 ed.
1247 3376 1285 3414 b.
1312 3377 1416 3414 adire
1442 3378 1501 3414 ed.
1627 3388 1658 3414 6.
1687 3377 1775 3414 dote
1802 3377 1860 3413 ed.
1978 3376 2015 3413 d.
2051 3378 2111 3412 Ex
2139 3378 2239 3414 Lan-

295 3445 389 3489 duffi
417 3444 463 3480 de
489 3446 528 3483 S.
551 3446 674 3481 Paulo
702 3445 858 3481 historia
890 3445 1176 3487 Mediolanensi,
1207 3458 1269 3491 ap.
1300 3445 1545 3480 Muratorium
1572 3445 1657 3480 Rer.
1685 3445 1730 3479 lt.
1758 3443 1825 3480 SS.
1860 3443 1900 3479 V
1919 3442 2008 3479 477.
2113 3454 2145 3479 e.
2173 3441 2237 3479 ab·

293 3509 476 3547 scissione
502 3511 561 3548 ed.
715 3510 741 3548 f.
775 3521 846 3547 nec
874 3510 1024 3547 addidi.

411 3581 452 3624 1.
492 3581 667 3626 Horatii
704 3594 841 3626 carm.
873 3582 924 3625 L.
945 3581 1012 3625 III
1042 3580 1115 3626 od.
1137 3581 1181 3625 II
1213 3581 1290 3625 13:
1335 3580 1514 3638 „Dulce
1552 3583 1600 3624 et
1636 3579 1851 3623 decorum
1881 3582 1952 3623 est
1980 3592 2062 3636 pro
2091 3579 2240 3636 patria

294 3652 458 3698 mori“.
606 3656 648 3699 2.
679 3655 921 3711 Agnetem.
1071 3655 1113 3699 3.
1144 3654 1366 3699 Beatrice.
1513 3653 1557 3698 4.
1588 3652 1927 3698 Mediolanensi.
