2730 4198
501 287 610 342 586
1151 302 1407 341 BONITHO
1445 303 1522 340 AD
1561 302 1788 341 AMICUM

501 420 689 490 afferat
743 431 835 474 aut
873 420 1033 490 facta
1091 429 1405 490 corrumpat.
1481 419 1594 471 Nec
1639 418 1800 472 multo
1847 437 1990 472 secus
2036 421 2099 472 de
2146 420 2441 473 Bonithone

499 534 675 569 rerum
724 517 1040 587 explicatore
1086 526 1353 568 senserunt
1388 515 1558 567 adbuc
1594 515 1701 566 viri
1735 515 1888 568 docti.
1965 516 2195 568 Prorsus
2234 517 2442 585 quidem

499 611 860 664 intellexerunt
873 606 903 676 ¹,
949 621 1166 663 veterem
1201 605 1531 662 memoriam²
1569 609 1911 679 neyliqenter,
1960 613 2153 680 inepte,
2196 628 2440 680 perverse

500 707 564 759 ab
605 725 662 759 eo
701 716 976 760 tractatam
1015 724 1135 771 esse,
1178 716 1232 758 at
1267 707 1390 758 inde
1426 706 1490 758 ab
1517 705 1762 758 Heinrici
1785 705 1889 758 III
1911 705 2225 776 temporibus
2253 724 2436 776 quam-

497 804 576 855 vis
623 821 729 856 non
777 820 839 855 ex
878 804 1022 855 omni
1054 804 1434 872 vituperatione
1473 820 1586 854 eum
1625 801 1979 866 liberaverint,
2032 811 2202 854 tamen
2241 812 2289 855 et
2325 820 2439 855 eam

498 916 656 967 quam
695 898 843 967 offert
878 916 1052 950 rerum
1089 898 1276 950 silvam
1313 899 1496 967 mayni
1531 897 1874 950 aestimabant
1910 907 1958 949 et
1993 899 2202 950 omnino
2229 915 2343 950 eum
2368 899 2441 951 ad

499 994 766 1046 libidinem
804 995 1076 1046 descivisse
1113 1014 1148 1045 a
1184 1011 1303 1045 vero
1342 987 1658 1063 neyabant33
1696 1003 1755 1045 ut
1792 1010 1875 1045 eos
1913 992 2111 1057 sileam,
2154 995 2249 1062 qui
2278 1003 2439 1046 totum

494 1089 840 1142 Bonitbonem
876 1091 935 1141 in
963 1091 1537 1159 praestantissimorum
1575 1098 1621 1141 et
1656 1090 1882 1141 maxime
1917 1090 2180 1142 veracium
2215 1091 2435 1159 scripto-

493 1203 612 1238 rum
648 1202 860 1237 numero
897 1185 1091 1254 referri
1123 1185 1410 1237 voluerunt.

645 1279 754 1334 Sed
797 1280 929 1332 mihi
977 1299 1106 1350 opus
1156 1282 1264 1332 eius
1311 1281 1510 1333 edituro
1522 1319 1538 1345 ,
1589 1298 1729 1345 cum,
1781 1290 2034 1350 quantum
2070 1282 2128 1332 in
2165 1297 2245 1332 me
2281 1282 2437 1333 situm

495 1387 592 1441 est,
645 1385 692 1428 et
736 1377 1034 1427 universum
1081 1376 1271 1428 librum
1321 1386 1368 1428 et
1403 1376 1637 1449 sinqulas
1677 1378 1784 1428 eius
1815 1386 1998 1446 partes
2038 1386 2278 1429 accurate
2310 1394 2434 1446 per-

495 1473 768 1540 quirerem,
809 1471 1026 1538 mirifice
1054 1472 1342 1541 perspicua
1377 1471 1612 1541 nihilque
1633 1490 1853 1542 prorsus
1881 1472 2171 1524 dubitanda
2197 1490 2434 1525 occurre-

494 1567 619 1619 bant
654 1566 872 1631 indicia,
914 1567 1209 1619 Bonitbone
1246 1566 1489 1620 historico
1514 1567 1692 1636 fuisse
1727 1570 1982 1621 neminem
1991 1568 2115 1637 fere
2138 1569 2434 1621 mendacio-

491 1680 615 1714 rem.
673 1662 1040 1716 Praetermitto
1078 1680 1160 1714 res
1197 1664 1442 1727 minutas,
1483 1664 1542 1714 in
1569 1663 1754 1732 quibus
1782 1665 1991 1733 quidem
2016 1665 2331 1734 exponendis
2355 1664 2438 1717 vel
2508 1658 2514 1661 ’

491 1759 555 1810 de
598 1759 862 1811 industria
906 1759 987 1811 vel
1029 1776 1128 1828 per
1171 1760 1433 1810 incuriam
1479 1761 1779 1828 saepissime
1818 1759 1996 1829 lapsus
2036 1771 2134 1826 est,
2185 1761 2434 1830 quemad·-

489 1855 701 1907 modum
738 1872 801 1907 ecc
838 1855 1260 1908 adnotationibus
1300 1875 1334 1907 a
1369 1873 1450 1907 me
1471 1854 1641 1923 factis
1670 1857 1910 1925 perspici
1928 1855 2053 1924 fere
2080 1866 2268 1926 potest.
2337 1855 2434 1910 Ve-

488 1969 607 2003 rum
665 1968 798 2020 quae
845 1970 961 2004 cum
1003 1952 1332 2021 pravissimis
1379 1952 1563 2003 aetatis
1615 1948 1974 2021 Greyorianae
2017 1952 2308 2005 rationibus
2352 1970 2435 2005 res

491 2049 793 2100 coniunctae
831 2058 995 2113 erant,
1039 2065 1172 2118 quae
1210 2047 1419 2117 quidem
1457 2048 1529 2099 ad
1561 2058 1793 2118 papatus
1821 2050 2132 2118 imperiique
2157 2048 2435 2100 dissidium

485 2147 745 2215 pertinere
781 2145 1114 2210 videbantur,
1157 2161 1243 2196 eas
1281 2127 1484 2213 rep-erio
1515 2146 1692 2213 partis
1732 2163 1891 2197 causa
1927 2146 2078 2197 unice
2114 2144 2434 2197 adulteratas

489 2258 608 2293 esse.
691 2240 807 2307 Quo
854 2243 912 2293 in
956 2258 1140 2310 yenere
1176 2249 1298 2292 sunt
1338 2239 1541 2292 Ottonis
1580 2240 1620 2291 I
1647 2242 2021 2306 iuramentum,
2076 2237 2325 2309 Greqorii
2358 2239 2442 2292 VI

488 2337 776 2403 abdicatio,
810 2354 1083 2408 paparum
1122 2335 1311 2388 electio.
1376 2335 1463 2388 De
1501 2353 1725 2405 quarum
1760 2353 1937 2389 rerum
1972 2353 2288 2406 unaquaque
2323 2337 2432 2389 iam

487 2433 796 2503 sinyillatim
838 2434 1007 2485 dicere
1042 2450 1242 2485 necesse
1280 2441 1366 2484 est.

1006 2557 1103 2610 De
1156 2556 1411 2609 Ottonis
1449 2555 1489 2607 I
1525 2557 1909 2608 iuramenta

633 2670 775 2723 Erat
821 2671 880 2722 in
916 2679 1081 2722 vetere
1116 2685 1259 2720 more
1294 2669 1548 2737 positum,
1598 2677 1657 2718 ut
1693 2683 1874 2735 requm
1906 2667 2172 2735 promissa
2207 2668 2433 2719 maxime

485 2765 773 2831 sollemnia,
817 2783 950 2835 quae
986 2764 1328 2817 iureiurando
1368 2762 1689 2831 affirmanda
1712 2762 2037 2827 videbantur,
2077 2780 2183 2815 non
2209 2762 2273 2814 ab
2299 2763 2431 2832 ipsis

485 2862 719 2932 reyibus,
768 2863 860 2914 sed
908 2879 1085 2914 eorum
1127 2861 1362 2924 nomine,
1412 2858 1493 2911 vel
1538 2869 1598 2911 ut
1643 2869 1752 2911 tum
1799 2858 2063 2911 dicebant:
2111 2860 2216 2922 „in
2254 2876 2431 2910 eorum

485 2960 664 3011 anima
680 2957 727 3023 “,
788 2958 853 3010 ab
913 2957 1035 3010 aliis
1092 2955 1386 3009 bominibus
1440 2956 1757 3007 iurarentur.
1835 2954 2003 3024 quue
2049 2954 2429 3007 consuetudinis

605 3103 646 3146 1.
679 3102 736 3148 V.
763 3100 944 3146 Stenzel
975 3099 1245 3146 Gesehiehte
1274 3098 1608 3144 Deutsehlands
1638 3101 1772 3142 unter
1801 3097 1891 3142 den
1920 3096 2208 3142 frankisehen
2236 3096 2430 3141 Kaisern

482 3176 527 3220 H
567 3175 688 3219 70—
703 3176 780 3232 72,
821 3173 1118 3220 Giesebreoht
1154 3172 1424 3218 Gesehiehte
1464 3172 1544 3216 der
1580 3171 1832 3216 deutschen
1869 3171 2121 3216 Kaiserzeit
2158 3170 2246 3225 (ed.
2275 3170 2428 3226 tertia)

482 3249 527 3293 H
557 3248 658 3305 573,
689 3247 995 3294 Wattenbaoh
1025 3246 1359 3292 Deutsehlands
1390 3244 1837 3301 Gesohichtsquellen
1865 3258 1910 3301 p.
1936 3245 2036 3288 327.
2213 3244 2254 3288 2.
2296 3243 2343 3287 in
2373 3255 2429 3287 ea

482 3321 721 3367 referenda
751 3320 956 3366 adhibuit
975 3320 1169 3365 Bonitho
1188 3319 1342 3376 biblia,
1372 3317 1612 3364 bibliorum
1633 3319 1824 3375 glossas,
1857 3317 1902 3362 S.
1925 3316 2169 3373 Augustini
2188 3319 2235 3360 et
2255 3315 2300 3361 S.
2316 3315 2427 3361 Am-

483 3394 623 3440 brosii
653 3395 880 3452 epistolas,
913 3393 958 3438 S.
986 3393 1192 3450 Gregorii
1220 3392 1384 3438 librum
1415 3392 1710 3449 dialogorum,
1741 3391 1973 3435 historiam
2002 3390 2286 3447 tripartitam,
2317 3403 2428 3446 pon-

483 3467 656 3513 tificum
680 3469 986 3513 Romanorum
1006 3468 1140 3524 vitas,
1170 3466 1408 3511 Iustiniani
1433 3466 1650 3522 codicem,
1680 3464 1896 3520 Ansegisi
1925 3467 1972 3507 et
1999 3463 2235 3507 Benedicti
2262 3463 2428 3508 levitae

486 3541 763 3597 capitularia.
941 3542 983 3586 3.
1019 3541 1159 3586 Iulius
1190 3539 1417 3584 Schirmer
1446 3540 1534 3595 (De
1564 3537 1871 3583 Hildebrando
1901 3535 2178 3581 subdiacono
2208 3537 2428 3581 ecelesiae

483 3613 728 3671 Romanae,
758 3614 956 3658 Berolini
977 3614 1109 3668 1860)
1139 3612 1262 3657 haud
1292 3611 1505 3669 ambigue
1533 3612 1716 3669 quidem
1745 3609 1883 3655 fidem
1908 3609 2147 3666 abrogavit
2169 3609 2425 3667 Bonithoni‚

481 3698 629 3743 neque
658 3699 768 3731 vero
799 3690 1067 3744 argumenta
1096 3686 1156 3731 ad
1184 3699 1279 3731 rem
1308 3686 1489 3743 penitus
1520 3683 1900 3741 comprobandam
1930 3683 2094 3728 idonea
2123 3683 2287 3728 attulit.
