2730 4198
491 280 599 332 314
987 289 1262 329 GREGORH
1298 289 1377 326 vn
1413 288 1677 327 REGIs'rRI
1713 291 1750 326 v
1777 290 1924 328 17.18.

331 414 445 458 1078
639 408 919 463 Gosfredus
959 409 1132 459 autem
1169 403 1504 458 Garnotensis
1543 405 1835 475 episcopuS,
1875 407 1998 476 quia
2033 423 2137 460 non
2174 406 2424 460 invitatus

308 474 415 512 Mm'
435 475 459 512 ⁹
490 510 542 560 et
579 504 761 558 absens
799 501 1054 555 iudicatus
1092 500 1288 568 fuerat,
1338 499 1623 570 episcopali
1671 499 1838 554 officio
1890 518 1920 556 a
1964 502 2114 556 nobis
2153 502 2424 556 restitutus

490 604 568 654 est
580 619 596 666 3-
631 599 730 651 hoc
767 596 973 665 quidem
1012 600 1216 664 tenore,
1265 595 1402 664 quod
1439 611 1596 649 causa
1633 612 1728 649 sua
1765 600 1885 651 ante
1921 597 2151 666 legatum
2187 601 2426 652 nostrum

489 694 674 748 debeat
709 691 985 745 retractari
1023 695 1178 760 atque
1217 690 1446 744 diffiniri.
2398 761 2402 767 Ι

630 786 920 840 Richardus
936 783 949 808 ¹
972 786 1317 855 Biturigensis
1356 786 1791 856 archiepiscopUS,
1831 788 1955 856 quia
1989 788 2122 843 irato
2163 789 2334 842 animo
2374 793 2426 843 et

486 901 590 937 non
629 883 867 953 synodali
902 883 1092 936 iudicio
1133 883 1332 936 dimisit
1371 882 1640 936 ecclesiam
1679 899 1844 950 suam,
1884 883 2086 951 virgam
2123 887 2175 937 et
2213 884 2425 938 anulum

485 979 707 1049 recepit3
734 979 1063 1048 promittens,
1097 996 1152 1032 se
1179 979 1241 1031 de
1269 978 1482 1031 obiectis
1509 994 1684 1031 coram
1708 977 1879 1045 legato
1905 983 2083 1033 nostro
2110 979 2422 1034 satisfacere.

631 1075 884 1128 Rodulfus
911 1074 1227 1127 Turonensis
1256 1074 1693 1144 archiepiscopUS,
1734 1074 1856 1142 quia
1880 1073 2072 1142 legales
2100 1078 2425 1129 accusatores

484 1188 587 1225 non
625 1170 823 1238 habuit,
864 1169 1174 1223 sacerdotali
1213 1174 1265 1223 et
1303 1169 1586 1239 episcopali
1624 1168 1791 1223 officio
1817 1170 2088 1224 restitutus
2122 1174 2226 1236 est3
2267 1170 2426 1224 etiam

485 1266 759 1336 episcopis,
791 1265 881 1334 qui
906 1282 1024 1318 eum
1051 1270 1437 1354 accusaverant,
1466 1265 1530 1319 ab
1557 1265 1883 1319 accusatione
1910 1264 2280 1319 deficientibus
2337 1265 2424 1335 Et,

485 1363 607 1432 quia
645 1379 804 1416 causa
842 1377 936 1414 sua
962 1360 1025 1414 ab
1053 1364 1376 1414 antecessore
1401 1365 1579 1414 nostro
1606 1360 1789 1414 beatae
1815 1362 2098 1415 memoriae
2123 1361 2425 1415 Alexandro

482 1461 796 1512 retractata⁰
823 1460 875 1510 et
900 1455 1247 1509 determinata
1269 1457 1455 1525 fuerat,
1494 1456 1791 1510 videbatur:
1833 1456 1969 1525 quod
2007 1474 2112 1510 non
2147 1458 2259 1510 sine
2284 1460 2428 1511 certa

484 1554 811 1607 accusatione
860 1552 1071 1605 deberet
1115 1552 1403 1605 retractari.
1470 1551 1632 1605 Nobis
1679 1556 1855 1605 tamen
1899 1553 2070 1606 visum
2115 1553 2238 1606 fuit:
2288 1547 2426 1621 quod

481 1650 684 1717 legatus
750 1653 927 1702 noster
992 1664 1110 1701 cum
1173 1647 1344 1715 legato
1402 1647 1612 1701 Diensis
1677 1648 1909 1718 episcopi
1963 1648 2183 1701 Turonis
2241 1648 2426 1702 debeat

482 1745 743 1816 proficisci
790 1748 842 1798 et
889 1760 1173 1798 convocare
1223 1760 1401 1796 omnes
1450 1743 1804 1811 suffraganeos
1852 1743 2123 1814 episcopos
2179 1761 2275 1798 nec
2318 1761 2425 1798 non

485 1841 681 1895 clerum
721 1844 772 1894 et
808 1839 1062 1910 populum
1101 1843 1154 1893 et
1191 1856 1257 1893 ex
1294 1843 1444 1909 parte
1481 1839 1621 1893 beati
1645 1838 1789 1893 Petri
1821 1839 1938 1893 illos
1965 1856 2309 1908 commonere,
2347 1843 2423 1909 ut,

481 1937 704 2006 qualiter
743 1936 936 1990 electus
974 1935 1133 1989 fuerit
1169 1935 1253 1989 vel
1291 1935 1585 2004 ordinatUS,
1635 1936 1889 1990 veraciter
1933 1934 2299 2006 profiteantur3
2347 1939 2423 2005 ut,

481 2034 526 2086 si
551 2033 812 2101 claruerit,
853 2049 972 2086 eum
999 2032 1063 2085 de
1090 2030 1303 2085 obiectis
1329 2031 1658 2085 innocentem
1685 2048 1814 2100 esse,
1853 2031 2053 2100 questio
2081 2031 2423 2085 accusationis

481 2146 604 2182 suae
644 2129 853 2182 omnino
893 2127 1137 2197 deinceps
1176 2128 1435 2197 sopiatur3
1479 2127 1560 2180 sin
1600 2132 1773 2181 autem
1812 2128 2160 2181 certissimum
2199 2131 2252 2181 et
2287 2127 2424 2181 unde

480 2224 707 2278 dubitari
743 2241 850 2277 non
886 2224 1054 2293 possit
1091 2226 1272 2276 contra
1309 2240 1428 2276 eum
1465 2223 1822 2276 testimonium
1853 2223 2034 2276 datum
2056 2223 2230 2291 fuerit,
2269 2240 2422 2277 cano-

479 2321 596 2374 nica
634 2319 892 2374 sententia
925 2319 1158 2372 feriatur.
1213 2318 1407 2372 Actum
1431 2317 1594 2372 Rome
1622 2320 1649 2371 7
1680 2318 1801 2371 Idus
1827 2317 2020 2387 Martii,
2059 2318 2343 2372 indictione
2374 2321 2418 2372 1.

479 2488 532 2551 V
563 2494 660 2551 18.
702 2496 1016 2548 Huzmamio
1056 2497 1296 2564 episcopo
1327 2493 1585 2564 Spirensi,
1626 2496 2007 2564 iquorationem
2036 2496 2227 2548 decreti
2250 2497 2313 2548 de
2336 2498 2420 2548 in-

701 2594 951 2645 vestitura
977 2592 1259 2655 excusanti,
1288 2591 1619 2643 interdictum
1639 2593 1994 2661 episcopatum
2012 2593 2247 2644 restituit.
2276 2591 2420 2644 Hor-

701 2698 866 2752 tatur,
917 2697 976 2739 ut
1023 2687 1309 2738 sacerdotes
1354 2688 1664 2738 simoniacos
1712 2686 1961 2756 expellat,
2013 2697 2059 2739 et
2104 2687 2312 2740 elericos
2351 2689 2424 2740 ad

701 2785 985 2835 castitatem
1020 2783 1249 2834 inducat.

304 2899 419 2943 1078
627 2891 906 2960 Gregorius
945 2892 1219 2962 episcopus
1258 2907 1437 2944 servus
1477 2907 1745 2945 servorum
1771 2890 1872 2944 Dei
1910 2890 2260 2956 H(uzmanno)
2301 2889 2419 2959 Spi-

273 2960 378 2997 Mart'
400 2961 448 2997 19
477 2989 619 3043 rensi
657 2989 900 3059 episcopo
940 2988 1163 3041 salutem
1202 2991 1254 3041 et
1292 2986 1630 3057 apostolicam
1669 2986 2097 3040 benedictionem.

625 3084 759 3148 Quia
805 3085 861 3138 in
908 3084 1236 3154 susceptione
1277 3082 1538 3153 Spirensis
1587 3082 1836 3136 ecclesiae
1873 3098 2111 3135 veremur
2148 3083 2200 3134 te
2238 3084 2419 3134 contra

479 3180 742 3234 decretum
793 3181 1108 3251 apostolicae
1155 3179 1291 3232 sedis
1338 3179 1541 3246 virgam
1588 3178 1651 3231 de
1698 3195 1859 3231 manu
1903 3176 2041 3243 regis
2091 3175 2314 3229 scienter
2358 3192 2419 3230 ac

478 3277 752 3330 temerarie
791 3277 1106 3346 suscepisse,
1149 3275 1442 3345 episcopale
1481 3273 1708 3328 officium
1745 3274 1993 3326 hactenus
2030 3274 2083 3324 te
2123 3287 2274 3338 agere
2311 3287 2416 3324 non

479 3372 842 3425 concessimus
875 3372 1086 3441 Quodsi,
1110 3371 1392 3425 secundum
1417 3370 1578 3438 legati
1603 3370 1680 3422 tui
1698 3368 1873 3435 verba,
1896 3366 2157 3419 decretum
2179 3369 2417 3419 nostrum

480 3470 597 3519 ante
635 3467 999 3522 investituram
1035 3484 1130 3538 pro
1170 3470 1310 3520 certo
1348 3483 1455 3520 non
1492 3463 1805 3533 cognovisti,
1855 3459 2081 3514 officium
2120 3461 2415 3531 episcopale

476 3561 703 3615 faciendi
726 3563 1029 3618 facultatem
1056 3568 1109 3617 et
1131 3562 1397 3617 licentiam
1422 3562 1519 3616 tibi
1543 3558 1896 3623 concedimus;
1937 3572 1995 3610 eo
2022 3560 2196 3610 tamen
2220 3562 2414 3625 tenore,

596 3671 636 3713 1.
666 3670 724 3714 H.
1140 3691 1172 3716 a.
1209 3695 1258 3716 an
1284 3680 1536 3726 pertractata?
