2730 4198
503 273 613 327 424
1032 287 1305 326 GREGORII
1343 288 1421 324 VII
1459 286 1722 324 REGISTRI
1760 288 1861 324 VIII
1889 288 1923 323 1.

357 410 473 453 1080
654 404 796 459 Haec
826 407 999 457 autem
1025 403 1147 456 licet
1170 403 1527 473 praesentium
1553 403 1793 472 portitor,
1832 407 1953 456 tuus
1979 402 2198 471 legatus»,
2237 403 2312 457 ita
2338 421 2450 459 esse

347 469 429 507 Iun.
451 471 474 508 ⁶
507 517 679 554 coram
720 500 870 552 nobis
909 499 1206 566 negaverit,
1246 502 1440 566 tamen,
1482 514 1548 551 ex
1585 498 1913 551 fraternitate
1951 501 2043 550 tua
2080 498 2212 551 scire
2249 497 2450 554 firmius

504 596 790 666 cupientes,
832 594 1096 648 volumus:
1137 598 1196 647 ut
1222 611 1314 664 per
1340 594 1478 647 hunc
1513 593 1734 646 eundem
1760 593 2042 646 Iohannem
2067 593 2450 665 presbyter-um,

505 695 557 745 et
593 691 657 743 de
694 690 811 743 istis
850 689 1004 743 rebus
1045 690 1169 758 quid
1208 690 1430 758 sentiaS,
1478 693 1530 743 et
1569 689 1632 742 de
1672 688 1888 742 caeteris
1929 688 2094 742 sicubi
2132 683 2353 759 hesitaS,¹
2385 683 2452 744 ad

503 803 598 839 nos
638 802 884 856 procures
925 802 1044 839 cum
1084 785 1255 853 sigillo
1294 790 1383 838 tuo
1424 785 1736 851 rescribere3
1780 801 1840 838 ac
1878 784 2121 855 deinceps
2161 785 2451 839 dilectionis

502 887 624 935 tuae
662 881 867 935 litteras
908 881 973 934 ad
1015 881 1354 951 apostolicam
1394 881 1568 934 sedem
1607 881 1907 950 frequenter
1947 880 2185 947 dirigere.
2224 863 2238 873 “
2291 880 2451 935 Volu-

503 994 619 1031 mus
661 978 836 1045 etiam,
878 978 1150 1030 caritatem
1188 981 1333 1030 tuam
1359 976 1550 1030 litteris
1579 977 1686 1030 suis
1714 974 2035 1043 significare:
2074 980 2250 1029 utrum
2276 982 2452 1031 vestra

503 1073 737 1143 recipiat,
779 1073 917 1141 quod
949 1073 1168 1126 ecclesia
1192 1072 1502 1125 universalis
1531 1072 1879 1141 amplectitur,
1918 1070 2074 1125 fidem
2103 1072 2299 1126 scilicet
2325 1090 2450 1142 qua-

502 1172 622 1221 tuor
660 1168 1023 1234 conciliorum3
1067 1184 1214 1237 quae,
1257 1185 1288 1221 a
1326 1168 1519 1221 sanctis
1545 1167 1783 1237 patribus
1812 1167 2166 1237 comprobata,
2207 1185 2238 1221 a
2261 1167 2450 1223 Roma-

502 1264 584 1317 nis
624 1262 956 1334 pontificibus
987 1263 1237 1317 Silvestro
1275 1263 1449 1317 Leone
1490 1263 1708 1332 aliisque
1749 1263 2035 1333 apostolica
2071 1268 2192 1317 sunt
2227 1265 2449 1318 auotori-

502 1363 611 1412 tate
636 1358 860 1412 firmata.
901 1358 1043 1412 Inter
1070 1376 1198 1427 quos
1224 1359 1416 1412 nichilo
1445 1359 1617 1412 minus
1644 1359 1977 1413 beatissimus
2005 1358 2286 1427 Gregorius
2312 1377 2453 1431 papa

503 1455 682 1507 doctor
740 1455 976 1522 egregius
1027 1455 1312 1508 maioribus
1364 1455 1611 1508 ecclesiae
1657 1454 2047 1509 Alexandrinae
2094 1456 2451 1511 Antiochenae

504 1550 723 1618 aliisque
770 1550 827 1602 in
875 1550 1098 1620 epistola
1146 1567 1240 1603 sua
1255 1547 1285 1618 ¹,
1337 1567 1450 1604 sese
1489 1568 1602 1604 eam
1642 1555 1847 1618 tenere,
1897 1551 1980 1604 his
2019 1551 2191 1606 verbis
2228 1556 2451 1606 testatus

505 1649 608 1698 est:
654 1646 794 1712 Quia
835 1649 987 1699 eorde
1027 1648 1255 1699 ereditur
1293 1649 1365 1699 ad
1401 1649 1671 1712 iustitiam,
1715 1666 1801 1699 ore
1826 1658 1995 1700 autem
2022 1649 2274 1717 confessio
2287 1649 2359 1716 fit
2381 1651 2453 1702 ad

503 1743 749 1807 salutem,
793 1745 927 1795 sieut
962 1745 1132 1795 sancti
1169 1743 1430 1813 euanyelii
1467 1754 1693 1812 quatuor
1732 1744 1909 1808 libros,
1953 1746 2028 1795 sio
2067 1744 2291 1813 quatuor
2329 1763 2450 1797 oon-

505 1839 629 1892 eilia
668 1841 929 1909 suscipere
967 1850 1015 1892 et
1051 1842 1292 1891 venerari
1326 1858 1407 1891 me
1428 1839 1631 1908 fateor.
1709 1839 1969 1891 Nicenum
2006 1840 2213 1905 scilieet,
2253 1842 2312 1892 in
2350 1859 2452 1910 quo

501 1954 802 2005 perversum
828 1934 958 1987 Arii
994 1936 1184 2005 doyma
1222 1937 1507 1989 destruitur
1516 1955 1533 1996 ,·
1574 1933 2209 2006 Constantinopolitanum
2231 1935 2450 2007 quoque,

503 2034 561 2084 in
601 2050 702 2102 quo
729 2032 985 2084 Eunomii
1023 2042 1068 2084 et
1094 2033 1398 2084 Maoedonii
1434 2051 1581 2084 error
1606 2033 1957 2094 convincitur3
1996 2031 2273 2101 Efesinum
2300 2036 2454 2086 etiam

497 2130 751 2198 primum,
792 2130 850 2180 in
879 2146 981 2197 quo
1008 2128 1245 2180 Nestorii
1269 2130 1510 2198 impietas
1535 2129 1827 2190 iudicatum·
1868 2126 2277 2181 Chalcedonense
2313 2148 2450 2194 vero,

504 2227 562 2276 in
602 2242 703 2294 quo
730 2224 1004 2277 Euthiehis
1029 2221 1381 2295 Dioscorique
1414 2227 1653 2294 pravitas
1691 2226 2016 2295 reprobatur,
2058 2235 2164 2278 tota
2190 2227 2453 2283 devotione

507 2320 833 2389 complector,
875 2323 1210 2391 inteyerrima
1249 2321 1629 2390 approbatione
1656 2322 1901 2372 custodio.
1965 2320 2105 2386 Quia
2130 2323 2187 2372 in
2212 2321 2293 2372 his
2317 2321 2454 2374 velut

507 2418 564 2467 in
604 2403 863 2484 quadrato
905 2417 1081 2487 lapide
1118 2427 1327 2468 sanotae
1351 2416 1487 2483 fidei
1522 2426 1784 2469 structura
1823 2419 2088 2487 oonsuryit
2114 2427 2161 2468 et
2186 2416 2454 2469 cuiuslibet

507 2513 643 2563 vitae
669 2522 824 2581 atque
850 2514 1068 2565 aetionis
1096 2514 1338 2577 constitit,
1370 2514 1606 2582 quisquis
1634 2531 1810 2564 eorum
1836 2513 2149 2565 soliditatem
2172 2531 2278 2565 non
2303 2509 2450 2577 tenet,

510 2609 714 2659 etiamsi
750 2608 888 2678 lapis
929 2626 1032 2660 esse
1069 2611 1312 2673 cernitur,
1355 2618 1524 2661 tamen
1564 2619 1709 2661 extra
1747 2609 2038 2676 aedificium
2074 2611 2222 2661 iacet.
2285 2607 2453 2674 Quin-

510 2713 619 2755 tum
669 2721 874 2773 quoque
919 2705 1196 2756 concilium
1234 2708 1444 2776 pariter
1491 2723 1730 2772 veneror,
1779 2707 1837 2756 in
1886 2722 1986 2774 quo
2026 2704 2270 2775 epistola,
2324 2715 2456 2774 quae

510 2799 639 2851 Ibae
676 2800 884 2865 dieitur,
927 2803 1119 2853 erroris
1149 2802 1313 2872 plena
1347 2802 1673 2872 reprobatur,
1722 2800 2022 2854 Theodorus
2045 2817 2325 2871 personam
2347 2818 2452 2852 me-

511 2897 732 2948 diatoris
759 2896 869 2948 Dei
905 2907 952 2949 et
989 2897 1255 2949 hominum
1291 2900 1349 2950 in
1388 2898 1589 2950 duabus
1620 2898 1920 2950 substantiis
1947 2915 2215 2968 separans,
2236 2892 2238 2895 ⁵
2260 2897 2332 2948 ad
2353 2898 2453 2947 im-

502 2994 717 3062 pietatis
737 2993 1020 3063 perfidiam
1045 2996 1285 3046 cecidisse
1311 2996 1649 3059 convincitur,
1678 2997 1877 3064 scripta
1903 3011 2105 3063 quoque
2136 2992 2452 3057 Theodoriti,

502 3107 604 3157 per
643 3106 776 3158 quae
814 3089 952 3142 beati
989 3088 1178 3160 Cyrilli
1199 3091 1351 3158 fides·
1374 3091 1796 3161 reprehenditur,
1840 3109 1973 3142 ausu
2011 3086 2292 3142 dementiae
2319 3106 2453 3157 pro-

515 3184 623 3236 lata
659 3185 971 3254 refutantur.
1032 3185 1253 3239 Cunctas
1291 3205 1410 3239 vero
1452 3204 1583 3256 quas
1619 3186 1867 3257 praefata
1904 3185 2197 3237 veneranda
2235 3184 2457 3236 eoncilia

505 3299 763 3351 personas
789 3292 1043 3352 respuunt
1065 3301 1270 3353 respuo,
1315 3301 1444 3353 quas
1470 3293 1781 3335 venerantur
1806 3282 2114 3352 amplector5
2155 3282 2298 3349 quia,
2333 3281 2457 3332 dum

513 3378 804 3430 universali
839 3389 961 3431 sunt
997 3397 1246 3431 consensu
1286 3381 1579 3444 constituta,
1623 3397 1676 3430 se
1714 3389 1762 3431 et
1783 3396 1890 3430 non
1915 3377 2012 3429 illa
2038 3378 2268 3441 destruit,
2312 3378 2455 3446 quis-

517 3475 634 3542 quis
667 3477 962 3544 *praesumit
999 3485 1089 3527 aut
1126 3475 1320 3527 solvere
1360 3493 1486 3544 quos
1527 3476 1709 3544 liyant,
1751 3483 1843 3525 aut
1881 3473 2044 3542 ligare
2083 3468 2211 3541 ques
2236 3473 2455 3525 solvunt.

521 3567 772 3638 Quisquis
812 3588 932 3639 erqo
972 3571 1121 3623 aliud
1157 3573 1312 3641 sapit,
1356 3571 1631 3623 anathema
1668 3571 1750 3621 sit.

637 3675 678 3720 1.
709 3675 907 3732 Registri
935 3678 987 3720 L.
1011 3677 1031 3720 I
1062 3690 1132 3733 ep.
1156 3678 1213 3721 25
1244 3678 1318 3731 (al.
1341 3678 1430 3733 24),
1462 3676 1574 3732 Opp.
1597 3675 1668 3720 ed.
1691 3675 1972 3719 Benedictini
2003 3675 2056 3718 T.
2079 3675 2123 3718 II
2153 3675 2254 3719 515.
