2730 4198
760 311 1109 351 BONITHONIS
1148 315 1225 351 AD
1264 313 1491 352 AMICUM
1527 315 1635 352 Lm.
1664 315 1702 350 v
2114 301 2220 354 629

428 425 702 480 Celebrata
737 427 1049 496 regulariter
1087 429 1285 499 sinod0,
1324 429 1380 483 in
1418 446 1610 498 magna
1649 429 1940 483 estuatione
1965 435 2222 485 venerunt
2259 437 2372 481 1046

277 520 526 575 Romam⁸
562 539 660 576 rex
698 523 895 592 pariter
935 528 987 578 et
1025 526 1284 595 episcopi3
1323 529 1435 578 tum
1475 525 1598 593 quia
1631 540 1737 577 non
1762 523 2025 578 habebant
2048 526 2220 593 ponti·
2272 497 2364 534 Dec'

277 615 453 686 ficem,
505 618 593 686 qui
630 636 808 687 regem
844 620 1106 691 imperiali
1143 620 1361 673 donaret
1396 623 1684 690 potestate,
1722 623 1836 674 tum
1876 619 1998 687 quia
2033 619 2089 671 in
2128 619 2220 672 eli-

277 713 443 780 gendo
485 713 586 767 alio
626 714 780 768 elerib
808 716 1017 784 quidem
1042 715 1303 769 habebant
1330 715 1649 782 electionem,
1689 714 1872 783 populi
1899 717 2073 767 autem
2099 714 2219 767 sub-

277 809 540 876 sequentis
579 809 787 863 laudem
824 811 1038 864 minime
1074 810 1349 864 habebant.
1411 808 1746 862 Sacramento
1775 809 1913 861 enim
1933 809 2218 879 populum⁰

275 904 659 974 perstrinxerat
683 906 916 975 prefatus
942 905 1196 960 Iohannes
1214 902 1250 958 ¹:
1290 920 1574 972 nunquam,
1607 920 1663 957 se
1690 904 1913 973 vivente,
1942 921 2029 958 eos
2058 904 2217 958 alium

274 998 577 1053 laudaturos
615 1000 929 1071 pontificem.

422 1095 627 1150 Interea
670 1113 785 1150 cum
825 1113 931 1150 non
966 1095 1218 1149 haberent
1256 1094 1319 1148 de
1357 1093 1572 1164 propria
1610 1094 1828 1162 diocesi,
1870 1124 1938 1132 —-
1979 1097 2039 1148 ut
2077 1094 2216 1149 enim

275 1191 515 1260 superius
553 1192 973 1259 memoravimuS,
1013 1190 1380 1258 languescente
1419 1189 1606 1259 capite,
1645 1190 1701 1242 in
1740 1193 1944 1243 tantum
1969 1190 2218 1259 languida

274 1289 425 1339 erant
462 1290 634 1340 cetera
670 1287 920 1354 membra,
959 1289 1019 1339 ut
1054 1286 1110 1338 in
1148 1289 1297 1339 tanta
1337 1285 1586 1338 aecclesia
1622 1285 1713 1338 vix
1750 1302 1885 1339 unus
1923 1290 2102 1356 posset
2134 1303 2217 1340 re-

272 1382 450 1451 periri,
493 1382 581 1450 qui
618 1398 723 1434 non
758 1381 842 1435 vel
878 1381 1156 1435 illiteratus
1195 1381 1278 1435 vel
1318 1382 1648 1452 symoniacus
1688 1380 1771 1435 vel
1811 1386 1948 1436 esset
1974 1382 2216 1436 concubi-

271 1480 426 1529 natus
466 1506 536 1513 —
574 1476 672 1530 hac
709 1478 1019 1531 necessitate
1058 1477 1257 1545 eligunt
1296 1476 1397 1531 sibi
1426 1476 1718 1531 Sicherium
1742 1475 2211 1531 Pabenbariensem
2243 1493 2334 1531 Deo.
2354 1494 2404 1531 24

271 1572 573 1642 episcopum
585 1568 619 1640 ²,
664 1573 949 1627 canonibus
995 1573 1454 1643 interdicentibus,
1505 1574 1767 1627 neminem
1819 1573 1885 1625 ad
1922 1572 2217 1627 Romanum

271 1666 458 1720 debere
499 1668 777 1722 ascendere
815 1667 1193 1738 pontificatum,
1236 1669 1325 1738 qui
1362 1670 1417 1722 in
1457 1669 1639 1723 eadem
1680 1668 1932 1722 aecclesia
1955 1669 2215 1739 presbiter

272 1762 356 1816 vel
395 1763 642 1816 diaconus
680 1780 785 1816 non
823 1764 982 1817 fuerit
1008 1765 1278 1818 ordinatus
1291 1760 1324 1817 ³.
1384 1764 1443 1817 In
1470 1765 1616 1818 cuius
1642 1763 1797 1817 laude
1822 1765 1977 1834 pauci
2004 1764 2215 1833 quidem

267 1857 406 1926 laici,
448 1858 676 1912 scilicetd
704 1859 792 1927 qui
817 1876 923 1912 non
947 1859 1164 1913 Iohanni
1189 1861 1506 1929 iuraverant,
1534 1864 1922 1913 consenserunt.
1980 1859 2214 1913 Primus-

269 1970 368 2022 que
409 1954 641 2013 omnium
678 1958 799 2024 post
835 1949 1045 2008 beatum
1085 1956 1439 2026 apostolorum
1477 1955 1768 2026 principem
1804 1956 1859 2008 in
1898 1959 2047 2008 tanta
2081 1956 2214 2010 serie

266 2048 621 2102 Romanorum
667 2049 970 2120 pontificum
1018 2050 1147 2104 alias
1188 2055 1518 2105 consecratus
1563 2049 1856 2121 [episcopus
1869 2049 1906 2119 ⁰]
1949 2050 2213 2105 Romanus

266 2145 503 2214 pontifex
547 2143 732 2213 [factus
772 2149 824 2200 et
862 2145 1144 2216 Glemensf]
1189 2148 1480 2218 appellatus
1521 2150 1613 2200 est.
1684 2145 1775 2200 Set
1813 2147 2095 2200 secundum
2123 2147 2212 2202 de-

267 2243 410 2293 creta
455 2240 595 2294 beati
641 2258 778 2312 pape
827 2240 1171 2296 Innocentii⁴z
1222 2246 1364 2314 quod
1407 2246 1679 2297 necessitas
1721 2262 1825 2314 pro
1864 2244 2090 2296 remedio
2127 2258 2210 2297 rea

257 2339 417 2407 perit,
461 2348 686 2391 cessante
724 2341 1034 2404 necessitate,
1078 2340 1222 2392 debet
1258 2343 1436 2410 utique
1475 2357 1673 2392 cessare
1708 2342 1911 2409 pariter
1951 2341 2093 2409 quod
2120 2358 2211 2392 ur-

261 2433 477 2501 9uebat5
518 2435 644 2502 quia
682 2434 820 2486 alius
860 2444 932 2486 est
970 2435 1097 2486 ordo
1140 2434 1415 2504 ZeyitimuS,
1459 2435 1570 2488 alia
1607 2437 1901 2505 usurpatam
1945 2453 2104 2505 quam
2143 2437 2214 2487 ad

262 2547 473 2598 presens
499 2530 627 2596 fieri
662 2540 858 2600 tempus
898 2530 1132 2600 impellit.
1193 2529 1285 2583 Set
1321 2529 1428 2582 iam
1469 2530 1535 2583 ad
1572 2529 1845 2600 proposita
1881 2529 2171 2583 redeamuS.

411 2622 576 2690 Igitur
613 2627 892 2693 postquam
930 2625 1193 2695 imperiali
1223 2629 1302 2679 est
1327 2642 1421 2678 rex
1450 2630 1632 2679 auctus
1660 2621 1957 2694 dignitate⁵,
1999 2624 2210 2678 calami·
2239 2642 2330 2679 Dee.
2351 2643 2400 2680 25

265 2717 458 2772 tatibus
496 2718 574 2771 rei
611 2719 851 2788 publicae
878 2721 1217 2790 compatienS,
1258 2721 1523 2774 civitatem
1551 2738 1582 2774 a
1605 2721 1942 2791 patritiorum
1966 2720 2211 2774 liberavit

264 2813 557 2884 tyrannide.
617 2813 765 2877 Quod
802 2815 952 2869 valde
991 2820 1128 2869 esset
1162 2816 1439 2884 laudabile,
1479 2816 1583 2869 nisi
1609 2816 1928 2885 subsequens
1953 2819 2074 2886 post
2097 2833 2209 2870 ma-

262 2909 461 2963 cularet
509 2909 861 2963 commissum.
939 2910 1074 2964 Nam
1113 2911 1408 2965 rumoribus
1447 2911 1629 2981 populi
1665 2911 1868 2965 illectus
1909 2938 1977 2947 -——
2019 2911 2205 2981 quibus

261 3005 402 3060 credi
440 3022 546 3058 non
585 3009 825 3075 oportere
864 3006 1097 3059 maxima
1133 3007 1422 3076 propositio
1463 3010 1543 3060 est
1581 3037 1649 3043 —-
1690 3006 2007 3061 tirannidem
2039 3008 2206 3077 patri-

376 3185 409 3211 a.
442 3173 600 3211 Romam
636 3174 788 3212 addidi.
944 3174 981 3211 b.
1017 3174 1143 3211 clerici
1178 3189 1209 3210 c.
1373 3186 1405 3212 c.
1438 3175 1620 3224 populum
1657 3176 1806 3214 addidi.
1973 3176 2010 3213 d.
2046 3187 2083 3223 s;
2119 3177 2205 3214 cod.

260 3252 292 3276 e.
328 3240 531 3288 episcopus
559 3240 708 3278 addidi.
868 3240 894 3277 f.
927 3240 1050 3278 factus
1078 3241 1116 3277 et
1143 3239 1314 3278 Clemens
1341 3241 1492 3279 addidi.

378 3318 418 3361 1.
451 3316 697 3374 Gregorius
718 3318 796 3364 VI.
932 3319 972 3362 2.
1007 3317 1283 3362 Clementem
1313 3319 1370 3363 Π.
1505 3320 1546 3364 3.
1578 3320 1636 3365 V.
1669 3319 1850 3364 Decret.
1873 3318 2077 3363 Gratiani
2105 3319 2155 3363 P.
2182 3320 2204 3363 I

259 3390 375 3434 Dist.
398 3391 454 3434 79
486 3403 524 3434 c.
547 3392 597 3435 3:
633 3392 730 3448 „Ex
761 3391 949 3436 concilio
971 3390 1187 3447 Stephani
1215 3404 1362 3448 papae
1381 3392 1469 3435 HI:
1505 3426 1525 3449 „
1544 3426 1564 3449 „
1580 3391 1839 3449 Oportebat,
1870 3395 1922 3436 ut
1943 3417 1996 3424 -
2019 3393 2066 3435 in
2096 3404 2202 3448 apo-

259 3462 448 3506 stolatus
495 3464 671 3508 culmen
716 3477 833 3508 unus
880 3464 936 3508 de
985 3464 1287 3508 cardinalibus
1330 3463 1609 3522 presbyteris
1653 3469 1732 3508 aut
1776 3465 1977 3510 diaconis
2024 3465 2200 3525 ordina-

257 3534 414 3579 ret-ur“
431 3534 468 3579 “.
586 3538 629 3581 4.
663 3538 718 3583 V.
744 3538 926 3582 Decret.
950 3537 1154 3582 Gratiani
1177 3538 1226 3581 P.
1249 3538 1294 3581 H
1324 3537 1373 3581 O.
1395 3538 1417 3581 I
1449 3537 1499 3590 Q.
1525 3538 1548 3581 1
1582 3550 1620 3581 c.
1642 3538 1724 3582 41:
1759 3537 1924 3595 „Quod
1943 3550 2024 3594 pro
2044 3549 2199 3581 neces-

258 3608 391 3651 sitate
420 3611 638 3666 temporis
669 3614 888 3655 statutum
919 3614 1002 3668 est,
1034 3613 1242 3655 cessante
1272 3611 1544 3656 necessitate
1566 3635 1621 3642 —
1643 3609 1881 3668 impellit“.
2001 3611 2044 3654 5.
2077 3610 2120 3654 d.
2143 3612 2199 3657 25

257 3680 366 3723 Dec.
392 3681 518 3725 1046.
