2644 4166
256 413 369 456 1073

226 473 316 521 Apr.
328 475 384 511 22

246 1953 361 1997 1073

216 2013 306 2062 Apr.
327 2014 377 2051 24

217 2153 307 2202 Apr.
327 2154 375 2191 21

420 277 489 330 10
938 293 1208 332 GREGORII
1244 293 1322 330 vn
1358 290 1620 330 namsi-1³1
1654 293 1676 328 1
1702 287 1817 328 1.1⁸.

415 408 707 479 diversique
751 410 945 464 ordinis
985 408 1403 477 acclamantibuS,
1444 407 1679 476 eligimus
1708 407 1857 462 nobis
1893 408 1949 462 in
1984 411 2247 479 pastorem
2286 410 2338 461 et

415 523 675 559 summum
720 504 1014 577 pontificem
1053 506 1222 559 virum
1266 504 1591 572 religiosum,
1638 503 1874 571 geminae
1921 504 2165 558 scientiae
2213 520 2336 573 pru-

415 601 590 655 dentia
625 602 930 672 pollentem,
980 602 1254 670 aequitatis
1300 604 1352 654 et
1387 599 1616 653 iustitiae
1654 599 2157 670 praestantissimum
2195 615 2336 653 ama-

412 701 605 766 torem,
655 697 711 750 in
760 697 988 750 adversis
1035 697 1251 766 fortem,
1303 697 1359 749 in
1406 695 1669 766 prosperis
1717 698 2063 765 temperatum
2102 698 2154 748 et
2189 694 2337 749 iuxta

413 793 634 863 apostoli
681 793 875 846 dictum
892 790 904 813 ¹
941 793 1088 846 bonis
1136 793 1366 846 moribus
1405 796 1670 860 ornatum,
1718 791 1988 862 pudicum,
2027 791 2333 860 modestum,

413 888 670 956 sobrium,
711 892 934 956 castum,
973 889 1307 959 hospitalem,
1357 890 1564 942 domum
1604 905 1750 943 suam
1787 881 1917 941 bene
1953 890 2242 956 regentem,
2279 886 2335 939 in

411 985 606 1052 gremio
645 984 797 1038 huius
835 984 1017 1037 matris
1057 984 1300 1039 ecclesiae
1339 1002 1370 1039 a
1394 986 1618 1055 pueritia
1644 984 1769 1038 satis
1794 981 2120 1035 notabiliter‘*
2150 981 2334 1036 educa-

410 1084 521 1134 tum
560 1084 611 1134 et
637 1080 844 1134 doctum
871 1084 1024 1148 atque
1048 1097 1143 1150 pro
1168 1081 1307 1134 vitae
1331 1082 1515 1135 merito
1540 1082 1596 1135 in
1622 1079 2064 1134 archidiaconatus
2087 1077 2332 1131 honorem

410 1193 571 1246 usque
596 1176 747 1229 hodie
775 1176 1124 1245 sublimatum,
1159 1177 1601 1231 Heldibrandumh
1629 1176 1868 1231 videlicet
1901 1173 2332 1242 archidiaconum,

411 1289 562 1342 quem
603 1272 872 1325 ammodo⁰
912 1275 964 1325 et
999 1289 1162 1341 usque
1199 1273 1255 1325 in
1293 1274 1667 1343 sempiternum
1704 1275 1755 1326 et
1792 1287 1903 1325 esse
1937 1273 1989 1324 et
2013 1270 2116 1323 dici
2141 1267 2334 1337 Grego-

408 1369 545 1422 rium
580 1385 773 1439 papam
811 1372 863 1422 et
901 1368 1241 1439 apostolicum
1277 1369 1513 1423 volumus
1554 1373 1606 1423 et
1643 1367 2004 1438 approbamus.
2153 1366 2336 1420 Placet

407 1466 584 1519 vobis?
620 1466 839 1530 „Placet
852 1466 896 1518 “.
1038 1465 1201 1518 Vultis
1234 1467 1378 1518 eum?
1414 1506 1443 1530 ,,
1461 1466 1703 1519 Volumus
1720 1465 1765 1516 “.
1895 1464 2151 1516 Laudatis
2189 1463 2334 1516 eum?

408 1562 800 1627 „Laudamus“.
949 1559 1084 1614 Acta
1119 1560 1281 1614 Rome
1323 1563 1390 1613 10
1427 1561 1686 1614 Kalendas
1723 1559 1865 1628 Maii,
1903 1559 2184 1612 indictione
2214 1561 2295 1612 11.

405 1732 431 1793 I
468 1726 553 1793 1⁹⁵.
587 1735 869 1808 Greyorius
891 1737 1004 1790 VII
1020 1737 1296 1791 Desiderio
1327 1739 1504 1791 abbati
1530 1736 1798 1790 Casinensi
1822 1755 1874 1789 se
1899 1755 2099 1808 papam
2125 1736 2332 1790 electum

581 1836 807 1887 nunciat.
866 1833 1014 1886 Iubet
1050 1852 1163 1886 eum
1201 1836 1272 1887 ad
1307 1853 1359 1887 se
1395 1833 1611 1887 venired.

555 1943 833 2012 Gregorius
872 1944 927 1997 in
965 1943 1257 1997 Romanum
1293 1943 1592 2015 pontificem
1631 1943 1821 1997 electus
1846 1942 2117 1996 Desiderio
2157 1941 2333 1996 abbati

406 2041 706 2110 monasterii
733 2040 900 2094 sancti
923 2039 1191 2094 Benedicti
1209 2039 1400 2094 Montis
1422 2040 1625 2094 Cassini
1651 2040 1871 2094 salutem
1896 2039 1952 2092 in
1972 2038 2176 2092 Christo
2197 2037 2327 2092 Iesu.

551 2137 805 2191 Dominus
839 2140 1042 2191 noster⁰
1067 2153 1207 2207 papa
1231 2137 1530 2191 Alexander
1567 2141 1800 2190 mortuus
1841 2139 1934 2189 est.
1994 2134 2151 2188 Cuius
2188 2151 2329 2188 mors

406 2251 561 2305 super
598 2251 682 2287 me
721 2232 906 2287 cecidit
944 2236 995 2286 et
1032 2233 1207 2286 omnia
1239 2233 1440 2287 viscera
1475 2250 1593 2287 mea
1629 2233 1925 2286 concutiens
1963 2231 2170 2301 penitus
2209 2247 2329 2284 con-

404 2330 649 2384 turbavit.
709 2327 868 2382 Namf
903 2328 958 2381 in
997 2332 1163 2382 morte
1203 2329 1413 2398 quidem
1451 2330 1559 2383 eius
1588 2329 1850 2382 Romanus
1887 2326 2109 2397 populus
2150 2330 2330 2381 contra

326 2436 329 2437 ’
404 2443 603 2481 morem
639 2426 716 2479 ita
754 2425 951 2494 quievit
989 2429 1040 2479 et
1075 2425 1132 2477 in
1167 2442 1327 2479 manu
1365 2430 1546 2479 nostra
1582 2424 1812 2478 consiliig
1836 2424 1983 2477 frena
2020 2423 2233 2491 dimisit,
2271 2426 2332 2476 ut

215 3021 305 3069 Apr.
325 3021 373 3057 22

406 2523 670 2576 evidenter
709 2525 998 2592 appareret,
1039 2538 1102 2574 ex
1140 2521 1240 2575 Dei
1276 2521 1632 2576 misericordia
1666 2521 1763 2575 hoc
1800 2520 2116 2591 provenisse.
2180 2518 2329 2573 Unde

407 2622 615 2689 accepto
656 2619 868 2673 consilio
894 2620 992 2673 hoc
1018 2619 1320 2672 statuimus:
1359 2622 1419 2671 ut
1443 2622 1561 2688 post
1583 2617 1883 2670 triduanum
1906 2616 2172 2683 ieiunium,
2210 2618 2332 2685 post

404 2715 623 2769 letanias
664 2719 715 2768 et
752 2715 1032 2768 multorum
1062 2715 1349 2768 orationem
1376 2714 1669 2768 elemosinis
1696 2713 1973 2779 conditam,
2013 2712 2186 2765 divino
2211 2711 2330 2765 fulti

407 2811 600 2864 auxilio
651 2814 993 2864 statueremus
1005 2811 1041 2879 ¹¹,
1089 2811 1244 2880 quodi
1281 2811 1467 2864 melius
1516 2811 1579 2864 de
1618 2809 1865 2863 electione
1900 2808 2121 2862 Romani
2156 2808 2328 2878 ponti-

404 2906 514 2961 ficis
563 2907 826 2960 videretur
836 2906 871 2959 ¹³.
952 2906 1054 2960 Sed
1100 2907 1296 2976 subit0,
1356 2923 1474 2960 cum
1529 2906 1823 2976 praedictus
1872 2905 2109 2958 dominus
2153 2907 2328 2957 noster

403 3021 543 3074 papa
597 3004 653 3056 in
711 3003 928 3057 ecclesia
977 3003 1259 3057 Salvatoris
1317 3002 1610 3073 sepulturae
1664 3002 1980 3069 traderetur,
2040 2999 2202 3053 ortus¹
2249 3002 2329 3052 est

404 3116 622 3167 magnus
662 3100 913 3153 tumultus
951 3100 1132 3170 populi
1170 3103 1221 3153 et
1256 3099 1510 3167 fremitUS,
1551 3103 1602 3152 et
1638 3099 1694 3151 in
1730 3115 1814 3151 me
1853 3097 2001 3166 quasi
2032 3095 2211 3149 vesani
2246 3095 2326 3147 in-

406 3199 765 3264 surrexerunt,
823 3193 956 3263 [nilm
994 3196 1221 3264 dicendi,
1268 3195 1344 3248 nil
1386 3194 1685 3249 consulendi
1730 3192 1991 3246 facultatis
2038 3194 2127 3244 aut
2170 3190 2328 3260 spatii

520 3338 553 3364 a.
587 3327 763 3365 nobiliter
790 3329 834 3373 1,
861 3326 1076 3365 notabiliter
1103 3328 1138 3363 2.
1240 3327 1276 3364 b.
1310 3327 1571 3364 Ildebrandum
1598 3329 1634 3364 2.
1736 3336 1767 3362 c.
1796 3323 1933 3362 {moda
1958 3325 1994 3360 1.
2103 3322 2139 3359 d.
2174 3323 2326 3372 Legitur

405 3396 513 3430 etiam
556 3392 595 3437 2)
623 3407 684 3441 ap.
705 3395 867 3430 Paulum
894 3393 1084 3438 Ber-mid„
1119 3395 1227 3429 Pont.
1254 3396 1361 3430 Rom.
1382 3395 1445 3430 vit.
1471 3395 1528 3431 ed.
1558 3391 1765 3430 Watterich
1795 3392 1814 3427 l
1845 3389 1939 3435 484,
1985 3387 2022 3434 3)
2052 3402 2112 3435 ap.
2133 3390 2324 3438 Hugonem

404 3461 626 3499 Flaviniac„
658 3462 761 3495 Mon.
784 3461 902 3496 Germ.
925 3460 992 3497 SS.
1020 3460 1119 3496 VIII
1134 3459 1221 3495 422.
1325 3471 1356 3495 e.
1384 3473 1452 3496 om.
1474 3461 1509 3496 3.
1612 3458 1639 3495 f.
1666 3459 1704 3493 et
1730 3458 1765 3493 3.
1867 3466 1902 3501 g.
1930 3454 1989 3491 sui
2015 3455 2049 3490 3.
2151 3453 2189 3490 11.
2216 3454 2323 3491 insti-

403 3526 592 3562 tueremus
620 3525 655 3560 3.
756 3524 781 3560 i.
810 3524 900 3571 quid
927 3525 962 3560 3.
1063 3524 1101 3561 k.
1129 3525 1353 3562 statueretur
1379 3525 1414 3561 3.
1514 3524 1540 3561 l.
1578 3524 1726 3562 exortus
1754 3522 1790 3558 3.
1891 3531 1940 3556 m.
1970 3519 2025 3556 nil
2055 3539 2094 3544 —-
2123 3521 2326 3567 rapuerunt

407 3591 547 3628 addidi
570 3605 617 3626 ex
643 3604 698 3638 ep.
723 3590 745 3626 3
773 3592 874 3635 infra
897 3603 935 3637 p.
957 3590 1018 3626 12.

521 3684 562 3727 1.
594 3683 619 3726 1
641 3681 834 3726 Timoth.
861 3682 901 3738 3,
925 3682 964 3725 2.
