2730 4198
664 309 939 349 GREGORII
977 311 1055 347 vn
1091 309 1357 348 REGISTRI
1394 309 1495 347 vm
1522 309 1583 345 31.
1604 309 1653 344 32
1682 306 1747 354 <1x
1766 307 1800 344 8.
1820 305 1872 353 9).
2132 294 2241 346 483

293 426 508 482 consilio
546 431 770 480 matrem
809 431 1056 496 vestram,
1099 427 1437 498 apostolicam
1475 426 1719 480 videlieet
1758 424 1950 492 sedem,
1989 439 2240 491 recogno-

292 527 509 591 scenteS,
551 540 666 577 eam
705 523 938 594 incipitis
980 540 1228 593 quaerere
1269 528 1321 576 et
1358 523 1614 590 venerari,
1653 538 1766 588 nOS,
1809 520 1899 588 qui
1923 519 2077 572 huius
2105 518 2241 572 sedis

291 620 527 688 quamvis
574 619 779 687 indigni
820 619 1224 673 sollicitudinem
1262 619 1519 687 gerimUS,
1569 617 1822 670 honorem
1860 619 2094 669 vestrum
2133 619 2243 667 tam

291 715 348 767 in
383 715 650 785 praesenti
691 731 847 784 quam
885 716 940 768 in
979 716 1153 768 futuro
1194 714 1477 768 secundum
1502 712 1675 765 Deum
1713 712 1928 779 diligere
1956 714 2008 763 et
2035 727 2243 763 servare

292 810 433 869 haud
471 827 620 864 secus
661 815 918 881 optamus.
994 810 1143 863 Unde
1182 814 1400 880 paterno
1440 825 1532 860 vos
1573 806 1761 860 affectu
1800 805 2137 859 adhortantes
2178 822 2244 858 ex

293 911 441 977 parte
491 907 631 960 beati
668 906 811 960 Petri
850 923 1122 960 monemus
1163 909 1318 973 atque
1356 902 1733 972 praecipimus:
1782 905 1842 954 ut
1880 917 2086 954 summa
2125 900 2242 953 dili-

293 1003 470 1071 gentia
500 1007 552 1057 et
579 1003 782 1056 cautela
808 1019 899 1055 vos
928 1002 992 1055 ab
1021 998 1482 1055 excommunicatis
1511 997 1772 1050 custodire
1799 997 2008 1078 curetis,
2038 1013 2098 1049 ac
2122 1013 2242 1066 per-

293 1099 520 1153 maxime
560 1099 804 1166 caveatiS,
848 1097 1132 1151 amicitiam
1170 1096 1303 1148 forte
1342 1094 1426 1147 vel
1463 1093 1687 1161 gratiam
1726 1092 1938 1145 illorum
1964 1092 2239 1162 captandO,

292 1194 480 1247 iisdem
506 1210 597 1247 vos
623 1193 823 1263 laqueis
851 1192 1200 1246 damnationis
1227 1191 1506 1244 innectere.
1623 1188 1769 1252 Quod
1798 1193 1974 1242 autem
1999 1188 2242 1259 petitioni

292 1293 498 1343 vestrae
549 1289 615 1342 ad
662 1286 910 1359 praesens
948 1289 1004 1341 in
1045 1286 1376 1357 adimplendo
1418 1303 1532 1339 eam
1570 1302 1676 1338 non
1714 1285 1954 1338 videmur
1993 1301 2240 1351 annuere,

293 1401 396 1437 non
442 1389 552 1438 tam
597 1388 808 1438 nostrae
846 1384 989 1438 velut
1036 1384 1268 1437 incuriae
1320 1399 1477 1450 quam
1523 1382 1775 1452 temporis
1825 1381 2242 1435 incommoditati

290 1479 463 1533 velitis
513 1480 813 1533 asscribere.
892 1479 1130 1548 Denique
1180 1495 1298 1532 cum
1348 1482 1554 1548 tempus
1604 1482 1919 1548 oportunum
1966 1507 2035 1513 —
2086 1477 2238 1546 quod,

291 1574 516 1628 Domino
553 1576 787 1644 favente,
838 1576 941 1629 cito
980 1576 1213 1628 futurum
1254 1591 1524 1645 speramus
1565 1605 1634 1610 —
1675 1574 1968 1642 advenerit,
2008 1573 2241 1643 postula-

289 1672 487 1725 tionem
524 1677 752 1726 vestram
791 1676 932 1726 recte
973 1670 1175 1725 efficere
1215 1688 1276 1724 ac
1313 1671 1562 1724 honorem
1601 1675 1834 1723 vestrum
1871 1669 2016 1722 salva
2039 1669 2242 1723 iustitia

291 1784 499 1821 servare
531 1768 820 1838 opitulante
848 1768 1123 1821 clementia
1150 1768 1327 1821 divina
1353 1784 1457 1820 non
1486 1766 1868 1836 pigritabimur.
1932 1765 2076 1818 Sicut
2102 1765 2242 1818 enim

290 1864 346 1916 in
395 1869 574 1917 sancta
624 1864 842 1918 ecclesia
890 1865 1081 1917 caritas
1131 1864 1269 1917 circa
1317 1880 1498 1916 omnes
1548 1862 1862 1930 generaliter
1899 1862 2126 1915 tenenda
2165 1862 2242 1914 di—

289 1960 538 2028 noscitur,
579 1960 656 2013 ita
695 1977 846 2013 suum
886 1960 1191 2029 quibusque,
1231 1960 1433 2012 iustitia
1472 1959 1718 2026 dictante,
1762 1958 2012 2012 honorem
2041 1958 2241 2028 specia-

289 2054 409 2109 liter
454 2073 559 2109 non
609 2056 970 2124 denegandum
1018 2056 1129 2109 fore
1169 2056 1261 2109 sed
1298 2054 1596 2107 habendum
1634 2054 2023 2124 perpendimus
2103 2054 2242 2107 Data

291 2153 323 2204 6
363 2151 483 2205 Idus
521 2152 739 2222 Aprilis,

287 2320 418 2383 VIII
445 2325 522 2383 32
560 2321 658 2394 (lX
686 2326 762 2396 9).
830 2328 890 2381 Τ.
940 2331 1140 2381 comitis
1200 2346 1325 2397 erya
1380 2329 1551 2379 sedem
1608 2328 1952 2398 apostolicam
2009 2289 2241 2381 studium

473 2423 670 2478 laudat.
731 2426 925 2490 Monet,
968 2435 1024 2477 ut
1065 2426 1531 2476 excommunicatos
1556 2424 1760 2493 fuyz'at.

436 2531 717 2601 Gregorius
777 2536 1052 2605 episcopus
1101 2551 1281 2588 servus
1333 2550 1604 2587 servorum
1649 2533 1750 2587 Dei
1802 2534 1860 2588 T.
1911 2534 2237 2588 nobilissimo

290 2628 469 2681 comiti
506 2629 727 2682 salutem
766 2634 819 2684 et
858 2631 1197 2701 apostolicam
1237 2630 1665 2684 benedictionem.

436 2723 689 2787 Quoniam
729 2725 1055 2780 devotionem
1090 2732 1236 2780 tuam
1264 2744 1387 2795 erga
1414 2743 1742 2781 communem
1767 2729 2006 2794 matrem,
2046 2726 2236 2780 Roma-

286 2837 410 2872 nam
447 2820 690 2874 videlicet
728 2821 1047 2891 aecclesiam,
1088 2822 1397 2876 fidissimam
1436 2825 1491 2876 in
1532 2822 1790 2890 omnibUS,
1830 2822 2009 2876 multis
2038 2827 2089 2876 et
2114 2839 2235 2893 pro-

287 2915 422 2969 batis
442 2916 568 2969 viris
597 2917 964 2970 attestantibus
993 2922 1044 2970 et
1069 2919 1297 2971 maxime
1323 2919 1603 2972 karissimo
1625 2919 1787 2971 fratre
1807 2923 1987 2971 nostro
2009 2918 2233 2986 U(gone)

286 3011 471 3065 Diensi
509 3012 750 3082 episcopo
790 3013 1064 3081 referente,
1106 3015 1482 3082 cognoscimuS,
1523 3015 1674 3067 valde
1713 3014 1938 3068 letamur
1977 3019 2029 3067 et
2069 3015 2235 3068 omni-

286 3109 512 3178 potentis
530 3108 631 3161 Dei
659 3125 914 3178 supernae
942 3109 1245 3162 clementiae
1272 3113 1446 3177 grates
1472 3110 1763 3163 referimus.
1807 3109 2028 3163 Oramus
2057 3111 2232 3179 etiam,

285 3209 345 3258 ut
382 3204 560 3258 divina
595 3209 846 3274 preeunte
885 3204 1159 3258 clementia
1199 3206 1273 3258 sic
1312 3210 1521 3275 ceptum
1562 3206 1757 3259 bonum
1797 3206 1861 3259 ad
1886 3204 2045 3260 finem
2069 3223 2234 3275 usque

286 3300 565 3370 perducaS,
616 3305 871 3370 quatenus
919 3301 1032 3370 ille,
1083 3302 1227 3355 cuius
1280 3301 1471 3354 iudicio
1509 3300 1742 3353 fidelium
1782 3301 2000 3355 ecclesia
2038 3301 2233 3355 Christi

288 3396 563 3449 commissa
602 3401 704 3465 est,
755 3402 1092 3467 peccatorum
1129 3397 1350 3450 nexibus
1392 3397 1712 3464 absolutum,
1762 3395 1824 3449 in'
1858 3397 2141 3450 electorum
2179 3401 2232 3451 te

285 3490 443 3544 faciat
480 3496 618 3545 sorte
657 3493 932 3547 conscribi.
993 3493 1065 3546 Te
1097 3494 1272 3561 itaque
1298 3493 1576 3545 karissime
1600 3491 1676 3544 fili
1701 3492 1988 3560 hortamur,
2027 3497 2086 3545 ut
2111 3497 2232 3546 tuae

286 3587 474 3639 mentis
514 3587 687 3641 oculos
735 3589 790 3641 in
830 3589 1028 3642 aeterni
1066 3590 1204 3656 regis
1246 3605 1421 3641 amore
1462 3594 1514 3642 et
1552 3605 1645 3657 spe
1682 3588 2037 3641 indesinenter
2073 3588 2229 3656 figas3

287 3698 351 3734 ne
389 3682 631 3736 nobilitas
668 3688 776 3753 tua,
818 3684 882 3738 ab
920 3685 1060 3738 illius
1100 3685 1375 3739 divinitate
1414 3701 1540 3753 prae
1579 3685 1797 3737 caeteris
1838 3684 2084 3753 exaltata,
2125 3689 2231 3738 ter-

1779 3769 1877 3814 31*

2279 429 2393 472 1081

2200 519 2210 528 .
2271 489 2361 535 Apr.
2380 490 2402 526 8

2287 2550 2399 2592 1081

2266 2611 2356 2658 Apr.
2377 2611 2424 2647 28
