2730 4152
964 1131 1558 1212 PROOEMIUM.

263 1445 364 1532 ,ln
408 1472 601 1532 veteri
634 1470 989 1533 Germaniae
1031 1472 1322 1533 memoria
1362 1491 1485 1531 non
1530 1469 1831 1550 reperitur
1875 1473 2110 1550 tempus
2148 1469 2238 1529 ul-

287 1590 440 1665 lum,
491 1609 609 1670 quo
656 1591 825 1668 regia
869 1595 1135 1671 potestas
1185 1594 1243 1650 et
1289 1589 1658 1651 constantius
1703 1587 2238 1667 vehementiusque

289 1713 738 1789 oppugnaretur
787 1713 845 1768 et
891 1713 1311 1770 concuteretur
1343 1707 1661 1781 efficaciuS,
1712 1724 1890 1785 quam
1921 1725 2058 1766 cum
2089 1704 2238 1766 Gre-

292 1827 495 1904 gorius
519 1825 626 1888 VII
670 1827 940 1907 pontifex
971 1827 1292 1901 RomanUS,
1341 1845 1630 1886 summam
1662 1823 1927 1884 omnium
1973 1824 2242 1900 gentium

293 1943 761 2005 dominationem
808 1950 1116 2026 appetens,
1164 1945 1227 2004 in
1272 1944 1482 2024 primis
1527 1942 1881 2003 Heinricum
1910 1940 1989 2003 IV
2034 1961 2241 2019 regem

289 2062 676 2123 validissimis
738 2064 1030 2124 ecclesiae
1079 2063 1258 2123 armis
1303 2060 1795 2143 persequebatur.
1893 2060 2089 2132 Quare
2139 2060 2240 2139 qui

290 2199 535 2257 gravem
580 2181 743 2241 illam
771 2182 1056 2242 historiae
1088 2185 1329 2242 nostrae
1370 2184 1600 2260 partem
1631 2178 1980 2259 perspicere
2013 2178 2238 2252 volunt,

292 2317 397 2358 eos
444 2303 632 2359 totum
664 2300 823 2360 hunc
855 2300 1203 2380 pontificem
1243 2298 1621 2379 praeclarum
1653 2314 2022 2373 cognoscere
2057 2300 2116 2355 et
2145 2295 2238 2355 in-

291 2416 469 2493 genio
542 2423 601 2477 et
659 2418 926 2479 consiliis
997 2422 1056 2478 et
1112 2417 1282 2478 factis
1341 2420 1620 2496 oportere
1680 2414 2059 2474 manifestum
2130 2418 2235 2474 est.

288 2533 498 2614 Neque
544 2555 689 2596 vero
722 2536 1063 2597 huiusmodi
1107 2535 1359 2597 scientia
1392 2553 1466 2594 ex
1498 2533 1629 2594 aliis
1660 2532 1991 2592 litterarum
2024 2550 2238 2592 monu-

289 2653 505 2712 mentis
554 2653 756 2732 colligi
801 2659 1003 2735 potest
1049 2659 1148 2714 aut
1195 2653 1488 2714 sincerior
1531 2655 1630 2712 aut
1671 2650 2014 2731 perfectior,
2064 2668 2241 2729 quam

291 2789 365 2830 ex
411 2771 601 2851 ipsius
643 2792 837 2852 papae
872 2773 1158 2853 epistoliS,
1210 2791 1460 2851 quarum
1491 2770 1698 2850 ampla
1717 2787 1857 2849 pars
1888 2767 1952 2827 in
1982 2767 2238 2845 registro

286 2888 446 2949 inest
491 2889 563 2950 ab
614 2889 827 2953 eodem
870 2891 1156 2971 pontifice
1186 2890 1422 2967 vulgari
1451 2889 1635 2948 iusso,
1710 2885 2086 2965 Tantumque
2135 2885 2237 2946 ab-

285 3006 411 3082 fuit,
440 3027 576 3068 cum
595 3008 928 3069 'secundum
960 3009 1118 3069 hunc
1140 3008 1540 3069 bibliothecae
1564 3011 1791 3066 tomum
1816 3003 2109 3081 Gregorio
2134 3002 2240 3065 VII

291 3123 699 3201 destinassem,
748 3131 814 3186 ut
859 3146 933 3187 ex
978 3127 1234 3203 registro
1270 3144 1370 3186 eas
1401 3129 1632 3185 tantum
1663 3122 1981 3200 seligerem
2013 3121 2236 3202 episto-

287 3241 394 3317 laS,
444 3262 596 3322 quae
642 3245 890 3325 proprie
939 3244 1012 3305 ad
1043 3244 1354 3304 historiam
1387 3241 1801 3303 Germanicam
1837 3243 2126 3320 spectant,
2174 3243 2240 3299 ut

287 3360 570 3422 universo
605 3381 789 3443 opere
820 3362 1152 3442 proposito,
1182 3380 1388 3422 omnes
1423 3361 1602 3420 etiam
1627 3376 2038 3438 quaecumque
2072 3360 2239 3417 extra

284 3477 604 3555 registrum
647 3480 1036 3541 inveniuntur
1080 3498 1274 3559 papae
1320 3479 1547 3539 litteras
1596 3477 1807 3536 afferre
1850 3475 2033 3535 satius
2063 3474 2234 3536 vide-

284 3599 466 3656 retur.
542 3597 767 3670 Quibus
817 3598 1062 3658 adiunxi
1114 3597 1351 3674 insigne
1397 3593 1754 3656 Bonithonis
1803 3592 2077 3673 episcopi
2123 3591 2234 3654 Su-

285 3714 428 3774 trini
461 3734 611 3796 opus
645 3716 718 3776 ad
751 3716 1024 3792 amicum,
1049 3715 1231 3796 idque
1263 3714 1523 3776 lectione
1559 3712 1766 3774 critica
1799 3710 2229 3789 dignissimum.
