2730 4198
334 433 449 478 1078

313 494 406 540 Aug.
425 496 473 531 22

505 299 612 350 324
1045 310 1320 348 GREGORII
1358 311 1436 346 vn
1474 309 1738 347 REGISTRI
1774 311 1832 347 v1
1858 312 1893 347 2.

506 430 631 482 adeo
672 446 819 482 suum
860 426 1040 480 fecerit
1078 443 1190 480 esse
1230 426 1508 493 vicarium,
1549 429 1608 478 ut
1645 442 1739 496 per
1778 443 1895 479 eum
1934 428 2126 482 ibidem
2168 428 2440 482 concilium

504 524 742 591 generale
782 523 1130 576 celebraretur
1169 527 1235 590 et,
1277 521 1522 591 quicquid
1561 522 1787 591 synodus
1816 529 1996 577 sancta
2021 524 2336 593 decerneret,
2378 525 2441 578 ad

501 618 655 672 finem
696 635 754 672 eo
795 622 1080 686 exequente
1117 618 1487 688 perduceretur
1502 613 1529 670 ¹.
1681 616 1760 670 Ne
1784 618 1945 685 igitur
1973 620 2037 672 ad
2074 623 2278 673 tantum
2316 620 2443 674 velit

502 715 705 767 culmen
743 718 917 767 vestra
953 714 1254 767 fraternitas
1294 714 1439 782 erigi,
1478 717 1553 782 ut,
1601 730 1732 782 quae
1769 713 1825 766 in
1864 715 2033 768 causis
2073 717 2301 769 omnium
2342 715 2442 769 Ro-

501 810 668 863 manis
708 809 1038 880 pontificibus
1076 814 1193 863 rata
1228 792 1439 863 fuerunt
1478 813 1530 863 et
1566 809 1734 877 licita,
1785 809 1840 862 in
1877 811 2038 863 vestri
2089 811 2246 865 solius
2287 829 2443 866 causa

501 906 650 959 irrita
688 906 859 959 velitis
900 910 952 959 et
987 905 1172 959 illicita
1208 905 1371 959 reddi.

584 1011 588 1015 ”
648 1001 733 1054 Ad
770 1001 826 1054 id
865 1005 1062 1069 autem,
1112 1001 1251 1069 quod
1289 1001 1351 1054 de
1389 1000 1663 1071 privilegio
1713 1000 1910 1068 dicitiS,
1959 999 2187 1054 breviter
2233 1001 2442 1055 interim

500 1097 900 1166 respondemus:
953 1097 1091 1165 quod
1138 1101 1357 1167 possunt
1397 1096 1652 1164 quaedam
1689 1096 1745 1148 in
1783 1095 2070 1166 privilegiis
2118 1114 2212 1167 pro
2251 1115 2308 1151 re
2346 1114 2442 1167 pro

500 1209 723 1263 persona
760 1209 855 1262 pro
893 1196 1130 1262 tempore
1167 1210 1262 1263 pro
1300 1193 1412 1245 loco
1453 1193 1681 1260 concedi,
1722 1209 1852 1261 quae
1889 1193 2080 1246 iterum
2107 1209 2202 1263 pro
2231 1193 2442 1260 eisdem,

501 1289 546 1340 si
584 1289 864 1341 necessitas
903 1287 986 1340 vel
1024 1288 1224 1341 utilitas
1264 1288 1430 1341 maior
1470 1289 1715 1356 exegerit,
1755 1288 1972 1342 licenter
1996 1288 2174 1342 valent
2213 1305 2442 1341 commu-

499 1384 615 1436 tari.
672 1383 956 1450 Privilegia
1002 1383 1259 1451 siquidem
1306 1401 1410 1437 non
1456 1384 1645 1449 debent
1682 1388 1977 1437 sanctorum
2019 1388 2227 1454 patrum
2268 1388 2443 1437 aucto—

498 1479 705 1531 ritatem
734 1478 1034 1546 infringere,
1077 1478 1167 1531 sed
1195 1479 1411 1532 utilitati
1437 1484 1646 1533 sanctae
1673 1479 1919 1533 ecclesiae
1945 1481 2258 1550 prospicere.
2318 1480 2443 1534 Inde

501 1578 603 1641 est,
645 1573 782 1642 quod
822 1604 888 1612 ——
933 1574 1258 1627 Arelatensis
1299 1575 1516 1628 ecclesia
1553 1592 1658 1627 non
1697 1575 1864 1628 solum
1904 1592 1934 1628 a
1971 1576 2123 1629 beato
2164 1573 2442 1644 Gregorio²

497 1670 705 1723 doctore
743 1668 984 1722 dulcifluo
1026 1670 1116 1722 sed
1156 1670 1312 1723 etiam
1354 1687 1384 1722 a
1408 1670 1644 1739 pluribus
1672 1671 1780 1722 eius
1808 1671 2000 1724 sanctis
2030 1672 2442 1725 antecessoribus

497 1782 614 1818 cum
653 1765 869 1819 haberet
905 1765 1072 1818 vicem
1113 1765 1249 1818 sedis
1290 1765 1630 1835 apostolicae:
1670 1770 1729 1819 ut
1754 1783 1932 1819 omnes
1973 1767 2241 1836 episcopos
2281 1767 2441 1820 totius

495 1862 644 1929 regni
682 1861 1028 1929 Francorum,
1078 1860 1215 1929 quod
1253 1864 1377 1913 tunc
1415 1860 1570 1913 latius
1611 1862 2011 1930 extendebatur,
2064 1862 2129 1914 ad
2167 1862 2442 1914 concilium

496 1961 804 2011 convocaret
851 1972 1041 2025 eosque
1087 1957 1144 2009 in
1191 1956 1383 2009 iudicio
1432 1958 1826 2024 constrinxerit3
1878 1958 1989 2011 sine
2039 1958 2183 2011 cuius
2230 1958 2444 2011 licentia

496 2053 652 2106 nullis
693 2071 759 2106 ex
798 2070 959 2123 supra
998 2052 1150 2106 dictis
1190 2053 1446 2127 episcopis
1485 2053 1638 2121 longe
1678 2071 1708 2106 a
1747 2070 1839 2106 suo
1869 2054 2173 2124 episcopatu
2210 2054 2290 2106 fas
2330 2057 2443 2106 erat

497 2149 638 2202 abire
678 2180 747 2185 —
787 2153 908 2219 post
955 2149 1130 2217 aliqua
1176 2152 1414 2218 tempora
1461 2165 1556 2218 pro
1605 2149 1915 2217 quibusdam
1966 2150 2136 2202 causis
2174 2150 2442 2219 praedicta

495 2249 725 2315 potestas
767 2249 819 2298 et
858 2245 1139 2298 auctoritas
1179 2245 1427 2312 cessavit,
1469 2249 1521 2298 et
1559 2262 1705 2297 suam
1743 2245 1908 2298 vicem
1950 2245 2065 2298 aliis
2106 2245 2290 2314 quibus
2328 2245 2441 2315 pla-

496 2341 603 2394 cuit
642 2341 789 2394 sedes
829 2340 1116 2410 apostolica
1154 2340 1422 2394 concessit.
1482 2340 1752 2394 Remensis
1801 2341 1985 2409 etiam,
2035 2341 2118 2394 cui
2155 2340 2438 2410 praesideS,

497 2436 714 2490 ecclesia
752 2436 977 2505 quodam
1014 2440 1249 2506 tempore
1296 2436 1512 2506 primati
1561 2437 1818 2490 subiacuit
1865 2440 1916 2489 et
1962 2437 2035 2505 ei,
2083 2440 2142 2489 ut
2189 2436 2439 2504 magistro

495 2537 617 2602 post
651 2531 944 2585 Romanum
991 2531 1316 2602 pontificem,
1368 2533 1609 2586 obedivit.
1670 2532 1818 2596 Quod
1856 2536 1908 2586 et
1946 2533 2008 2585 de
2047 2532 2282 2602 pluribus
2323 2532 2440 2585 aliis

497 2628 726 2680 ecclesiis
775 2627 992 2697 potestis
1040 2628 1300 2696 invenire,
1355 2629 1399 2682 si
1447 2633 1745 2683 sanctorum
1790 2632 2002 2699 patrum
2049 2628 2187 2681 dicta
2235 2632 2286 2681 et
2326 2632 2441 2681 acta

494 2723 787 2792 procuratis
815 2723 1091 2791 diligenter
1115 2725 1446 2792 investigare.
1596 2725 1704 2778 Nec
1729 2724 1784 2777 id
1810 2725 2045 2792 dicimus,
2081 2727 2140 2776 ut
2166 2724 2441 2794 privilegia

494 2822 697 2872 vestrae
727 2819 972 2873 ecclesiae
999 2823 1180 2873 contra
1205 2821 1462 2874 rationem
1482 2821 1565 2875 vel
1590 2821 1805 2889 infringi
1824 2820 2043 2874 velimus
2063 2819 2147 2872 vel
2171 2819 2435 2884 imminui3

495 2915 558 2967 de
600 2915 784 2983 quibus
822 2915 932 2969 vita
970 2915 1158 2969 comite
1198 2933 1288 2969 suo
1328 2920 1561 2987 tempore
1602 2934 1690 2970 ore
1717 2917 1783 2970 ad
1809 2933 1865 2970 os
1893 2916 2108 2969 otiosius
2136 2914 2439 2968 collocuturi

495 3026 690 3062 sumus,
752 3009 854 3064 Sed
891 3011 1103 3065 interim
1143 3012 1470 3066 dilectionem
1508 3017 1739 3066 vestram
1778 3030 1842 3066 ex
1881 3016 2030 3082 parte
2064 3010 2204 3064 beati
2231 3014 2438 3080 aposto-

494 3105 661 3158 lorum
701 3107 953 3178 principis
992 3107 1137 3162 Petri
1176 3109 1539 3162 admonemus:
1589 3113 1649 3162 ut
1688 3139 1756 3145 ——
1799 3107 2248 3177 quemadmodum,
2288 3106 2436 3159 vobis

494 3200 689 3254 Romae
715 3203 918 3272 positiS,
953 3205 1316 3258 constituimus
1344 3235 1413 3242 -
1445 3222 1620 3258 coram
1645 3203 1828 3257 Diensi
1854 3198 2122 3272 episcopo³
2151 3207 2202 3255 et
2227 3200 2436 3254 Clunia-

495 3297 636 3349 censi
677 3295 905 3368 abbate⁴,
953 3300 1138 3369 quibus
1177 3301 1232 3354 in
1270 3301 1352 3354 his
1392 3302 1559 3355 vicem
1596 3303 1829 3353 nostram
1868 3298 2248 3365 commisimuS,
2291 3314 2436 3351 occa-

496 3392 725 3446 sionibus
773 3396 972 3448 cunctis
1024 3396 1407 3466 obstaculisque
1455 3396 1695 3463 remotiS,
1746 3411 1901 3463 super
1945 3393 2157 3446 obiectis
2198 3393 2436 3447 omnibus

496 3487 610 3540 sitis
648 3490 964 3559 respondere
1002 3492 1191 3561 parati,
1230 3492 1468 3561 legaliter
1506 3491 1820 3557 satisfacere,
1860 3490 2104 3543 canonice
2141 3488 2434 3560 purificari3

614 3617 653 3659 1.
685 3617 742 3662 V.
766 3619 966 3675 Regesta
995 3625 1118 3676 pont.
1140 3622 1269 3665 Rom.
1302 3636 1345 3666 n.
1370 3622 1469 3665 788.
1620 3622 1660 3664 2.
1703 3620 1901 3675 Regesta
1930 3622 2054 3675 pont.
2077 3619 2205 3664 Rom.
2237 3634 2281 3664 n.
2305 3619 2434 3664 1005.
2502 3606 2504 3608 ¹

495 3688 536 3730 3.
568 3688 775 3744 Hugone.
924 3693 967 3736 4.
999 3694 1206 3749 Hugone.
