2782 4198
822 314 1099 353 GREGoRn
1133 315 1214 352 vn
1251 313 1516 352 REG1s⁷r131
1550 314 1617 350 111
1644 311 1704 349 19.
1730 311 1792 349 20.
2171 298 2279 350 235

333 432 562 488 maximo
611 432 975 503 episcoporum
1022 448 1239 485 numero
1286 430 1591 499 regebatur,
1643 429 1709 483 ad
1745 431 1951 483 tantum
1989 427 2280 498 periculum

335 529 625 598 devenerit,
673 532 733 582 ut
768 529 825 582 in
864 528 1151 582 ordinando
1192 528 1435 598 episcopo
1475 531 1580 580 tres
1619 542 1725 579 non
1762 525 1953 578 habeat
1991 523 2276 594 episcopos.

335 625 448 690 Qua
493 625 549 678 in
596 642 653 678 re
701 625 992 678 maximum
1041 623 1354 677 christianae
1401 621 1668 689 religionis
1717 620 2004 691 periculum
2045 619 2281 693 conside-

333 725 536 790 ranteS,
584 724 636 775 et
671 721 728 774 in
765 722 996 775 maximo
1037 737 1160 789 agro
1199 719 1382 790 paucis
1420 717 1673 787 operariis
1713 716 2086 771 desudantibus
2125 716 2281 770 corde

333 821 486 872 tenus
524 818 916 888 compatientes,
958 816 1302 871 consulimus‘¹
1341 813 1507 882 vobiS,
1547 812 1789 866 videlicet
1826 812 1924 866 tibi
1962 816 2014 866 et
2050 808 2158 865 illil
2197 812 2282 865 cui

333 930 502 985 nuper
538 931 754 968 manum
789 914 1159 984 imposuimus:
1199 914 1259 964 ut
1286 910 1514 980 aliquam
1541 925 1822 979 personam
1849 908 2133 962 secundum
2159 924 2282 962 con-

335 1010 661 1064 stitutionem
700 1013 999 1064 sanctorum
1036 1012 1247 1079 patrum
1285 1006 1489 1074 eligatis
1527 1005 1781 1074 nobisque
1821 1021 1938 1058 eam
1973 1004 2164 1058 litteris
2193 1021 2281 1058 ve-

336 1107 458 1160 stris
495 1106 683 1160 fultam
719 1106 972 1171 mittatis3
1021 1108 1291 1173 quatenus,
1330 1102 1447 1172 ipso
1473 1101 1586 1154 Deo
1627 1104 1938 1171 cooperante
1966 1118 1997 1154 a
2020 1101 2171 1155 nobis
2198 1117 2281 1154 or-

336 1203 513 1257 dinato
551 1202 801 1271 vobisque
838 1202 1074 1269 remiSSO,
1114 1198 1415 1253 necessitati
1453 1196 1806 1266 ecclesiarum,
1848 1201 1904 1250 ut
1934 1198 2101 1251 sancti
2127 1213 2282 1251 cano-

334 1317 427 1353 nes
465 1299 809 1370 praecipiunt,
850 1298 1216 1368 episcoporum
1255 1293 1670 1348 ordinationibus
1711 1310 2010 1348 succurrere
2037 1293 2279 1361 valeatis3

336 1399 388 1449 et
435 1399 493 1448 ut
541 1395 825 1448 christiana
871 1410 997 1461 gens
1047 1392 1236 1446 cotidie
1286 1391 1512 1459 gaudeat
1561 1394 1717 1459 atque
1753 1389 1994 1461 proficiat
2030 1390 2283 1461 pastorali

333 1490 611 1559 regimine,
653 1494 705 1544 et
740 1489 915 1558 labor,
958 1490 1047 1558 qui
1085 1505 1246 1559 supra
1282 1488 1421 1541 vires
1459 1503 1552 1540 vos
1592 1487 1868 1558 opprimit,
1906 1486 2072 1540 levior
2110 1487 2180 1540 sit
2217 1504 2283 1540 ex

333 1586 593 1640 sociorum
634 1586 929 1640 necessaria
968 1584 1436 1639 administratione.
1501 1582 1643 1637 Data
1679 1582 1875 1637 Romae
1912 1600 2092 1638 mense
2128 1582 2281 1652 Iunii,

330 1681 614 1737 indictione
657 1683 740 1736 14.

330 1852 409 1915 III
435 1857 535 1915 20.
567 1858 772 1913 Clarum
811 1870 858 1913 et
885 1859 1149 1931 populum
1173 1859 1382 1911 Buzeae
1421 1860 1676 1924 hortatur,
1717 1870 1776 1913 ut
1802 1858 2075 1914 Servando
2107 1859 2279 1912 archi-

574 1959 814 2027 episcopo
854 1976 888 2009 a
924 1974 1030 2008 sese
1068 1966 1360 2009 consecrato
1402 1956 1758 2027 obtemperent.

484 2065 765 2136 Gregorius
813 2067 1087 2138 episcopus
1135 2083 1316 2121 servus
1365 2083 1635 2120 servorum
1673 2065 1775 2120 Dei
1819 2065 1957 2120 clero
1997 2069 2049 2120 et
2086 2064 2279 2136 populo

331 2163 568 2218 Buzeaeb
605 2163 663 2216 in
706 2162 1022 2232 Mauritania
1073 2162 1344 2231 Sitifense,
1391 2163 1447 2215 id
1497 2166 1576 2216 est
1621 2163 1677 2216 in
1714 2163 1920 2232 Africa,
1970 2162 2281 2216 constituto⁰

334 2259 557 2314 salutem
597 2264 648 2314 et
686 2259 1028 2330 apostolicam
1065 2258 1497 2313 benedictionem.

483 2355 805 2411 Servandum
848 2356 1320 2427 archiepiscopum,
1372 2372 1527 2425 quem
1566 2371 1598 2408 a
1633 2354 1782 2409 vobis
1822 2354 2044 2409 electum
2085 2354 2151 2408 ad
2187 2371 2283 2408 nos

335 2453 740 2507 consecrandum
767 2451 1003 2520 misistiS,
1030 2452 1179 2505 iuxta
1202 2452 1511 2522 petitionem
1539 2455 1784 2520 vestram,
1808 2451 2091 2506 secundum
2115 2450 2284 2519 legem

335 2551 595 2618 nostram,
642 2548 821 2602 divina
857 2548 1064 2602 favente
1104 2547 1379 2602 clementia
1417 2548 1834 2603 consecravimus
1875 2553 2055 2618 atque,
2104 2564 2282 2602 conse-

338 2647 539 2697 cratum
584 2644 881 2713 nostrisque
929 2644 1184 2712 legalibus
1235 2644 1494 2714 moribuS,
1541 2645 1607 2718 'in
1660 2648 1913 2714 quantum
1961 2644 2283 2715 possibilitas

337 2740 668 2810 spatiumque
706 2740 956 2810 temporis
995 2740 1228 2810 indulsit,
1280 2741 1558 2809 diligenter
1594 2741 1925 2810 instructum,
1967 2741 2035 2794 ad
2071 2757 2164 2795 vos
2201 2757 2283 2794 re-

335 2836 590 2889 misimus.
651 2834 814 2899 Quem
863 2852 981 2889 cum
1020 2837 1162 2889 omni
1202 2837 1477 2890 devotione
1514 2841 1727 2891 mutuae
1767 2837 2000 2891 caritatis
2041 2837 2284 2907 omnique

335 2932 632 2986 reverentia
669 2932 980 2986 christianae
1020 2932 1286 3000 religionis
1324 2950 1568 3001 rogamus
1610 2950 1670 2987 ac
1697 2938 1920 3004 paterna
1946 2933 2164 2987 caritate
2190 2950 2283 2987 vos

334 3046 607 3082 monemus
660 3029 950 3098 suscipere,
1000 3031 1052 3081 et
1101 3045 1308 3082 omnem
1356 3029 1739 3083 oboedientiam
1778 3029 1984 3083 divinae
2021 3029 2151 3097 legis
2190 3046 2283 3083 vos

334 3125 606 3178 hortamur
646 3125 746 3178 sibi
782 3124 1050 3178 humiliter
1077 3124 1346 3178 exhibere:
1387 3130 1640 3194 quatenus
1676 3126 1859 3196 populi
1887 3125 2282 3194 Saracenorum,

337 3222 426 3290 qui
464 3221 603 3275 circa
638 3238 731 3275 vos
771 3224 893 3274 sunt
933 3251 1001 3257 —
1040 3220 1276 3274 videntes
1317 3221 1669 3275 sinceritatem
1708 3221 1831 3275 fidei
1868 3226 2099 3289 vestrae,
2141 3221 2285 3290 puri-

335 3321 498 3371 tatem
548 3334 752 3387 quoque
798 3322 1010 3371 mutuae
1055 3317 1194 3370 inter
1241 3334 1333 3370 vos
1383 3317 1591 3370 divinae
1641 3318 1873 3371 caritatis
1924 3334 1985 3372 ac
2021 3318 2285 3371 fraternae

337 3413 627 3468 dilectionis
651 3444 718 3450 —
741 3414 915 3484 potius
957 3413 1022 3466 ad
1061 3413 1430 3467 emulationem
1469 3430 1625 3482 quam
1664 3414 1731 3466 ad
1766 3416 2123 3483 contemptum
2149 3413 2286 3467 chri-

338 3509 537 3564 stianae
573 3509 696 3564 fidei
735 3527 801 3564 ex
825 3510 1014 3564 vestris
1043 3509 1287 3580 operibus
1315 3514 1675 3580 provocentur.
1735 3509 1956 3580 Oportet
1994 3510 2150 3579 enim,
2190 3527 2283 3564 vos

453 3645 487 3671 a.
522 3635 779 3673 consuluimus
807 3651 837 3672 c.
982 3635 1020 3672 b.
1046 3635 1088 3672 id
1114 3636 1174 3673 est
1198 3635 1360 3684 Yppona
1387 3635 1543 3674 addidit
1568 3648 1701 3673 manus
1729 3637 1825 3675 alia.
1963 3646 1995 3674 e.
2026 3635 2223 3674 constituti
2249 3650 2280 3673 c.

456 3713 497 3756 1.
529 3711 774 3759 Servando.
819 3714 877 3760 V.
910 3726 980 3771 ep.
1004 3715 1061 3758 20
1090 3713 1221 3758 infra.

2312 433 2426 477 1076

2327 493 2407 530 Iun.

2315 2072 2430 2117 1076
