2722 4172
492 279 562 333 70
995 293 1268 333 GREGORII
1303 294 1384 331 vn
1418 292 1682 331 REG1s⁷rR1
1717 294 1739 332 1
1764 293 1826 330 49.
1853 293 1915 331 50.

331 415 446 460 1074
488 411 752 480 indiderit,
792 411 904 465 sine
940 427 1088 464 mora
1124 410 1278 464 certis
1303 409 1649 479 legationibus
1685 410 1836 464 nobis
1870 412 2173 467 renunciare
2200 411 2417 466 studete.

309 475 417 513 Mart.
437 477 459 514 1

330 894 445 937 1074

310 954 417 991 Mart.
436 955 462 992 4

480 506 628 560 'Data
662 506 825 561 Rome
862 506 1109 560 Kalendis
1148 504 1343 575 Martii,
1380 506 1663 560 indictione
1705 507 1787 559 12.

488 675 515 738 Ι
549 682 648 739 50.
689 683 926 736 Beatricz·
961 693 1008 736 et
1030 683 1283 736 Matkildz·
1316 685 1548 749 mandat,
1589 685 1819 737 iudicent
1853 686 1987 737 inter
2011 685 2286 739 Dodonem
2312 687 2422 757 epi-

691 797 904 849 scopum
943 779 1280 832 Rosellanum
1319 790 1365 833 et
1415 779 1695 850 Uyulinum
1733 782 1979 833 comitem.

637 886 917 956 Gregorius
965 889 1238 959 episcopus
1285 907 1464 944 servus
1513 907 1779 944 servorum
1816 889 1917 943 Dei
1953 888 2180 944 Beatrici
2225 894 2278 944 et
2313 889 2425 945 Ma-

487 983 657 1053 thildi,
698 984 935 1052 gloriosis
975 1001 1036 1038 ac
1072 985 1365 1039 karissimis
1402 985 1460 1038 in
1485 984 1690 1040 Christo
1715 984 1938 1055 filiabus,
1977 986 2198 1040 salutem
2224 989 2276 1040 et
2296 1003 2425 1057 apo-

490 1080 727 1134 stolicam
763 1080 1191 1135 benedictionem.

634 1175 753 1230 Non
790 1177 1011 1230 miretur
1035 1181 1211 1231 vestra
1246 1177 1491 1231 nobilitas
1531 1194 1687 1248 super
1710 1178 1810 1247 his,
1851 1194 1983 1247 quae
2007 1177 2155 1232 vobis
2181 1177 2246 1232 de
2271 1193 2428 1232 causa

488 1271 721 1326 Dodonis
759 1272 1023 1326 Rosellani
1066 1274 1297 1344 episcopi
1335 1274 1548 1344 scripsi3
1598 1274 1721 1344 quia
1754 1274 2109 1328 inhumanitas
2146 1273 2426 1343 videretur,

491 1369 535 1422 si
571 1385 752 1439 preces
793 1372 845 1422 et
868 1386 1104 1423 murmur
1129 1369 1341 1438 Ugulini
1366 1370 1568 1424 comitis
1596 1370 1748 1441 parvi
1770 1370 2066 1440 penderem.
2125 1370 2428 1441 Importune

491 1465 701 1534 quidem
739 1481 895 1535 saepe
931 1482 1016 1519 me
1052 1466 1280 1535 rogavit,
1329 1470 1389 1519 ut
1425 1483 1638 1520 causam
1673 1466 1838 1537 ipsius
1877 1470 2058 1520 contra
2093 1466 2428 1521 Rosellanum

490 1561 792 1631 episcopum
827 1561 962 1614 iuste
1001 1561 1349 1620 discernerem
1387 1566 1454 1631 et,
1493 1566 1553 1616 ut
1584 1562 1724 1616 idem
1751 1563 2023 1633 episcopus
2050 1563 2150 1617 sibi
2172 1563 2428 1617 iustitiam

487 1657 697 1725 faceret,
737 1673 1085 1727 procurarem.
1143 1657 1256 1726 Ego
1282 1675 1423 1727 vem,
1463 1658 1526 1712 de
1550 1658 1698 1712 vobis
1733 1658 2066 1727 singulariter
2089 1659 2226 1713 inter
2249 1676 2428 1714 omnes

487 1752 752 1823 principes
789 1752 1012 1806 Romani
1058 1754 1268 1824 imperii
1315 1753 1603 1823 confidenS,
1650 1755 1858 1823 rogavi,
1905 1759 1965 1809 ut
2013 1755 2080 1808 ad
2128 1759 2328 1811 certum
2378 1759 2431 1810 et

487 1849 685 1902 iustum
736 1865 796 1902 ac
841 1847 1116 1920 pacificum
1160 1849 1318 1904 finem
1364 1868 1460 1921 per
1496 1867 1590 1905 vos
1637 1867 1795 1904 causa
1838 1851 1976 1905 inter
2014 1868 2101 1905 eos
2139 1852 2428 1922 duceretur,

490 1961 590 2014 quo
628 1944 734 2013 1116,
776 1945 866 2014 qui
902 1945 1070 1999 iustus
1109 1946 1266 2001 iudex
1305 1951 1399 2016 est,
1442 1964 1472 2000 a
1496 1951 1669 2001 vestro
1709 1947 1880 2001 studio
1906 1951 2181 2018 vestraque
2217 1949 2429 2020 pietate,

488 2059 573 2095 me
609 2041 854 2110 instante,
895 2040 1225 2110 glorificetur.
1288 2042 1397 2097 Scit
1435 2044 1575 2097 enim
1613 2043 1802 2097 caritas
1828 2047 2004 2098 vestra
2041 2047 2094 2098 et
2131 2044 2340 2098 omnino
2373 2048 2433 2098 ut

487 2154 607 2192 reor
651 2138 924 2207 intelligit,
984 2138 1122 2207 quod
1167 2139 1222 2192 in
1272 2140 1510 2194 omnibus
1561 2140 1760 2194 actibus
1806 2141 1992 2194 vestris
2037 2140 2285 2194 honorem
2331 2140 2432 2194 Dei

489 2238 818 2303 vestramque
859 2234 1080 2288 salutem
1117 2235 1341 2304 requir0.
1399 2236 1472 2289 Et
1494 2236 1611 2289 ideo
1639 2252 1755 2290 cum
1780 2236 2037 2307 propheta
2062 2236 2203 2290 dico:
2247 2236 2429 2291 Sacri-

477 2332 634 2400 ficate
681 2332 992 2399 sacrificium
1035 2334 1288 2398 iustitiae,
1340 2343 1386 2386 et
1432 2344 1633 2403 sperate
1678 2336 1736 2386 in
1781 2334 2013 2386 Domino
2029 2328 2066 2399 1;
2118 2336 2170 2385 61
2213 2332 2428 2388 iterum:

491 2428 727 2480 Iudicate
769 2428 977 2498 pupillo
1029 2438 1076 2480 et
1123 2428 1380 2497 defendite
1427 2430 1612 2482 viduas
1623 2469 1638 2494 ,
1691 2441 1737 2482 et
1772 2432 1960 2494 venite,
2011 2439 2057 2482 et
2094 2431 2295 2499 arquite
2330 2448 2428 2497 me,

493 2525 620 2576 dicit
644 2524 905 2577 Dominus
917 2518 952 2576 ².
1009 2522 1094 2577 Ex
1134 2540 1309 2578 amore
1348 2524 1557 2593 quidem
1582 2524 1683 2579 Dei
1714 2525 2014 2595 proximum
2049 2524 2310 2592 diligendo
2341 2526 2431 2579 ad-

491 2619 688 2687 iuvare,
727 2619 933 2672 miseris
962 2622 1014 2672 et
1040 2619 1302 2689 oppressis
1334 2620 1624 2690 subvenire,
1665 2621 1984 2675 orationibus
2008 2621 2215 2674 ieiuniis
2240 2621 2433 2690 vigiliis

495 2719 546 2769 et
584 2714 700 2768 aliis
742 2732 896 2784 quam
922 2715 1158 2785 pluribus
1197 2715 1346 2769 bonis
1375 2717 1616 2787 operibus
1643 2734 1933 2787 praepon03
1975 2718 2096 2786 quia
2133 2735 2310 2772 veram
2347 2735 2432 2773 ca-

491 2812 704 2865 ritatem
751 2811 948 2865 cunctis
986 2811 1267 2865 virtutibus
1313 2812 1578 2883 praeferre
1626 2829 1744 2866 cum
1790 2808 2053 2883 apostolo³
2090 2830 2197 2866 non
2234 2813 2428 2867 dubito.

493 2907 629 2961 Nam
667 2908 713 2961 si
749 2907 878 2961 11366
915 2911 1084 2961 mater
1122 2908 1355 2961 omnium
1391 2909 1670 2978 virtutum,
1717 2926 1848 2978 quae
1886 2908 2056 2963 Deum
2094 2909 2158 2963 de
2196 2908 2337 2963 coelo
2375 2909 2432 2963 in

494 3007 691 3057 terram
728 3007 787 3057 ut
824 3007 1059 3058 nostram
1096 3005 1363 3058 miseriam
1400 3005 1561 3059 ferret
1599 3005 1852 3076 compulit
1877 3006 2070 3074 venire,
2107 3022 2191 3059 me
2220 3021 2326 3058 non
2350 3005 2431 3058 in-

497 3104 745 3169 strueret,
787 3104 839 3154 et
876 3104 1038 3168 esset,
1080 3101 1169 3170 qui
1207 3100 1412 3155 miseris
1452 3105 1504 3155 et
1540 3102 1803 3172 oppressis
1842 3101 2070 3155 ecclesiis
2109 3104 2283 3154 vestra
2318 3101 2432 3155 vice

497 3197 794 3250 subveniret
833 3213 892 3250 ac
929 3196 1214 3250 universali
1252 3197 1497 3251 ecclesiae
1535 3197 1835 3266 deserviret,
1881 3201 1940 3250 ut
1977 3195 2238 3250 saeculum
2275 3196 2430 3250 relin-

498 3294 724 3361 queretis
764 3309 882 3346 cum
922 3293 1159 3347 omnibus
1195 3293 1304 3347 eius
1341 3294 1495 3362 curis,
1535 3310 1746 3347 monere
1781 3309 2130 3362 procurarem.
2183 3291 2284 3346 Sed
2310 3294 2433 3362 quia

500 3388 561 3442 dc
599 3393 773 3443 vestra
813 3389 956 3458 aula,
1005 3393 1064 3443 ut
1099 3389 1252 3443 multi
1288 3391 1576 3461 principes,
1624 3389 1795 3443 Deum
1836 3405 1942 3442 non
1980 3385 2225 3457 abicitis⁴,
2271 3390 2429 3444 immo

500 3483 749 3538 sacrificio
796 3486 1025 3539 iustitiae
1074 3486 1140 3540 ad
1180 3503 1294 3540 eam
1332 3486 1509 3539 venire
1557 3485 1818 3552 invitatiS,
1868 3500 2110 3551 rogamus
2149 3501 2240 3538 vos
2281 3490 2332 3539 et
2373 3491 2433 3540 ut

498 3580 803 3633 karissimas
841 3580 974 3635 filias
1014 3583 1368 3650 admonemuS,
1406 3582 1600 3636 bonum
1625 3581 1761 3650 quod
1787 3580 2028 3650 coepistis
2055 3580 2121 3633 ad
2144 3581 2431 3650 perfectum

619 3689 659 3732 1.
681 3688 755 3733 Ps.
771 3688 813 3745 4,
832 3690 872 3732 6.
971 3691 1011 3733 2.
1034 3690 1137 3734 Isai.
1157 3691 1195 3747 1,
1216 3691 1284 3734 17.
1305 3691 1374 3734 18.
1479 3691 1520 3734 3.
1544 3691 1568 3734 1
1586 3688 1686 3734 Cor.
1705 3689 1774 3745 13,
1793 3689 1862 3732 13.
1959 3688 2002 3733 4.
2026 3687 2093 3733 Cf.
2117 3687 2280 3734 Genes.
2298 3689 2369 3747 35,
2387 3691 2428 3735 2.
