2730 4198
292 448 404 492 1081

260 507 367 544 Mart.
389 509 436 545 15

467 311 576 365 462
986 322 1259 361 GREGonn
1295 322 1373 358 vn
1411 320 1674 358 Remsrm
1710 320 1810 357 vm
1835 321 1896 356 21.

465 442 588 496 licet
625 441 797 511 plures
838 455 1014 492 eorum
1054 436 1350 490 credamus⁸
1383 435 1519 504 apud
1560 435 1967 503 omnipotentem
1993 433 2162 487 Deum
2202 421 2402 487 miseri-

467 537 671 589 cordiae
711 533 930 586 salutem
968 531 1243 583 invenisse.
1322 530 1582 598 Namque,
1632 533 1691 582 ut
1729 530 1792 582 de
1833 529 2079 598 apostolis
2122 532 2172 581 et
2209 533 2404 598 marty-

465 631 607 683 ribus
646 635 908 682 taceamus
921 626 956 693 ¹³,
999 626 1112 693 quis
1152 626 1526 695 imperatorum
1565 624 1646 678 vel
1684 641 1866 692 regum
1906 641 2067 693 aeque
2105 628 2163 677 ut
2193 624 2402 678 beatus⁰

464 723 737 789 Martinus,
777 721 1035 774 Antonius
1077 725 1128 774 et
1151 720 1462 774 Benedictus
1489 720 1753 773 miraculis
1780 719 1998 772 claruit?
2055 718 2209 782 Quisd
2237 719 2402 772 enim⁰

465 820 748 887 imperator
787 819 877 868 aut
912 833 1005 868 rex
1044 821 1275 869 mortuos
1315 816 1609 883 suscitavit,
1649 815 1882 885 leprosos
1920 814 2215 882 mundavit,
2257 829 2402 867 cecos

464 911 810 966 illuminavit?
885 910 1020 963 Ecce
1071 911 1471 965 Constantinum
1519 912 1637 981 piae
1685 911 1966 963 memoriae
2014 910 2400 979 imperatorem,

464 1007 809 1060 Theodosium
847 1009 899 1058 et
936 1005 1241 1074 Honorium,
1283 1006 1526 1060 Carolum
1566 1011 1617 1059 et
1653 1005 1954 1073 Lodoicum,
1993 1005 2221 1058 iustitiae
2261 1022 2403 1058 ama-

462 1106 616 1168 toreS,
657 1100 969 1153 christianae
994 1101 1259 1169 religionis
1285 1101 1697 1172 propagatores‘,
1729 1101 2060 1154 ecclesiarum
2090 1100 2401 1168 defensores,

463 1199 642 1249 sancta
681 1195 888 1263 quidem
929 1196 1146 1250 ecclesia
1184 1198 1364 1250 laudat
1402 1203 1453 1251 et
1477 1202 1778 1263 veneratur3
1819 1213 1923 1248 non
1961 1199 2139 1248 tamen
2178 1212 2264 1249 eos
2302 1195 2402 1248 ful-

463 1291 623 1344 sisse⁸
660 1294 806 1343 tanta
843 1292 1212 1345 miraculorum
1259 1293 1426 1360 gloria
1462 1294 1673 1346 indicat.
1825 1291 2104 1344 Praeterea
2143 1291 2209 1344 ad
2248 1290 2402 1360 quot¹¹

461 1386 674 1439 nomina
703 1403 886 1453 regum
911 1387 995 1439 vel
1020 1387 1394 1456 imperatorum
1421 1389 1662 1456 basilicas
1700 1404 1790 1440 seu
1818 1387 2003 1440 altaria
2029 1387 2272 1454 dedicari,
2301 1385 2400 1439 veli

463 1481 527 1533 ad
578 1497 756 1534 eorum
803 1481 1084 1535 honoremk
1133 1487 1314 1536 sancta
1362 1484 1578 1537 ecclesia
1631 1483 1817 1536 missas
1877 1484 2060 1535 statuit
2116 1482 2402 1536 celebrari?

461 1575 703 1629 Timeant
738 1594 887 1644 reges
915 1577 1106 1645 aliique
1131 1579 1420 1647 principes:
1460 1595 1543 1645 ne,
1585 1583 1777 1646 quanto
1815 1595 1869 1631 se
1896 1579 2080 1631 ceteris
2105 1578 2400 1631 hominibus

459 1671 515 1724 in
561 1671 659 1724 hac
695 1671 805 1724 vita
842 1673 1096 1740 praeferri
1133 1673 1384 1741 gaudent,
1434 1677 1580 1726 tanto
1622 1674 1844 1743 amplius
1885 1674 2108 1726 aeternis
2147 1673 2399 1726 incendiis

460 1766 796 1820 subiciantur.
856 1766 1004 1820 Unde
1045 1769 1297 1838 scriptum
1337 1773 1439 1822 est:
1481 1771 1719 1822 Potentes
1751 1780 1989 1840 potenter
2025 1780 2276 1822 tormenta
2294 1777 2426 1839 μιν·

460 1865 651 1915 cientur
666 1859 693 1914 ¹.
772 1862 851 1915 De
895 1866 974 1915 tot
1013 1864 1151 1916 enim
1191 1864 1485 1917 hominibus
1526 1864 1636 1917 Deo
1675 1864 1929 1917 reddituri
1970 1868 2090 1916 sunt
2127 1864 2399 1931 rationem,

460 1962 585 2026 quot
632 1975 754 2011 suae
804 1959 1143 2012 dominationi
1192 1960 1424 2013 subditos
1469 1959 1777 2013 habuerunt.
1857 1959 2049 2022 Quodsi
2090 1959 2244 2012 alicui
2268 1958 2403 2012 'reli-

460 2053 604 2120 gioso
642 2054 847 2123 privato
886 2071 989 2107 non
1031 2072 1222 2124 parvus
1261 2055 1408 2108 labor
1449 2059 1542 2124 est,
1582 2055 1760 2108 unam¹
1800 2072 1948 2108 suam
1977 2055 2204 2107 animam
2232 2058 2402 2106 custo-

459 2149 596 2217 dire,
648 2154 871 2218 quantus
922 2149 1069 2203 labor
1113 2151 1353 2204 imminet
1399 2151 1722 2220 principibus
1774 2168 1928 2220 super
1975 2150 2152 2203 multis
2191 2149 2401 2202 milibus

460 2246 768 2298 animarum.
884 2244 1178 2313 Praeterea,
1220 2246 1264 2298 si
1302 2246 1552 2299 iudicium
1582 2250 1791 2299 sanctae
1819 2246 2065 2299 ecclesiae
2102 2245 2252 2298 valde
2280 2261 2401 2298 con-

460 2340 710 2407 stringitm
749 2344 1075 2409 peccatorem
1112 2358 1208 2410 pro
1249 2341 1400 2393 unius
1440 2341 1664 2394 hominis
1702 2341 2085 2407 interfectione,
2127 2339 2263 2408 quod
2302 2340 2401 2392 erit

461 2435 524 2487 de
561 2435 627 2487 iis
640 2443 676 2503 ¹¹,
718 2436 804 2503 qui
844 2435 1010 2488 multa
1045 2435 1192 2488 milia
1217 2436 1374 2488 morti
1399 2437 1640 2489 tradunt⁰
1667 2453 1762 2505 pro
1787 2436 1939 2489 huius
1966 2435 2147 2488 mundi
2174 2434 2400 2488 honore?

461 2528 575 2597 Qui,
614 2530 738 2582 licet
777 2546 863 2583 ore
905 2530 1182 2598 aliquando
1223 2531 1424 2584 dicant:
1465 2534 1589 2584 Mea
1628 2534 1785 2602 culpa
1822 2549 1917 2601 pro
1957 2530 2240 2583 multorum
2267 2529 2400 2582 occi-

461 2625 629 2693 sione,
678 2629 885 2678 tamen⁹
926 2626 1080 2678 corde
1128 2626 1355 2692 gaudent
1402 2627 1459 2678 in
1507 2627 1586 2679 sui
1636 2627 1784 2695 quasi
1821 2626 2031 2678 honoris
2071 2625 2398 2691 extensione3

459 2720 772 2789 noluntqueq
796 2737 901 2772 non
926 2721 1128 2788 secisse,
1168 2722 1304 2788 quod
1342 2726 1582 2788 egerunt3
1624 2738 1790 2790 neque
1818 2721 2008 2788 dolent,
2050 2721 2187 2789 quod
2211 2721 2399 2773 fratres

461 2832 581 2868 suos
619 2816 675 2868 in
702 2816 978 2868 Tartarum
1017 2817 1393 2886 compulerunt.
1455 2816 1687 2885 Cumque
1727 2834 1790 2870 ex
1829 2821 1938 2869 toto
1979 2816 2131 2869 corde
2170 2833 2256 2869 eos
2295 2831 2397 2868 non

458 2911 660 2980 penitet
713 2928 880 2979 neque
927 2911 1109 2964 volunt
1161 2912 1386 2964 humano
1435 2913 1687 2980 sanguine
1736 2912 1997 2980 adquisita
2041 2911 2148 2964 vel‘
2192 2911 2400 2964 detenta

460 3006 726 3074 omittere,
778 3007 988 3059 illorum
1025 3007 1314 3076 penitentia
1353 3008 1489 3076 apud
1530 3008 1701 3060 Deum
1740 3008 1851 3060 sine
1890 3008 2043 3074 digno
2084 3007 2401 3076 penitentiae

457 3101 631 3154 fructu
669 3106 858 3155 manet.
1012 3101 1160 3155 Unde
1199 3103 1432 3171 profecto
1471 3103 1623 3155 valde
1664 3108 1741 3156 est
1779 3103 2091 3168 timendum3
2143 3106 2296 3170 atque
2337 3102 2402 3155 ad

458 3197 760 3250 memoriam
792 3215 973 3251 eorum
999 3199 1179 3252 crebro
1206 3198 1582 3251 revocandum:
1617 3199 1769 3267 quod,
1799 3199 1931 3250 sicut
1956 3197 2176 3267 praefati
2206 3214 2399 3264 sumus,

461 3307 491 3343 a
527 3292 710 3345 mundi
747 3293 1007 3363 principio
1050 3294 1354 3363 paucissimi
1390 3311 1486 3364 per
1525 3294 1733 3347 diversa
1770 3298 2027 3346 terrarum
2066 3308 2228 3358 regna
2251 3307 2399 3358 reges

576 3427 608 3451 a.
636 3416 836 3454 credantur
864 3419 899 3454 2.
1015 3418 1052 3454 b.
1079 3419 1222 3454 taceam
1252 3420 1287 3454 2.
1398 3429 1428 3455 c.
1458 3433 1527 3454 om.
1546 3419 1581 3454 2.
1600 3420 1634 3454 3.
1753 3416 1789 3452 d.
1818 3416 1909 3461 Quis
1941 3435 1981 3439 —
2012 3415 2236 3451 illuminavit
2264 3429 2333 3451 om.
2356 3417 2400 3461 23

460 3479 552 3525 Quis
572 3482 837 3529 imperatorum
855 3483 915 3520 vel
937 3494 1066 3529 regum
1088 3484 1122 3520 3.
1224 3496 1254 3519 e.
1278 3498 1346 3519 om.
1362 3484 1398 3519 4.
1497 3483 1522 3519 f.
1546 3483 1708 3519 cultores
1725 3483 1759 3518 3.
1851 3492 1885 3527 g.
1908 3496 1977 3517 om.
1994 3483 2028 3517 3.
2132 3480 2170 3517 h.
2194 3492 2288 3528 quae
2311 3482 2345 3517 2.
2363 3482 2399 3516 3.

459 3546 485 3582 i.
513 3557 580 3583 seu
608 3549 642 3583 2.
796 3547 834 3584 k.
861 3547 1023 3585 honores
1051 3551 1087 3585 2.
1242 3549 1267 3584 l.
1296 3563 1364 3584 om.
1389 3550 1424 3585 2.
1578 3560 1625 3584 m.
1663 3547 1852 3584 hominem
1879 3547 1971 3583 add.
1998 3548 2033 3583 3.
2187 3558 2225 3583 n.
2260 3546 2332 3583 hoc
2361 3547 2397 3582 3.

460 3622 495 3647 o.
521 3612 644 3648 tradet
670 3614 705 3648 3.
834 3625 871 3660 p.
899 3614 938 3650 in
967 3615 1060 3651 add.
1074 3615 1110 3651 4.
1241 3625 1276 3661 q.
1304 3614 1519 3661 nollentque
1548 3614 1583 3649 3.
1714 3624 1743 3648 r.
1770 3612 1830 3648 vel
1858 3612 2010 3648 detenta
2036 3627 2104 3648 om.
2131 3614 2165 3649 2.

578 3683 618 3726 1.
651 3681 755 3738 Sap.
777 3684 817 3738 6,
842 3685 882 3727 7.
