2730 4198
957 296 1212 335 ΒΟΝῙΤΗΟ
1251 299 1329 335 AD
1367 298 1596 337 AMICUM
2137 285 2243 340 581

300 412 633 464 bibliothecae
665 411 725 464 Τ.
750 412 864 465 VII
880 414 947 466 P.
972 414 1075 466 III
1084 434 1146 485 p.
1170 415 1370 481 1—75‚
1411 416 1756 469 Decretum
1792 417 2014 469 inscribi
2048 419 2201 470 iussit
2214 413 2244 470 ¹.

299 508 550 560 Divisum
587 508 682 560 hoc
722 527 852 578 opus
892 520 965 561 est
1000 511 1056 561 in
1098 510 1257 562 libros
1294 512 1481 563 decem.
1541 512 1610 564 In
1649 529 1826 564 eorum
1860 522 2064 581 quartO,
2107 516 2249 582 „qui

301 614 375 656 est
411 605 474 655 cle
513 605 811 657 excellentia
839 605 1110 658 Romanae
1149 607 1433 658 ecclesiae“
1472 608 1738 678 cataloyus
1777 610 1910 660 inest
1936 607 2246 677 pontificum

303 699 662 752 Romanorum
677 741 692 765 ,
736 719 886 770 quem
923 704 1098 772 ipsum
1137 721 1252 754 cum
1291 721 1395 754 esse
1431 703 1749 772 peculiarem
1789 703 1979 755 librum
2016 703 2245 756 arbitra-

298 806 502 861 rentur,
565 798 727 848 eidem
785 798 1019 867 cataloyo
1067 801 1242 850 varios
1293 799 1469 851 titulos
1517 801 1900 868 imposuerunt:
1959 799 2248 869 „Epitome

299 892 546 944 historiae
575 893 935 946 Romanorum
964 895 1274 964 pontificum
1291 894 1338 958 “7
1381 933 1409 957 „
1429 891 1685 946 Chronica
1714 895 2074 946 Romanorum
2103 913 2244 965 pon-

299 988 491 1055 tificum
548 990 686 1042 edita
732 1010 765 1042 a
812 991 1108 1043 Bonithone
1156 990 1375 1043 Sutrino
1435 992 1705 1060 episcopo,
1766 993 1879 1042 viro
1917 1009 2021 1060 per
2070 993 2247 1043 omnia

298 1080 688 1150 doctissimo“²,
731 1084 1035 1150 „Chronica
1060 1087 1275 1138 Bonisii
1311 1087 1547 1155 episcopi
1571 1085 1784 1139 Sutrini
1819 1088 1882 1138 cle
1916 1089 2075 1155 ⁴‹Jestis
2101 1105 2244 1157 pon-

299 1180 491 1247 tificum
506 1181 534 1205 “
547 1176 582 1245 ³,
625 1221 654 1244 „
671 1182 915 1235 Historia
949 1183 1220 1252 pontificia
1236 1181 1264 1205 “
1277 1175 1311 1232 ⁴.

447 1276 530 1329 Ab
583 1279 757 1330 eodem
795 1279 1090 1330 Bonithone
1121 1278 1359 1347 fortasse
1407 1288 1480 1330 est
1528 1280 1684 1331 etiam
1721 1279 2097 1332 Paradisus
2135 1282 2172 1332 i.
2202 1299 2242 1333 e.

298 1372 614 1425 breviarium
661 1376 1029 1426 sententiarum
1075 1377 1245 1427 sancti
1288 1373 1600 1444 Auqustini,
1663 1376 1804 1445 quod
1851 1415 1879 1439 ‚,
1898 1376 2142 1428 Bonizon
2187 1379 2246 1429 in

281 1468 506 1536 familia
540 1469 650 1521 Dei
684 1472 930 1522 minimus
958 1471 1188 1523 Iohanni
1196 1467 1213 1494 ⁵
1251 1473 1677 1524 reverendissimo
1717 1472 1896 1524 abbati
1910 1472 1939 1497 “
1966 1474 2242 1539 dedicavit,

297 1566 544 1634 cuiusque
573 1567 814 1631 codicem,
857 1569 914 1619 in
942 1567 1246 1620 bibliotheca
1272 1566 1526 1620 Caesarea
1555 1568 1942 1620 Vindobonensi
1963 1580 2241 1635 servatum,

297 1661 631 1714 adumbravit
656 1662 964 1715 Lambecius
991 1666 1048 1715 in
1075 1662 1572 1717 Commentariorum
1598 1665 1661 1716 cle
1688 1664 1991 1717 bibliotheca
2022 1665 2241 1719 Vindob.

303 1755 364 1808 T.
395 1757 466 1809 II
492 1776 547 1827 p.
576 1757 701 1811 605.

445 1852 714 1923 Aqitando
766 1865 935 1907 autem
978 1856 1177 1926 populo
1228 1857 1475 1909 adversus
1523 1857 1769 1909 Heinrici
1799 1857 1890 1910 IV
1931 1857 2245 1927 W'ibertique

297 1951 583 2019 antipapae
619 1960 801 2020 partes
841 1951 1189 2004 Bonithonem
1236 1954 1493 2005 studuisse
1529 1953 1833 2006 Placentiae
1882 1964 2096 2007 constat.
2175 1955 2243 2007 In

291 2048 613 2115 paneyyrico
654 2048 789 2098 enim
828 2049 900 2098 acl
935 2066 1106 2117 reyem
1130 2043 1319 2100 misso⁶
1345 2049 1522 2102 Benzo
1550 2052 1820 2119 episcopus
1846 2048 2108 2116 Albensis,
2151 2052 2246 2120 qui

294 2141 642 2194 Bonithonem
679 2143 968 2211 deformato
1006 2146 1215 2197 nomine
1253 2145 1488 2215 appellat
1511 2145 1844 2198 Bonizellum
1884 2148 2077 2216 quique
2117 2165 2240 2199 eun-

295 2238 427 2302 dem,
471 2256 585 2289 cum
621 2250 748 2292 esset
771 2242 829 2291 in
856 2258 1076 2305 carcere,
1117 2258 1222 2292 non
1249 2251 1544 2294 truncatum
1569 2252 1930 2311 caecatumque
1955 2261 2060 2295 esse
2085 2243 2240 2313 luyet,

414 2434 454 2477 1.
493 2434 563 2478 De
603 2433 687 2478 hoc
724 2434 837 2479 libro
879 2435 1151 2480 mentionem
1193 2436 1374 2480 saeculo
1406 2436 1495 2480 XII
1524 2435 1796 2495 Anonymus
1825 2436 2096 2481 Mellicensis
2135 2438 2241 2491 (Pez

294 2505 575 2551 Bibliotheca
604 2507 900 2552 Benedictina
929 2523 972 2565 p.
995 2510 1101 2564 489)
1133 2523 1171 2554 c.
1196 2511 1281 2554 112
1314 2509 1422 2553 fecit
1450 2509 1536 2554 hoo
1567 2509 1725 2555 modo:
1762 2510 1964 2568 „Ponizo
1997 2508 2242 2555 Sutriensis

294 2579 534 2637 presbyter
572 2581 713 2636 (leget
754 2580 976 2637 Gregorii)
1019 2583 1198 2639 septimi
1236 2583 1515 2640 temporibus
1546 2583 1702 2628 scribit
1741 2587 2014 2640 excerpta
2053 2584 2118 2628 de
2150 2597 2239 2628 ca-

294 2652 587 2696 nonibus“.
641 2653 835 2698 Albinus
866 2654 1095 2713 scholaris,
1126 2657 1172 2700 in
1205 2658 1492 2701 collectaneis
1523 2657 1860 2702 conscribendis
1890 2658 1978 2702 isto
2007 2656 2122 2701 libro
2151 2658 2239 2702 Bo-

295 2725 557 2770 nithoniano
588 2740 712 2784 usus,
744 2740 847 2771 eum
877 2727 1086 2772 librum
1118 2730 1182 2774 de
1213 2731 1333 2774 vita
1363 2730 1688 2775 christiana
1715 2732 1922 2788 vocavit3
1953 2746 1998 2775 v.
2020 2731 2111 2775 Mai
2141 2730 2240 2788 Spi-

295 2800 506 2856 cilegium
539 2800 791 2844 Romanum
821 2801 887 2845 VI
917 2803 1017 2858 273,
1051 2803 1150 2847 277.
1317 2806 1358 2847 2.
1399 2804 1445 2847 in
1474 2803 1658 2847 Decreti
1689 2804 1844 2848 codice
1875 2803 2239 2862 Vindobonensi3

294 2873 351 2917 de
383 2885 471 2929 quo
504 2871 559 2917 cf.
592 2873 823 2918 Lambecii
854 2874 1104 2920 Comment.
1138 2877 1190 2920 T.
1215 2877 1257 2920 II
1288 2889 1325 2920 c.
1347 2877 1389 2920 8.
1569 2877 1611 2920 3.
1652 2877 1751 2921 Hoc
1787 2877 1918 2921 titulo
1952 2877 2094 2921 utitur
2123 2878 2239 2922 Mar-

292 2947 413 2990 tinus
444 2947 641 2990 Polonus
671 2947 718 2990 in
747 2947 1040 3005 praefatione,
1071 2949 1150 2993 ubi
1181 2949 1238 2992 de
1267 2948 1393 2994 libris
1426 2962 1453 2992 a
1483 2962 1532 2993 se
1564 2949 1777 2994 adhibitis
1808 2950 1955 2994 docet.
2090 2951 2132 2995 4.
2165 2964 2238 3007 ap.

291 3020 474 3076 Maium,
514 3018 804 3076 Spicilegium
842 3021 1094 3066 Romanum
1134 3023 1202 3067 VI
1239 3023 1341 3067 273.
1383 3047 1437 3053 -
1478 3022 1645 3067 Notato
1685 3036 1799 3080 opus
1838 3027 1929 3080 est,
1969 3024 2016 3067 in
2055 3024 2240 3068 Decreti

291 3094 343 3137 L.
365 3093 411 3136 H
441 3106 479 3137 c.
502 3094 559 3137 39
590 3094 679 3150 (ap.
701 3095 882 3151 Maium,
913 3095 1071 3139 Novae
1092 3099 1271 3151 patrum
1301 3095 1409 3140 bibl.
1431 3096 1485 3139 T.
1504 3097 1591 3142 VH
1619 3097 1667 3140 P.
1684 3097 1751 3141 III
1778 3098 1850 3151 19)
1880 3097 2072 3141 inveniri
2101 3096 2236 3142 haec:

295 3201 316 3224 „
332 3166 417 3219 Qui
457 3167 868 3223 (excommunicati)
902 3194 955 3199 —
998 3170 1190 3225 qualiter
1226 3169 1283 3213 ab
1323 3169 1537 3226 episcopo
1575 3171 1714 3227 recipi
1753 3169 1950 3214 debeant
1988 3170 2237 3226 qualiterve

290 3240 609 3296 redintegrari,
641 3241 687 3284 in
718 3254 862 3286 novo
906 3241 1074 3299 libro,
1107 3242 1145 3286 si
1174 3242 1271 3286 vita
1301 3255 1452 3287 comes
1483 3242 1638 3300 fuerit,
1678 3243 1855 3300 plenius
1887 3243 2167 3303 enarrabo“;
2209 3257 2237 3288 a

290 3313 498 3370 Maioque
530 3314 701 3358 editore
734 3314 959 3359 adiectum
989 3314 1075 3358 hoc
1106 3327 1227 3359 esse:
1268 3314 1734 3373 „Animadvertamus
1764 3317 2036 3374 promissum
2067 3330 2237 3362 novum

292 3400 320 3429 a
357 3387 586 3431 Bonizone
623 3388 810 3445 librum,
857 3389 933 3444 qui
980 3392 1102 3432 certe
1143 3401 1234 3433 non
1271 3393 1460 3445 apparet
1473 3388 1510 3433 “.
1580 3390 1644 3434 At
1682 3391 1891 3447 apparuit
1929 3390 2051 3446 apud
2087 3391 2236 3446 ipsum

290 3459 472 3503 Maium.
532 3462 586 3506 In
624 3462 826 3506 eiusdem
868 3462 987 3506 enim
1026 3462 1210 3505 Decreti
1247 3460 1399 3507 libro
1438 3475 1585 3508 nono
1627 3477 1664 3507 c.
1695 3465 1775 3507 142
1812 3477 1856 3519 p.
1884 3464 1940 3506 66
1980 3462 2236 3518 expositum

292 3536 385 3576 est:
420 3534 655 3590 „Qualiter
685 3535 1062 3580 excommunicati
1092 3534 1288 3580 debeant
1309 3536 1639 3580 reconciliari“.
1759 3537 1801 3581 5.
1833 3549 1967 3592 quem
1987 3535 2235 3580 Iohannem

292 3604 538 3664 Gualberti,
571 3607 783 3653 abbatem
807 3608 1234 3654 Vallumbrosanum
1267 3609 1361 3665 (qui
1391 3608 1502 3654 obiit
1532 3623 1572 3654 a.
1598 3611 1743 3667 1073),
1774 3608 1916 3654 fuisse
1947 3609 2236 3654 coniecerunt

291 3679 518 3724 audacter.
697 3683 739 3725 6.
771 3683 823 3726 L.
844 3682 867 3726 I
897 3695 936 3727 c.
959 3683 1030 3739 21,
1061 3683 1179 3728 Mon.
1202 3681 1354 3728 Germ.
1376 3681 1456 3728 SS.
1477 3683 1545 3728 XI
1575 3684 1676 3728 607.
1700 3684 1800 3728 608.
