2782 4198
560 278 668 332 224
1067 291 1341 330 GREGoRn
1377 293 1456 329 vu
1493 291 1757 330 REGISTRI
1793 292 1857 330 111
1893 293 1941 329 10
1952 303 1985 329 a.

363 414 478 458 1076
559 429 709 463 aures
747 421 862 463 tuas
899 409 1047 462 nobis
1087 419 1131 461 et
1170 410 1302 460 audi
1333 426 1414 460 me
1439 427 1642 461 servum
1666 419 1828 474 tuum,
1870 428 2019 479 quem
2048 409 2112 462 ab
2139 408 2372 478 infantia
2394 427 2494 460 nu-

279 473 531 526 Febr214-22
558 508 697 559 tristi
733 516 778 558 et
813 523 975 574 usque
1013 505 1084 556 ad
1120 504 1255 556 bunc
1293 506 1428 556 diem
1466 505 1529 556 de
1565 523 1726 556 manu
1763 507 2064 574 iniquorum
2104 505 2360 569 liberasti,
2403 505 2499 573 qui

557 620 637 654 me
664 619 770 671 pro
808 610 898 653 tua
922 600 1179 667 fidelitate
1218 601 1436 652 oderunt
1481 610 1526 652 et
1573 601 1768 652 odiunt.
1835 599 1917 652 Tu
1963 601 2123 653 michi
2166 602 2302 654 testis
2354 617 2403 651 es
2451 608 2498 652 et

558 698 770 749 domina
806 713 920 747 mea
957 705 1121 747 mater
1146 695 1256 747 Dei
1291 705 1337 748 et
1363 695 1537 748 beatus
1563 695 1768 748 Paulus
1791 695 1972 763 frater
2010 706 2126 748 tuus
2163 698 2298 748 inter
2324 712 2495 748 omnes

558 802 787 844 sanctos.-
839 792 1005 860 quod⁸
1044 801 1134 843 tua
1171 801 1350 843 sancta
1390 791 1633 844 Romana
1673 791 1884 843 ecclesia
1920 809 2000 843 me
2034 794 2254 844 invitum
2291 792 2363 843 acl
2399 808 2497 842 sua

555 887 908 957 yubernacula
933 889 1110 952 traxit,
1153 897 1199 940 et
1233 905 1323 956 eqo
1349 906 1454 939 non
1479 885 1757 958 rapinamb
1785 886 2069 939 arbitratus
2095 905 2209 938 sum
2234 888 2306 939 ad
2329 887 2498 938 sedem

557 993 700 1036 tuam
738 984 1034 1047 ascendere,
1075 984 1356 1052 potiusque
1400 983 1546 1034 volui
1589 985 1749 1035 vitam
1785 1001 1953 1034 meam
1989 984 2046 1034 in
2081 982 2498 1052 pereqrination'e

544 1079 732 1146 finire,
785 1096 940 1148 quam
990 1078 1157 1130 locum
1205 1088 1349 1131 tuum
1390 1097 1495 1149 pro
1531 1078 1707 1148 9loria
1742 1080 1930 1130 mundi
1938 1085 1954 1105 ⁰
1994 1078 2254 1129 saeculari
2288 1078 2496 1146 inqenio

559 1176 807 1243 arripere.
882 1173 955 1226 Et
997 1175 1113 1226 ideo
1163 1192 1224 1226 ecc
1270 1184 1359 1226 tua
1404 1176 1579 1243 qratia
1625 1192 1731 1226 non
1783 1193 1844 1226 ea
1890 1175 2015 1225 meis
2065 1174 2306 1244 operibus
2345 1173 2497 1225 credo

560 1270 700 1339 quod
736 1270 833 1322 tibi
859 1269 1067 1339 placuit
1103 1279 1150 1322 et
1176 1269 1380 1339 placet:
1425 1280 1483 1322 ut
1510 1270 1745 1340 populus
1785 1270 2122 1334 christianus,
2163 1269 2262 1322 tibi
2295 1270 2496 1338 specia-

560 1364 676 1417 liter
715 1366 1038 1429 commissus,
1087 1365 1218 1416 mihi
1255 1365 1505 1418 oboediat.
1567 1365 1877 1435 Specialiter
1906 1384 2012 1435 pro
2061 1367 2169 1417 vice
2215 1374 2305 1417 tua
2341 1363 2502 1415 michi

559 1462 830 1512 commissa
869 1470 917 1512 et
950 1460 1111 1512 michi
1157 1471 1246 1513 tua
1290 1463 1468 1530 qratia
1514 1471 1587 1513 est
1614 1471 1845 1531 potestas
1884 1481 1917 1513 a
1954 1461 2070 1513 Deo
2119 1461 2244 1512 data
2295 1460 2502 1528 liyandi

558 1566 713 1624 atque
749 1555 984 1607 solvendi
1019 1558 1076 1607 in
1115 1556 1219 1608 celo
1256 1550 1303 1608 et
1326 1559 1383 1608 in
1410 1566 1564 1609 terra.
1715 1557 1835 1608 Hac
1871 1558 2047 1626 itaque
2071 1556 2275 1623 fiducia
2298 1554 2494 1623 fretus,

548 1669 654 1721 pro
695 1652 933 1703 ecclesiae
957 1661 1075 1703 tuae
1099 1651 1291 1703 honore
1317 1662 1363 1703 et
1389 1651 1699 1719 defensione,
1742 1670 1803 1703 ex
1830 1662 1980 1722 parte
2007 1652 2366 1721 omnipotentis
2391 1650 2503 1702 Dei

556 1747 739 1799 Patris
777 1756 824 1799 et
857 1746 994 1798 Filii
1030 1756 1075 1798 et
1115 1745 1349 1816 Spiritus
1387 1749 1557 1799 sancti
1582 1765 1685 1816 per
1722 1757 1865 1799 tuam
1899 1756 2200 1816 potestatem
2239 1756 2286 1798 et
2321 1756 2497 1798 aucto-

556 1844 761 1895 ritatem
785 1842 1036 1894 Heinrico
1074 1844 1203 1911 reyi,
1232 1842 1351 1910 filio
1379 1842 1623 1895 Heinrici
1644 1843 1993 1912 imperatoris,
2036 1843 2130 1911 qui
2153 1851 2334 1894 contra
2358 1851 2501 1893 tuam

558 1939 823 1992 ecclesiam
858 1939 1102 1990 inaudita
1126 1939 1370 2008 superbia
1396 1940 1698 2004 insurrexit,
1739 1940 1893 1991 totius
1919 1939 2071 2007 reyni
2101 1936 2501 1989 Teutonicorum

559 2045 605 2087 et
630 2034 819 2088 Italiae
853 2034 1206 2104 yubernacula
1233 2035 1561 2096 contradico;
1602 2045 1648 2087 et
1683 2053 1853 2087 omnes
1890 2034 2197 2086 christianos
2233 2053 2267 2085 a
2294 2031 2499 2084 vinculo
2531 2086 2535 2089 ,

557 2132 851 2195 iuramenti,
902 2131 1042 2199 quod
1078 2129 1182 2181 sibi
1201 2129 1447 2198 fecerunt
1481 2130 1562 2182 vel
1582 2130 1806 2198 facient,
1849 2130 2088 2191 absolv03
2128 2140 2191 2194 et,
2232 2139 2291 2181 ut
2325 2128 2501 2180 nullus

561 2228 609 2279 ei
644 2229 777 2279 sicut
811 2228 926 2296 reyi
960 2228 1167 2290 serviat,
1208 2227 1475 2278 interdico.
1534 2226 1774 2296 Diynum
1801 2236 1874 2278 est
1898 2227 2049 2290 enim,
2090 2235 2162 2289 ut,
2205 2226 2300 2293 qui
2333 2225 2503 2276 studet

559 2323 803 2375 honorem
841 2322 1078 2374 ecclesiae
1116 2332 1234 2374 tuae
1271 2323 1573 2374 imminuere
1584 2320 1620 2386 d,
1660 2324 1773 2391 ipse
1810 2322 2054 2373 bonorem
2088 2322 2308 2384 amittat,
2351 2336 2500 2388 quem

559 2419 764 2470 videtur
811 2417 1010 2469 habere.
1087 2417 1161 2469 Et
1209 2419 1335 2486 quia
1380 2419 1511 2469 sicut
1559 2418 1870 2470 christianus
1918 2418 2220 2486 contempsit
2265 2415 2502 2467 oboedire

560 2532 652 2565 nec
678 2514 750 2565 ad
773 2513 1088 2574 Dominum⁰
1113 2510 1293 2565 rediit‘
1320 2530 1470 2582 quem
1495 2514 1695 2566 dimisit
1720 2545 1788 2550 —
1809 2513 2186 2582 participando
2210 2528 2499 2563 excommu-

560 2611 748 2661 nicatis
761 2627 780 2670 ,-
820 2618 867 2661 et
889 2608 1110 2660 multasss
1134 2605 1434 2677 iniquitates
1444 2609 1698 2678 faciendo
1710 2628 1728 2671 ,-
1761 2626 1975 2678 meaque
1998 2609 2213 2672 monita,
2245 2625 2378 2677 quae
2393 2623 2499 2677 pro

562 2723 659 2757 sua
695 2704 859 2756 salute
896 2702 1024 2756 sibih
1054 2705 1176 2755 misi
1211 2714 1259 2757 te
1296 2714 1432 2769 teste,
1474 2703 1808 2774 spernendo¹5
1846 2722 1998 2774 seque
2037 2704 2100 2756 ab
2140 2704 2352 2755 ecclesia
2389 2713 2497 2767 tua,

562 2811 818 2871 temptans
858 2818 970 2852 eam
1014 2801 1273 2865 scindere,
1314 2799 1639 2871 separandok
1665 2833 1734 2839 —
1761 2801 1966 2853 vinculo
2008 2819 2121 2852 eum
2159 2799 2500 2851 anathematis

560 2899 669 2949 vice
698 2907 790 2949 tua
816 2896 993 2966 alliqo.
1041 2896 1116 2949 Et
1139 2898 1214 2948 sic
1241 2915 1354 2949 eum
1380 2915 1442 2949 ea
1465 2897 1670 2964 fiducia
1696 2908 1786 2950 tua
1812 2898 2002 2967 alliqo:
2040 2895 2114 2949 ut¹
2140 2897 2307 2947 sciant
2326 2903 2499 2963 yentes

562 3003 610 3045 et
646 2992 998 3063 comprobent,
1051 2994 1177 3061 quia
1215 3003 1271 3045 tu
1310 3011 1359 3045 es
1396 2993 1587 3046 Petrus
1627 3004 1675 3046 et
1710 3012 1868 3064 super
1906 2999 2088 3046 tuamm
2117 3001 2326 3061 petram
2349 2989 2499 3056 filius

561 3088 670 3141 Dei
704 3090 814 3141 vivi
849 3088 1141 3155 aedificavit
1179 3088 1441 3141 ecclesiam
1477 3108 1628 3142 suam
1673 3100 1720 3143 et
1747 3100 1901 3160 porte
1937 3088 2100 3157 inferi
2134 3104 2238 3138 non
2268 3103 2498 3155 praeva-

563 3184 736 3238 lebunt
770 3186 1016 3237 adversus
1055 3203 1167 3237 eam
1182 3181 1211 3237 ¹.

679 3311 712 3337 a.
747 3300 835 3348 quia
861 3301 898 3337 3.
1051 3301 1088 3338 b.
1122 3301 1254 3349 rapina.
1280 3302 1376 3348 cod„
1404 3301 1573 3350 rapinam
1600 3303 1636 3339 2.
1655 3303 1690 3339 3.
1708 3302 1745 3339 4.
1809 3296 1825 3304 ’
1900 3310 1932 3337 c.
1966 3310 2034 3347 pro
2063 3298 2156 3335 add.
2174 3297 2211 3334 4.
2367 3295 2403 3332 d.
2431 3296 2500 3333 mi-

563 3376 678 3403 nuere
706 3367 742 3403 2.
758 3367 794 3403 4.
951 3379 983 3404 e.
1017 3367 1136 3404 Deum
1166 3369 1200 3404 2.
1219 3368 1256 3404 4.
1410 3367 1437 3405 f.
1471 3369 1570 3405 redit
1596 3369 1632 3406 2.
1787 3376 1821 3412 g.
1860 3366 1898 3402 et
1922 3364 2059 3401 multas
2091 3383 2132 3388 -
2161 3361 2332 3400 faciendo
2361 3362 2504 3400 addidi

564 3445 612 3467 ex
637 3434 1026 3485 excommunicationis
1054 3436 1234 3481 exemplo,
1265 3435 1367 3484 quod
1393 3436 1431 3471 in
1454 3434 1537 3471 cod.
1559 3435 1694 3483 legitur
1716 3439 1804 3481 post
1830 3445 1884 3478 ep.
1906 3431 1941 3468 5.
1986 3431 2029 3467 V.
2056 3443 2171 3477 supra
2194 3442 2233 3476 p.
2253 3429 2324 3465 211
2349 3443 2383 3464 n.
2403 3427 2440 3464 d.
2467 3436 2503 3465 et

564 3510 612 3533 ex
639 3498 661 3533 3
689 3505 723 3533 et
748 3498 794 3543 43
830 3512 900 3535 om.
919 3500 955 3535 2.
1110 3498 1149 3536 h.
1184 3499 1258 3536 sibi
1284 3500 1471 3545 indidem‚·
1508 3499 1544 3536 ei
1570 3500 1605 3535 2.
1759 3497 1786 3534 i.
1821 3497 1962 3545 sprevit
1988 3497 2024 3533 2.
2177 3493 2215 3530 k.
2250 3493 2439 3542 separavit
2463 3494 2500 3530 2.

564 3561 590 3599 1.
624 3562 786 3600 scienter
813 3564 905 3600 add.
927 3565 962 3601 2.
1116 3576 1165 3602 m.
1191 3564 1289 3602 hanc
1315 3566 1351 3602 3.

683 3634 723 3677 1.
756 3633 911 3677 Matth.
936 3635 1004 3691 16,
1029 3635 1098 3679 18.
