2722 4172
468 273 572 327 166
1004 285 1278 325 GREGORII
1318 286 1398 322 vn
1434 283 1698 322 REGISTRI
1734 286 1776 322 11
1803 284 1864 322 50.

302 409 418 454 1075
462 404 746 459 nunciavit.
805 403 885 458 De
924 419 1144 473 quorum
1182 402 1292 455 vita
1331 404 1383 454 et
1421 401 1812 455 conversatione
1852 419 1970 456 eum
2007 402 2408 471 interroganteS,

289 470 436 508 1⁸⁰⁰&
466 500 571 554 alia
609 500 800 568 omnia,
839 503 1047 570 praeter
1088 497 1226 567 quod
1265 497 1328 550 de
1368 497 1666 550 concubinis
1703 497 1815 551 nati
1842 502 2005 566 erant,
2044 498 2182 552 bona
2207 498 2334 552 satis
2361 502 2413 552 et

463 596 683 650 honesta
721 595 1029 666 accepimus,
1088 593 1160 648 Et
1188 593 1309 662 quia
1335 592 1618 646 venerandi
1647 608 1869 646 canones
1899 594 1966 647 ad
1991 595 2268 648 sacerdotii
2294 611 2413 663 gra-

465 692 589 745 dum
627 691 758 746 tales
804 690 1022 761 provehi
1062 689 1448 757 contradicunt,
1495 687 1719 759 probare
1767 705 1854 742 eos
1893 706 1998 742 non
2037 691 2163 744 satis
2203 695 2413 745 cautum

463 788 574 841 fore
611 788 926 858 putavimuS,
966 803 1031 840 ne
1065 786 1342 854 quicquam
1370 802 1400 839 a
1425 784 1574 839 nobis
1601 785 1920 838 contrarium
1955 786 2148 839 sanctis
2175 787 2412 856 patribus

463 884 521 936 in
558 883 855 953 exemplum
904 886 956 936 et
1005 882 1366 936 auctoritatem
1413 880 1634 951 posteris
1679 880 2020 953 relinquatur.
2093 881 2236 936 Solet
2273 883 2413 937 enim

465 983 646 1033 sancta
683 983 736 1032 et
773 978 1058 1049 apostolica
1096 980 1243 1033 sedes
1281 978 1530 1049 pleraque
1569 977 1896 1030 considerata
1931 978 2134 1032 ratione
2171 978 2412 1048 tolerare,

465 1075 556 1128 sed
593 1092 862 1144 nunquam
897 1075 954 1127 111
993 1076 1101 1129 suis
1141 1075 1362 1129 decretis
1403 1077 1454 1127 et
1480 1073 1936 1127 constitutionibus
1973 1090 2004 1127 a
2029 1074 2304 1128 concordia
2328 1090 2414 1128 ca-

463 1171 682 1224 nonicae
731 1171 1028 1224 traditionis
1076 1170 1355 1224 discedere.
1422 1169 1751 1239 Quapropter
1798 1170 2004 1223 noverit
2051 1170 2258 1224 dilectio
2304 1174 2412 1239 tua,

463 1284 559 1320 nos
596 1267 673 1320 ita
710 1266 1030 1320 consuluisse
1082 1270 1134 1319 et
1171 1266 1499 1336 praecepisse
1547 1266 1814 1335 episcopo:
1868 1269 1927 1318 ut
1971 1266 2111 1336 ipse,
2162 1271 2419 1336 quantum·

463 1363 631 1433 possit
671 1362 956 1433 episcopali
994 1361 1162 1415 officio
1200 1363 1258 1414 in
1296 1361 1656 1432 spiritualibus
1682 1362 1929 1415 insistens
1970 1366 2023 1415 et
2050 1362 2246 1416 auxilia
2275 1379 2415 1416 com-

463 1458 864 1529 provincialium
904 1459 1267 1528 episcoporum
1304 1462 1513 1527 petenS,
1565 1457 1629 1509 ad
1677 1458 2002 1527 peragendas
2042 1459 2325 1513 exteriores
2365 1463 2417 1513 et

462 1554 736 1607 interiores
777 1570 926 1607 curas
966 1554 1126 1608 talem
1153 1553 1400 1614 clericum
1424 1554 1480 1606 in
1507 1553 1724 1606 ecclesia
1750 1554 2050 1622 constituat,
2091 1555 2180 1624 qui
2207 1555 2274 1608 ad
2298 1558 2414 1608 tan-

461 1653 571 1703 tam
609 1650 1032 1720 procurationem
1069 1650 1319 1719 providus
1367 1653 1441 1716 et,
1491 1649 1536 1701 si
1582 1665 1667 1702 res
1713 1649 2080 1719 postulaverit,
2134 1651 2199 1704 ad
2246 1652 2415 1721 perci-

461 1746 708 1816 piendam
757 1745 1067 1815 episcopalis
1117 1744 1276 1798 officii
1323 1745 1634 1812 dignitatem
1682 1748 1734 1798 et
1783 1745 2017 1799 ordinem
2065 1747 2134 1800 sit
2169 1747 2411 1815 idoneus3

464 1858 563 1911 quo
610 1858 705 1911 per
750 1858 945 1894 annum
993 1858 1156 1894 unum
1204 1844 1294 1894 aut
1343 1840 1566 1911 amplius
1613 1841 1670 1893 in
1718 1840 1936 1894 ecclesia
1980 1843 2321 1912 consistente,
2370 1844 2417 1898 si

464 1937 642 1991 divina
696 1937 974 1991 clementia
1019 1937 1231 1990 interim
1281 1937 1525 2007 episcopo
1571 1937 1709 1990 vires
1757 1937 1989 2007 corporis
2041 1931 2109 1992 et⁴
2139 1939 2415 1993 sanitatem

460 2033 772 2103 reddiderit,
813 2034 949 2087 sicut
981 2034 1182 2088 iustum
1222 2037 1326 2101 est,
1372 2034 1486 2103 ipse
1523 2034 1580 2085 in
1616 2033 1729 2086 loco
1770 2050 1862 2086 suo
1903 2050 2059 2104 super
2097 2035 2416 2090 dominicum

462 2147 673 2198 gregem
710 2129 934 2198 vigilans
976 2130 1250 2196 consistat3
1294 2129 1339 2182 si
1377 2145 1498 2182 vero
1533 2127 1810 2182 infirmitas
1839 2132 1890 2183 et
1916 2130 2156 2185 debilitas
2183 2134 2415 2203 corporis

464 2226 545 2279 sui
584 2226 805 2279 adaucta
841 2226 1001 2279 fuerit
1039 2231 1090 2280 et
1128 2225 1636 2279 administrationem
1674 2225 1982 2279 commissae
2018 2227 2119 2280 sibi
2146 2244 2299 2282 curae
2325 2246 2415 2283 ne-

465 2338 729 2391 quaquam
770 2322 958 2391 exequi
997 2322 1214 2392 poterit,
1266 2326 1390 2375 tunc
1438 2321 1674 2389 demum,
1724 2321 1770 2373 si
1818 2321 1959 2374 illius
1997 2322 2108 2376 vita
2153 2340 2324 2377 mores
2364 2329 2416 2378 et

464 2418 742 2488 disciplina
779 2418 1065 2488 probabilis
1105 2418 1278 2486 fuerit,
1321 2416 1634 2487 apostolicae
1673 2416 1785 2469 sedi
1811 2417 1949 2470 eius³
1974 2419 2079 2472 tuis
2106 2423 2158 2472 et
2184 2420 2416 2490 episcopi

462 2513 654 2568 litteris
679 2530 776 2568 nec
800 2531 906 2567 non
933 2515 1028 2568 sub
1048 2515 1347 2568 testimonio
1369 2513 1494 2567 cleri
1520 2513 1752 2567 eiusdem
1780 2513 2026 2568 ecclesiae
2051 2515 2413 2584 denuncietur3

466 2615 519 2664 et
556 2610 619 2664 de
659 2611 986 2664 ordinatione
1026 2611 1272 2664 ecclesiae
1311 2610 1596 2664 deliberato
1637 2609 1851 2663 consilio
1890 2614 2032 2663 certa
2056 2611 2203 2665 vobis
2243 2617 2294 2666 ct
2331 2630 2414 2667 sa-

463 2705 629 2759 lubris
669 2711 928 2761 annuente
966 2706 1078 2761 Deo
1117 2707 1388 2776 responsio
1430 2705 1653 2759 dabitur.
1711 2705 1909 2759 Verum
1932 2706 2059 2761 haec
2084 2724 2415 2777 nequaquam

465 2805 575 2855 tam
615 2802 848 2856 absolute
887 2803 1217 2871 dixissemUS,
1257 2802 1360 2855 nisi
1388 2801 1524 2871 quod
1552 2802 1812 2872 episcopO,
1853 2820 1908 2856 se
1943 2805 2214 2857 excusanti
2240 2807 2292 2857 et
2315 2804 2414 2856 im-

464 2898 825 2968 pedimentum
864 2916 989 2953 suae
1026 2898 1347 2952 infirmitatis
1380 2899 1711 2969 proponenti,
1750 2899 2012 2953 fraternae
2039 2899 2412 2970 compassionis

468 2994 704 3047 auditum
731 2995 986 3063 denegare
1011 3012 1116 3048 non
1141 2995 1423 3065 potuimus.
1575 2995 1717 3048 Haec
1741 2995 1917 3063 igitur,
1957 2995 2142 3049 dilecte
2167 2994 2257 3063 fili,
2287 3012 2413 3066 pru-

467 3090 648 3143 denter
676 3091 948 3145 considera
974 3095 1026 3145 et
1052 3091 1117 3144 ad
1139 3091 1462 3145 observanda
1485 3095 1668 3145 nostra
1686 3091 1886 3144 monita
1904 3091 2220 3160 episcopum,
2250 3107 2412 3159 quan·
2440 3141 2442 3146 .

466 3190 578 3238 tum
627 3190 804 3256 potes,
855 3186 1066 3253 adiuva3
1116 3191 1371 3256 quatenus
1421 3191 1472 3241 et
1508 3190 1567 3240 tu
1606 3204 1637 3240 a
1674 3187 1824 3241 beato
1863 3186 2017 3240 Petro
2058 3185 2412 3255 apostolorum

465 3282 704 3352 principe
744 3283 811 3336 ad
840 3282 1126 3350 regendum
1152 3283 1249 3336 tibi
1282 3283 1617 3336 commissum
1640 3283 1892 3353 populum
1919 3282 2171 3349 adiuvari,
2199 3282 2412 3352 eiusque

465 3378 684 3446 meritis,
726 3396 757 3431 a
793 3383 1127 3449 peccatorum
1167 3383 1377 3432 tuorum
1418 3378 1636 3432 vinculis
1677 3378 1970 3445 absolutuS,
2011 3381 2252 3431 aeternae
2290 3378 2411 3432 bea-

467 3472 707 3526 titudinis
746 3474 913 3541 gloria
949 3475 1005 3528 in
1043 3492 1202 3542 regno
1243 3474 1438 3528 Christi
1477 3479 1528 3527 et
1564 3474 1664 3527 Dei
1700 3473 1948 3526 merearis
1986 3473 2201 3542 perfrui.
2272 3473 2414 3528 Data

466 3566 662 3621 Romae
700 3571 733 3621 9
772 3569 1034 3623 Kalendas
1071 3569 1360 3638 Februarii,
1396 3569 1679 3623 indictione
1723 3570 1804 3621 13.

585 3695 618 3720 a.
654 3686 887 3722 conversatio
913 3687 1100 3723 excidisse
1126 3687 1279 3723 videtur.
