2730 4198
827 283 1102 321 GREGORII
1139 285 1217 321 vu
1254 283 1518 322 REGISTRI
1555 285 1634 321 v11
1663 284 1723 320 11.
2136 272 2243 325 393

304 401 600 456 dubitanter
639 401 830 454 etenim
869 417 972 453 non
999 401 1098 455 Dei
1138 400 1230 455 sed
1269 400 1462 454 diaboli
1492 400 1728 455 membra
1754 404 1806 454 et
1829 400 1947 454 falsi
1974 401 2245 456 christiani

302 497 692 565 convincuntur,
735 497 824 566 qui
862 514 982 550 suas
1019 497 1238 550 iniurias
1277 500 1617 567 persecuntur
1654 514 1818 566 usque
1846 498 1912 551 ad
1938 498 2246 566 sanguinem

303 596 356 649 et
392 592 491 646 Dei
537 592 877 646 contumelias
925 593 1197 661 negligunt
1232 608 1396 661 usque
1435 592 1501 645 ad
1540 592 1866 646 oblivionem.
2019 594 2246 648 Divitias

303 692 499 756 autem,
549 688 786 758 potentia
822 693 914 742 tua
954 706 1080 758 quas
1118 688 1290 756 habet,
1329 705 1434 740 non
1474 686 1539 740 ob
1578 688 1825 741 meritum
1864 689 2012 743 datas
2052 690 2143 743 sed
2183 690 2246 744 ob

302 783 704 837 sollicitudinem
742 788 928 854 putare
967 784 1120 838 debet
1145 783 1243 837 sibi
1270 783 1590 836 commissas
1648 783 1886 853 Denique
1911 801 2018 838 non
2042 789 2248 838 tantum

301 880 652 934 saecularibus
692 882 866 934 oneri⁰
891 881 1098 933 videtur
1122 879 1317 949 inopia,
1359 883 1612 947 quantum
1641 879 1939 949 spirituales
1964 881 2105 934 viros
2131 898 2248 949 gra-

300 981 428 1030 vant
453 977 681 1045 divitiae,
711 976 866 1029 simul
893 976 1049 1030 etiam
1078 974 1264 1028 diffusa
1287 978 1536 1044 potestas
1595 974 1933 1045 Perpendunt
1958 977 2151 1047 quippe
2178 1004 2243 1012 —-

302 1072 347 1126 si
384 1071 489 1141 ille,
529 1072 612 1126 cui
651 1089 756 1126 una
794 1073 905 1126 ovis
944 1071 1037 1124 sub
1076 1071 1218 1124 necis
1259 1087 1383 1123 suae
1419 1071 1716 1124 conditione
1743 1074 2103 1142 committitur,
2143 1090 2248 1127 non

301 1168 470 1223 solum
509 1172 714 1222 centum
755 1168 932 1222 eodem
972 1170 1125 1237 pacto
1164 1183 1270 1219 non
1309 1170 1522 1236 cuperet
1558 1168 1806 1237 recipere,
1851 1186 2030 1222 verum
2073 1169 2248 1239 etiam,

299 1263 392 1317 illa
428 1281 495 1317 ne
535 1264 708 1333 aliquo
748 1280 872 1318 casu
912 1263 1191 1333 dispereat,
1231 1262 1372 1316 haud
1411 1263 1522 1316 sine
1548 1263 1736 1317 timore
1763 1264 2014 1318 sollicitus
2042 1269 2122 1318 est
2160 1266 2249 1319 ob-

300 1376 510 1413 servare
541 1390 608 1396 —
648 1359 784 1429 quod
824 1359 923 1413 sibi
961 1363 1107 1412 tanto
1147 1358 1216 1411 sit
1254 1358 1579 1412 inremissius
1618 1360 1940 1428 vigilandum
1978 1362 2250 1432 magisque

297 1455 604 1523 timendum,
647 1459 841 1523 quanto
881 1472 1038 1525 super
1076 1454 1254 1525 plures
1294 1471 1472 1508 curam
1513 1473 1604 1510 seu
1629 1461 1941 1527 potestatem
1971 1459 2247 1529 accipiunt.

296 1549 392 1604 His
430 1551 506 1604 ita
541 1552 847 1622 perspectiS,
889 1551 955 1604 ad
993 1551 1247 1604 maiorem
1285 1554 1337 1604 te
1375 1553 1565 1606 mentis
1604 1553 1932 1621 vigilantiam
1958 1555 2249 1624 praesentis

298 1646 492 1700 saeculi
528 1647 783 1716 fugacitas
822 1647 1027 1700 invitat.
1087 1646 1159 1700 Et
1193 1663 1307 1700 cum
1336 1646 1482 1716 illud,
1525 1648 1662 1716 quod
1699 1649 1753 1702 in
1794 1649 1891 1703 hac
1927 1649 2043 1704 luce
2082 1651 2249 1719 magis

297 1742 549 1812 diligitur,
589 1745 699 1797 vita
738 1743 935 1797 scilicet
971 1759 1237 1814 praesens,
1280 1743 1346 1796 ad
1386 1759 1623 1796 occasum
1652 1745 1834 1798 furtim
1859 1746 2086 1814 festinet,
2126 1764 2248 1817 pro-

296 1839 449 1908 fect0,
490 1857 590 1908 quo
628 1840 797 1908 magis
837 1840 902 1893 ad
943 1839 1167 1893 districti
1208 1839 1463 1892 examinis
1491 1840 1630 1893 diem
1660 1842 1998 1912 propinquaS,
2039 1860 2098 1896 eo
2139 1860 2248 1896 am-

297 1934 435 2005 plius
463 1935 529 1988 ad
556 1939 766 1989 aeterna
790 1935 1221 2006 praemeditanda
1249 1939 1301 1988 et
1327 1935 1663 2006 adipiscenda
1682 1941 1732 1991 te
1755 1954 1882 1991 sana
1906 1939 2040 1991 ratio
2067 1939 2246 1993 mittit.

297 2030 441 2085 Haec
466 2031 641 2100 itaque
668 2035 848 2085 nostra
873 2032 1074 2084 monita
1101 2031 1209 2084 sive
1236 2031 1499 2101 mandata,
1540 2033 1778 2087 volumus
1804 2035 1965 2088 immo
1990 2035 2246 2105 iubemUS,

297 2130 356 2180 ut
395 2131 514 2181 ante
553 2145 676 2181 suae
715 2128 905 2182 mentis
947 2127 1121 2181 oculos
1163 2127 1472 2182 excellentia
1509 2133 1600 2182 tua
1639 2130 1845 2200 saepius
1871 2135 2035 2201 ponat
2061 2136 2112 2185 et
2137 2149 2247 2186 cre-

295 2221 438 2276 brius
478 2222 695 2291 legendo
736 2224 991 2278 audiendo
1031 2225 1340 2291 meditetur3
1388 2242 1492 2278 non
1542 2226 1680 2295 quod
1726 2226 2013 2295 elegantius
2053 2229 2249 2298 scripta

294 2335 522 2388 nequeas
560 2319 617 2372 in
657 2323 955 2373 sanctorum
998 2321 1203 2391 paginis
1242 2321 1494 2389 invenire,
1535 2322 1628 2375 sed
1657 2323 1778 2391 quia
1803 2323 1931 2377 haec
1958 2324 2023 2378 ad
2049 2328 2102 2378 te
2129 2342 2246 2395 spe-

294 2414 496 2469 cialiter
535 2431 598 2468 ex
638 2415 788 2470 nobis
827 2416 988 2470 immo
1031 2434 1095 2470 ex
1135 2417 1288 2470 beato
1326 2416 1482 2471 Petro
1522 2419 1685 2472 missa
1724 2423 1846 2473 sunt
1884 2423 1961 2488 et,
2002 2420 2106 2473 ista
2143 2421 2246 2474 fre-

297 2511 539 2580 quentius
576 2512 928 2582 recogitando,
968 2514 1166 2583 poteris
1205 2512 1316 2567 Deo
1352 2514 1673 2584 propitiante
1713 2515 1776 2568 ad
1814 2516 2021 2586 potiora
2059 2533 2246 2585 cogno-

297 2587 488 2661 scenda
526 2625 791 2676 exurgere.

445 2702 576 2767 Quia
613 2721 735 2758 vero
773 2704 1018 2759 nobilitas
1049 2709 1140 2759 tua
1170 2706 1482 2777 postulavit:
1525 2707 1694 2777 quodb
1722 2708 2006 2762 secundum
2035 2707 2245 2762 Sclavo-

294 2798 468 2852 nicam
505 2799 738 2868 linguam
778 2801 916 2871 apud
953 2819 1045 2855 vos
1085 2802 1319 2856 divinum
1345 2803 1598 2858 celebrari
1625 2821 1970 2858 annueremus
1999 2805 2244 2874 officium,

296 2895 447 2964 sciaS,
486 2913 580 2949 nos
619 2897 739 2951 huic
775 2897 1018 2968 petitioni
1057 2902 1177 2952 tuae
1215 2916 1544 2969 nequaquam
1582 2917 1736 2970 posse
1775 2901 1966 2954 favere.
2025 2901 2110 2955 Ex
2148 2902 2245 2956 hoc

293 3007 507 3062 nempe,
549 3009 704 3063 saepe
742 2994 1069 3048 volventibus
1107 2995 1287 3064 liquet,
1334 3012 1438 3048 non
1476 2996 1739 3050 immerito
1780 3013 1981 3050 sacram
2021 2999 2243 3068 scriptu-

294 3103 409 3141 ram
449 3090 795 3160 omnipotenti
819 3089 930 3144 Deo
955 3090 1216 3160 placuisse
1256 3091 1564 3160 quibusdam
1611 3092 1739 3146 locis
1778 3109 1892 3146 esse
1932 3090 2241 3147 occultam¹:

293 3200 376 3253 ne,
417 3185 462 3237 si
501 3185 566 3238 ad
603 3185 861 3256 liquidum
900 3187 1098 3240 cunctis
1138 3190 1357 3256 pateret,
1396 3187 1531 3240 forte
1570 3188 1843 3242 vilesceret
1875 3192 1925 3242 et
1953 3189 2245 3244 subiaceret

295 3280 563 3351 despectui
602 3285 707 3351 aut,
746 3299 908 3353 prave
946 3283 1211 3356 intellecta
1251 3299 1281 3336 a
1318 3282 1689 3351 mediocribUS,
1728 3284 1784 3336 in
1825 3301 2054 3338 errorem
2091 3285 2243 3338 indu-

296 3380 449 3430 ceret.
508 3378 689 3448 Neque
729 3379 868 3433 enim
897 3379 963 3433 ad
989 3379 1378 3432 excusationem
1403 3378 1564 3446 iuvat,
1607 3379 1746 3448 quod
1773 3379 1986 3448 quidam
2011 3379 2243 3449 religiosi

296 3471 396 3526 viri
433 3473 546 3543 hoc,
587 3475 725 3544 quod
763 3474 1070 3546 simpliciter
1106 3474 1331 3545 populus
1372 3474 1558 3544 querit,
1597 3475 1859 3545 patienter
1893 3476 2127 3531 tulerunt
2151 3494 2244 3532 seu

412 3607 444 3634 a.
478 3597 611 3636 honeri
638 3600 722 3637 cod.
833 3600 870 3638 b.
906 3611 979 3648 quo
1009 3615 1039 3637 c.

357 3695 360 3698 >
415 3675 455 3718 1.
490 3675 722 3735 Coniunge
752 3679 837 3724 sic:
882 3679 979 3736 „Ex
1008 3678 1095 3723 hoc
1123 3690 1285 3736 nempe
1315 3678 1583 3736 scripturam
1614 3680 1836 3724 occultam
1867 3692 1969 3726 esse
1999 3681 2238 3739 placuisse,

294 3746 486 3804 liquet“.

2278 411 2390 453 1080

2274 471 2351 507 Ian.
2373 472 2395 508 2
