2730 4198
483 278 589 332 668
961 292 1310 331 Bom'rnoms
1347 292 1423 329 AD
1462 290 1688 329 AMICUM
1724 292 1833 329 Lm.
1858 291 1939 329 vn

336 415 451 459 1076
474 410 924 480 patriarchalibus
962 410 1166 462 sedibus
1189 418 1422 479 presunt,
1462 408 1777 460 inhonorare
1802 419 1894 461 aut
1916 427 2116 462 movere
2141 429 2174 462 a
2195 412 2416 480 proprio

482 503 631 558 tron'o
679 516 954 577 temptare,
1004 514 1079 557 set
1116 506 1259 556 omni
1294 503 1487 556 honore
1525 513 1572 556 et
1606 505 1894 556 reverentia
1931 504 2118 574 diqnos
2155 507 2417 568 iudicare3

475 603 725 671 precipue
772 602 981 670 quidem
1026 601 1407 652 sanctissimum
1449 617 1652 669 papam
1697 601 1915 652 senioris
1963 600 2162 652 Romae
2171 619 2189 662 ,·
2238 601 2420 654 dehinc

479 714 599 749 vero
625 696 985 749 Alexandriae
1023 715 1085 747 ac
1109 694 1387 748 Antiochie
1411 713 1499 747 seu
1525 694 1977 760 Ierosolomorum,
2019 696 2257 767 deinceps
2285 694 2417 750 Con-

480 791 883 862 stantinopoleos
920 791 1280 862 patriarcham
1289 810 1307 852 ;
1355 801 1430 843 set
1464 809 1556 842 nec
1594 790 1758 842 alium
1797 808 2150 861 quemcunque
2189 794 2416 845 conscri-

471 890 709 958 ptiones*
748 897 929 940 contra
976 889 1358 940 sanctissimum
1397 905 1603 956 papam
1651 888 1870 939 senioris
1910 886 2110 939 Romae
2155 905 2218 939 ac
2237 879 2419 940 ‘verba

481 983 791 1053 complicare
826 983 908 1034 vel
944 1001 1246 1053 componere
1281 983 1373 1035 sub
1403 984 1669 1035 occasione
1696 984 1852 1052 quasi
1874 982 2264 1052 diffamatorum
2290 1001 2418 1054 quo-

479 1080 707 1131 rundam
742 1081 1044 1141 criminum5
1084 1080 1226 1148 quod
1251 1088 1298 1130 et
1319 1097 1487 1148 nuper
1511 1078 1705 1131 Focius
1733 1089 1780 1131 et
1802 1078 1960 1131 multo
1989 1089 2107 1131 ante
2129 1078 2419 1132 Dioscorus

464 1174 616 1244 fecit.
679 1173 941 1244 Quisquis
969 1185 1138 1226 autem
1176 1184 1322 1226 tanta
1358 1177 1610 1227 iactantia
1649 1185 1694 1227 et
1732 1176 1959 1227 audacia
1995 1175 2323 1243 usus'fuerit,
2362 1185 2422 1228 ut

479 1270 759 1322 secundum
795 1269 1018 1321 Focium
1044 1277 1103 1322 'et
1125 1270 1444 1322 Dioscorum
1481 1272 1538 1322 in
1575 1273 1785 1341 scriptis
1823 1271 1905 1322 vel
1941 1273 2052 1323 sine
2088 1273 2296 1341 scriptis
2333 1272 2419 1323 in-

478 1367 647 1418 iurias
683 1365 939 1434 quasdam
965 1375 1145 1417 contra
1170 1366 1338 1417 sedem
1363 1366 1515 1418 Petri
1528 1368 1796 1436 principis
1823 1367 2176 1436 apostolorum
2201 1376 2417 1432 moveat,

480 1459 712 1530 equalem
751 1470 799 1512 et
836 1460 1050 1512 eandem
1089 1478 1246 1530 quam
1284 1461 1370 1512 illi
1405 1462 1879 1515 condemnationem
1906 1464 2147 1532 accipiat.
2210 1461 2278 1516 Si
2298 1480 2418 1515 vero

478 1558 613 1626 quis,
656 1555 839 1624 aliqua
863 1556 1025 1608 seculi
1034 1554 1052 1584 ¹’
1069 1566 1324 1626 potestate
1332 1557 1527 1626 fruens
1553 1558 1633 1609 vel
1648 1568 1853 1628 potens,
1880 1558 2071 1628 pellere
2098 1560 2422 1628 temptaverit

467 1651 741 1723 prefatum
766 1652 1083 1721 apostolicae
1109 1652 1380 1705 cathedrae
1401 1672 1603 1723 papam
1630 1664 1723 1705 aut
1747 1654 1973 1706 aliorum
1989 1654 2421 1724 patriarcharum

478 1765 813 1817 quemquam,
863 1749 1138 1800 anathema
1185 1750 1267 1801 sit.
1344 1749 1518 1802 Porro
1564 1751 1613 1801 si
1648 1750 1877 1818 synodus
1915 1751 2223 1802 universalis
2246 1739 2426 1818 fuerit

478 1853 806 1913 conqreqata‚
849 1854 896 1897 et
917 1844 1075 1913 facta
1097 1844 1276 1913 fuerit
1313 1847 1466 1897 etiam
1492 1846 1555 1897 de
1579 1855 1760 1897 sancta
1788 1845 2147 1898 Romanorum
2173 1834 2436 1899 aecclesia'

478 1943 691 2012 quaevis
731 1940 1045 2010 ambiquitas
1086 1950 1133 1993 et
1169 1943 1545 2006 controversia,
1589 1951 1789 2011 oportet
1824 1941 2184 1994 venerabiliter
2222 1951 2269 1994 et
2306 1959 2420 1994 cum

476 2039 800 2090 convenienti
842 2038 1129 2089 reverentia
1176 2037 1239 2088 de
1275 2038 1558 2107 proposita
1605 2039 1867 2107 questione
1903 2038 2162 2089 sciscitari
2196 2046 2243 2089 et
2277 2036 2417 2089 solu-

476 2136 666 2187 tionem
704 2135 937 2203 accipere
976 2143 1023 2185 et
1047 2142 1139 2185 aut
1153 2143 1459 2203 provectum
1479 2132 1667 2201 facere
1693 2143 1784 2185 aut
1803 2133 2081 2204 proficere.-
2117 2151 2223 2185 non
2249 2142 2418 2185 tamen

476 2231 724 2282 audacter
761 2231 1066 2282 sententiam
1091 2230 1259 2281 dicere
1285 2238 1467 2281 contra
1491 2246 1747 2280 summum
1772 2231 1990 2281 senioris
2019 2229 2219 2281 Romae
2239 2230 2415 2298 ponti-

461 2326 632 2393 ficem.
781 2323 918 2377 Ecce
978 2323 1201 2392 qualiter
1255 2322 1546 2376 imitatores
1594 2321 1720 2375 Foci
1758 2328 1810 2376 et
1857 2323 2097 2376 Dioscori
2153 2339 2250 2392 pro
2307 2321 2417 2376 sola

474 2419 694 2473 infamia
718 2418 940 2472 Romani
977 2418 1238 2489 pontificis
1278 2418 1497 2472 audistis
1536 2417 1876 2486 damnandos,
1918 2422 1970 2472 et
1997 2421 2236 2488 potentes
2263 2430 2417 2486 quos-v

477 2532 594 2584 que,
639 2518 958 2585 temptantes
995 2514 1191 2584 pellere
1229 2514 1448 2568 senioris
1486 2512 1681 2567 Romae
1719 2530 1913 2583 papam
1953 2531 1984 2567 a
2021 2513 2158 2582 sede,
2200 2513 2418 2568 audistis

478 2610 905 2664 anathemizatos,
1026 2609 1144 2664 Non
1183 2613 1263 2663 est
1300 2626 1422 2678 ergo
1459 2609 1884 2679 reprehensibile,
1922 2626 2116 2678 regem,
2156 2612 2418 2680 temptan-

475 2710 584 2760 tem
632 2723 826 2777 papam
876 2723 907 2758 a
945 2705 1067 2760 sede
1106 2706 1218 2759 sine
1254 2706 1446 2758 iudicio
1483 2705 1705 2775 pellere,
1756 2705 2230 2774 excommunicare,
2280 2704 2417 2774 quod

478 2806 777 2856 sanctorum
814 2805 1026 2872 patrum
1063 2801 1258 2869 regulis
1299 2805 1379 2855 est
1415 2800 1734 2854 roboratum.

622 2898 934 2952 Inusitatum
981 2914 1105 2951 vero
1153 2914 1259 2950 non
1306 2899 1409 2963 est3
1461 2896 1584 2965 quia
1631 2895 1850 2950 multos⁰
1897 2895 2118 2964 legimus
2155 2895 2416 2950 Romanos

435 2975 438 2978 .
474 2992 747 3065 pontifices
784 3010 880 3064 pro
918 2993 1208 3046 minoribus
1247 2993 1418 3046 causis
1455 3008 1559 3045 non
1598 2991 1767 3045 solum
1805 2992 2296 3060 excommunicasse,
2337 2994 2418 3045 set

477 3090 634 3144 etiam
674 3107 704 3143 a
740 3106 900 3157 regno
939 3088 1256 3159 deposuisse.
1315 3087 1463 3151 Quod
1499 3086 1687 3141 melius
1724 3088 1926 3157 patebit
1964 3087 2217 3157 exempla
2331 3086 2416 3140 In-

474 3186 746 3239 nocentius
785 3202 926 3255 papa
950 3184 1271 3238 Archadium
1297 3184 1687 3254 imperatorem,
1728 3183 2006 3237 Theodosii
2029 3182 2207 3250 Magni
2231 3181 2413 3251 filium,

474 3297 570 3351 pro
621 3297 706 3349 e0,
757 3281 896 3350 quod
941 3279 1186 3333 Iohannis
1232 3278 1539 3333 Crisostomi
1586 3279 1899 3349 depositioni
1947 3278 2208 3346 interfuit,
2259 3294 2415 3346 quam

476 3376 792 3446 Theophilus
831 3375 1221 3430 Alexandrinus
1269 3391 1375 3428 una
1413 3391 1532 3428 cum
1572 3375 1687 3428 aliis
1726 3373 2062 3428 orientalibus
2100 3372 2414 3443 patriarchis

475 3487 595 3526 cum
633 3488 890 3527 consensu
929 3471 1150 3526 aliorum
1191 3470 1572 3542 episcoporum,
1613 3472 1723 3525 sine
1751 3487 1966 3524 assensu
1991 3472 2167 3522 tamen
2192 3467 2415 3522 Romani

591 3628 623 3654 a.
659 3618 729 3656 sed
759 3628 830 3656 nec
865 3618 1077 3667 quicunque
1111 3617 1476 3666 circumscriptiones
1502 3618 1588 3656 cod.
1717 3616 1754 3654 b.
1789 3615 1850 3654 dei
1877 3631 1909 3654 c.
2039 3626 2071 3653 c.
2105 3615 2350 3664 imperatores
2377 3615 2415 3652 et

472 3692 581 3730 roges
607 3685 793 3721 excidisse
817 3684 973 3721 videtur.
