2722 4172
326 978 442 1022 1074

316 1038 407 1075 Dec.
428 1039 449 1075 ‘1

488 260 593 313 144
1028 273 1303 313 GREGORII
1339 273 1419 311 vn
1454 272 1722 311 REGISTRI
1757 274 1800 312 11
1827 274 1887 310 31.

482 385 533 446 Π
567 389 666 447 31.
700 392 949 444 Heinrico
977 392 1066 444 IV
1099 394 1213 461 re9i
1238 391 1418 443 scribit
1441 391 1504 442 de
1529 408 1622 442 8αο
1650 408 1774 460 crya
1801 409 1915 443 eum
1941 410 2132 457 amore,
2175 393 2421 445 dissimu-

705 488 808 540 lato
848 487 912 539 ab
951 489 1034 551 iic,
1079 489 1172 556 qui
1207 487 1526 538 discordiam
1560 488 1695 538 inter
1719 505 1826 539 8686
1852 490 2115 540 concitent.
2175 487 2422 557 Amplius

705 584 1090 652 quinquaqinta
1126 583 1276 634 milia
1314 583 1581 634 hominum
1614 591 1809 651 parata
1849 601 1978 648 6886,
2028 602 2081 636 86
2119 584 2247 636 duce
2284 583 2421 636 cliri-

702 680 886 730 stianis
925 680 1291 730 transmarinis
1333 696 1480 747 opem
1501 678 1669 746 ferre.
1733 676 1847 743 Quo
1875 680 1924 730 si
1946 679 2147 743 abierit,
2188 697 2241 730 86
2267 678 2420 731 eccle-

701 775 835 825 siam
874 773 1169 825 Romanam
1205 775 1320 843 reqi
1357 776 1749 825 commissurum
1787 791 1905 825 6886.

1153 882 1451 937 Dictatus
1497 890 1754 952 papae⁸.

628 975 907 1044 Gregorius
946 978 1218 1047 episcopus
1259 995 1438 1031 servus
1478 995 1746 1031 servorum
1785 976 1883 1030 Dei
1913 977 2156 1030 Heinrico
2195 977 2420 1045 glorioso

478 1072 591 1140 regi
628 1072 849 1125 salutem
888 1077 940 1125 et
978 1074 1318 1142 apostolicam
1356 1074 1784 1128 benedictionem.

627 1166 684 1220 Si
709 1167 851 1221 Deus
888 1168 1041 1221 modo
1082 1169 1254 1238 aliquo
1295 1187 1417 1223 suae
1447 1170 1659 1240 pietatis
1687 1169 2008 1236 concederet,
2047 1172 2107 1221 ut
2130 1184 2277 1222 mens
2303 1184 2421 1221 mea

477 1262 574 1316 tibi
610 1267 838 1333 pateret,
878 1263 1236 1318 indubitanter
1275 1266 1407 1334 scic,
1456 1283 1550 1319 sua
1586 1265 1840 1333 largiente
1879 1265 2048 1333 gratia
2086 1264 2259 1317 nullus
2297 1268 2350 1317 te
2389 1281 2421 1316 a

476 1375 594 1411 mea
632 1358 906 1412 dilectione
944 1364 1123 1428 posset
1160 1377 1418 1430 separare.
1477 1362 1730 1414 Attamen
1769 1362 1832 1414 de
1870 1361 2009 1413 illius
2038 1359 2237 1413 confido
2264 1360 2419 1412 mise-

475 1453 726 1521 ricordia,
768 1455 890 1522 quia
928 1455 1236 1524 quandoque
1275 1456 1508 1525 clarebit,
1551 1457 1688 1525 quod
1725 1461 1777 1510 te
1817 1458 2021 1510 sincera
2059 1457 2274 1509 caritate
2301 1455 2419 1508 dili-

475 1565 610 1616 gam.
668 1548 755 1601 Ad
791 1550 890 1603 hoc
928 1551 1068 1603 enim
1105 1568 1190 1604 me
1229 1568 1502 1605 commune
1539 1557 1877 1622 praeceptum
1916 1552 2147 1605 omnium
2179 1551 2418 1604 christia-

473 1660 660 1697 norum
698 1644 892 1713 dirigit,
935 1645 1001 1698 ad
1037 1645 1134 1699 hoc
1172 1647 1326 1704 etiam
1368 1648 1708 1717 imperatoria
1743 1648 1989 1700 maiestas
2026 1652 2078 1701 et
2104 1647 2417 1717 apostolicae

475 1740 611 1793 sedis
650 1744 924 1793 mansueta
960 1745 1192 1810 potestas
1232 1743 1482 1812 impellit3
1525 1743 1663 1812 quia,
1705 1744 1748 1796 si
1787 1748 1838 1797 te
1876 1747 1936 1796 ut
1973 1747 2179 1813 oportet
2207 1760 2312 1796 non
2339 1743 2417 1795 di-

470 1835 602 1904 lig0,
641 1836 698 1888 in
733 1853 928 1889 vanum
967 1836 1030 1889 de
1069 1837 1429 1891 misericordia
1465 1838 1565 1891 Dei
1602 1839 1804 1892 meritis
1842 1839 1981 1891 beati
2017 1838 2160 1892 Petri
2198 1837 2414 1892 confido,

474 1930 576 1984 Sed
616 1932 738 2000 quia
776 1932 859 1985 die
897 1936 1155 2001 noctuque
1194 1933 1248 1985 in
1287 1934 1441 1986 vinea
1466 1933 1679 1986 Domini
1712 1934 1953 1987 laborare
1992 1927 2289 2004 permulta
2325 1951 2416 2004 pe-

469 2027 634 2080 ricula
673 2028 833 2081 etiam
869 2045 1032 2097 usque
1070 2029 1137 2081 ad
1162 2033 1386 2082 mortem
1422 2030 1675 2098 desidem,
1715 2047 1819 2083 non
1848 2030 2014 2083 solum
2040 2030 2136 2084 tibi
2165 2060 2233 2066 —
2261 2047 2415 2099 quem

468 2122 611 2176 Deus
649 2123 705 2175 in
745 2141 947 2176 summo
987 2124 1212 2177 culmine
1251 2142 1427 2179 rerum
1465 2126 1657 2195 posuit,
1697 2143 1792 2196 per
1832 2143 1986 2195 quem
2017 2126 2169 2179 multi
2196 2130 2415 2196 possunt

470 2223 560 2272 aut
598 2236 629 2271 a
665 2223 806 2273 recto
845 2220 1056 2273 tramite
1096 2220 1367 2275 aberrareb
1397 2225 1486 2274 aut
1524 2221 1860 2274 christianam
1898 2221 2203 2288 religionem
2238 2222 2413 2275 obser-

467 2331 591 2367 vare
631 2345 700 2351 —
741 2315 832 2367 sed
881 2317 1040 2369 etiam
1087 2294 1303 2370 minimo
1344 2317 1650 2384 christianO,
1701 2317 1978 2370 adiuvante
2015 2316 2154 2383 De0,
2206 2334 2412 2386 semper

470 2410 686 2463 studebo
734 2415 968 2464 sanctam
1021 2416 1073 2465 et
1119 2413 1431 2480 condignam
1477 2413 1748 2465 caritatem
1786 2413 2062 2466 custodire.
2121 2412 2233 2466 Hac
2271 2413 2411 2466 enim

470 2505 583 2559 sine
627 2510 771 2559 veste
816 2506 1018 2573 regales
1066 2508 1276 2577 nuptias
1326 2508 1469 2561 adire
1515 2509 1603 2577 qui
1641 2509 2001 2578 temptaverit,
2051 2508 2273 2562 dedecus
2311 2509 2411 2562 im-

468 2617 622 2654 mane
660 2602 951 2655 sustinebit.
1009 2602 1124 2655 Heu
1161 2603 1294 2673 proh
1332 2603 1494 2672 dolor,
1535 2604 1662 2657 haec
1698 2604 1938 2672 vigilanti
1977 2605 2149 2657 animo
2187 2621 2291 2657 non
2332 2608 2410 2658 at-

467 2697 712 2765 tendunt,
763 2698 852 2765 qui
900 2698 1213 2751 discordiam
1260 2699 1516 2752 seminare
1553 2700 1689 2752 inter
1737 2716 1832 2752 nos
1871 2700 2060 2753 cotidie
2098 2700 2406 2770 disponunt:

467 2796 527 2845 ut
562 2792 643 2844 his
680 2793 878 2846 retibus
919 2794 1172 2847 diabolico
1211 2795 1463 2848 instinctu
1495 2796 1822 2865 praeparatis
1850 2812 1945 2848 sua
1969 2796 2173 2866 possint
2198 2799 2408 2865 captare

467 2888 755 2957 commoda,
796 2905 890 2941 sua
926 2889 1144 2959 palliare
1184 2890 1335 2956 vitia3
1378 2891 1563 2958 quibus
1590 2891 1726 2944 iram
1750 2891 1850 2945 Dei
1890 2896 1941 2944 et
1978 2891 2208 2959 gladium
2240 2890 2407 2943 sancti

465 2982 609 3036 Petri
656 2988 837 3037 contra
884 3001 938 3038 se
987 2986 1175 3038 insana
1220 2990 1394 3039 mente
1441 2991 1740 3057 provocant.
1808 2987 1992 3041 Moneo
2039 2987 2215 3054 itaque
2262 2989 2314 3038 te
2353 2989 2406 3038 et

464 3077 659 3147 hortor,
698 3080 975 3134 karissime
1012 3080 1114 3134 fili:
1155 3081 1219 3135 ab
1257 3082 1337 3134 his
1379 3099 1528 3136 aures
1567 3087 1685 3136 tuas
1726 3087 1924 3149 averte,
1966 3086 2018 3134 et
2056 3082 2129 3134 eis
2168 3080 2404 3133 auditum

463 3173 821 3230 indubitanter
858 3177 1066 3247 praebe,
1107 3178 1195 3246 qui
1232 3195 1337 3230 11011
1375 3195 1470 3230 sua
1499 3179 1589 3231 sed
1616 3195 1747 3247 quae
1773 3182 1894 3231 sunt
1917 3178 2034 3230 Iesu
2059 3175 2252 3229 Christi
2279 3192 2402 3244 que-

462 3274 602 3338 runt,
641 3288 808 3340 neque
845 3273 1096 3326 honorem
1135 3290 1285 3326 suum
1325 3274 1408 3326 vel
1444 3274 1647 3327 lucrum
1683 3274 1912 3326 iustitiae
1951 3275 2301 3341 praeponunt3
2343 3275 2403 3324 ut

463 3380 642 3418 eorum
682 3368 896 3421 consilio
934 3368 1087 3421 huius
1125 3369 1264 3422 vitae
1303 3370 1524 3437 gloriam
1569 3386 1674 3423 non
1718 3369 1952 3435 amittas,
2005 3366 2096 3420 sed
2143 3371 2219 3420 01θ
2267 3384 2398 3434 eam,

463 3476 595 3528 quae
634 3467 713 3516 est
748 3464 804 3516 in
843 3463 1049 3517 Christo
1087 3464 1221 3533 Iesu,
1260 3464 1570 3518 fiducialiter
1609 3465 1861 3533 acquiras,

608 3556 885 3612 Praeterea
920 3560 1091 3613 indico
1132 3564 1252 3614 tuae
1290 3560 1661 3627 magnitudini:
1710 3559 1831 3627 quia
1869 3557 2138 3611 christiani
2177 3575 2239 3611 ex
2278 3574 2399 3627 par-

578 3669 611 3695 a.
644 3658 817 3696 Dictatus
842 3671 962 3708 papae
989 3663 1026 3698 in
1053 3665 1221 3711 margine
1249 3663 1333 3700 cod.
1353 3663 1491 3699 addita
1508 3670 1603 3699 sunt.
1713 3660 1749 3697 b.
1784 3660 1955 3698 oberrare
1983 3676 2015 3698 c.
2131 3672 2163 3698 c.
2192 3662 2230 3697 et
2248 3661 2399 3698 addidi.
