2722 4172
797 298 1070 337 GREGORn
1106 299 1184 336 vn
1220 297 1484 337 REGIs‘rm
1520 297 1563 334 11
1589 296 1649 333 31.
2088 282 2192 336 145

262 417 400 472 tibus
445 415 799 470 ultramarinis
839 446 907 453 ——
949 433 1167 486 quorum
1203 415 1436 469 maxima
1472 431 1595 486 pars
1636 431 1667 467 a
1702 412 1920 484 paganis
1959 411 2196 467 inaudita
2233 418 2348 463 1074

263 513 407 568 clade
444 512 726 566 destruitur
764 516 815 566 et
838 529 983 566 more
1007 512 1264 583 pecudum
1290 511 1476 566 cotidie
1502 510 1767 578 occiditur,
1806 525 2034 578 gensque
2061 508 2196 563 chri-
2222 478 2314 517 Dec'
2334 480 2357 517 ⁷

264 611 434 664 stiana
472 608 539 662 ad
574 608 823 662 nichilum
859 609 1112 677 redigitur
1138 639 1204 645 -
1237 608 1303 661 ad
1339 625 1423 661 me
1460 607 1725 660 humiliter
1750 607 2006 660 miserunt
2033 605 2197 659 nimia

263 705 516 776 compulsi
553 705 781 774 miseria,
829 705 1184 776 imploranteS,
1229 708 1288 757 ut
1323 703 1492 757 modis
1531 702 1717 773 quibus
1754 719 1964 773 possem
2002 702 2197 756 eisdem

260 802 509 856 fratribus
546 802 738 855 nostris
779 818 1146 869 succurrerem,
1191 817 1257 854 ne
1296 799 1580 854 christiana
1610 798 1820 867 religio⁸
1845 799 2040 852 nostris
2067 803 2198 853 tem-

262 899 474 970 poribus
499 898 652 967 vquod
690 898 825 952 absit
862 898 1069 951 omnino
1109 896 1383 967 deperiret.
1438 894 1551 963 Ego
1592 899 1781 963 autem,
1819 894 1981 948 nimio
2021 893 2197 949 dolore

262 999 431 1049 tactus
470 998 522 1048 et
558 1012 720 1064 usque
761 995 827 1047 ad
863 994 1046 1047 mortis
1085 992 1399 1046 desiderium
1425 991 1608 1045 ductus
1640 1021 1704 1028 -
1732 991 1899 1059 magis
1927 991 2064 1045 enim
2090 990 2197 1046 vel-

262 1072 367 1146 lem
391 1108 486 1162 pro
511 1091 593 1144 his
621 1091 846 1144 animam
884 1106 1055 1143 meam
1091 1105 1285 1159 ponere
1313 1105 1485 1158 quam,
1519 1104 1605 1141 eos
1631 1086 1916 1156 negligenS,
1956 1087 2196 1142 universo

265 1188 378 1243 orbi
421 1187 487 1241 ad
522 1187 728 1241 libitum
767 1186 936 1240 carnis
974 1187 1234 1256 imperare
1273 1216 1342 1222 —-
1381 1184 1657 1255 procuravi
1695 1183 2003 1238 christianos
2045 1201 2197 1254 quos-

265 1301 363 1354 que
398 1283 462 1337 ad
489 1283 586 1336 hoc
609 1299 908 1352 provocare,
950 1281 1015 1335 ad
1040 1281 1136 1335 hoc
1160 1281 1444 1352 impellere,
1483 1285 1542 1334 ut
1569 1284 1836 1351 appetant,
1876 1278 2197 1335 defendendo

262 1379 431 1447 legem
456 1378 664 1447 Christi,
704 1379 933 1432 animam
962 1395 1112 1431 suam
1138 1395 1234 1449 pro
1261 1377 1508 1431 fratribus
1543 1373 1766 1448 ponere¹
1794 1381 1846 1431 et
1869 1377 2199 1432 nobilitatem

262 1474 488 1529 filiorum
524 1475 624 1528 Dei
660 1474 774 1528 luce
813 1475 1002 1528 clarius
1042 1478 1317 1528 ostentare.
1382 1473 1549 1538 Quam
1587 1474 1994 1528 admonitionem
2032 1472 2200 1528 Italici

264 1576 316 1626 et
351 1571 742 1640 ultramontani,
782 1571 892 1625 Deo
930 1571 1220 1642 inspirante
1257 1575 1316 1624 ut
1351 1588 1470 1626 reor
1507 1571 1667 1624 immo
1701 1571 1860 1625 etiam
1885 1571 2095 1624 omnino
2123 1569 2199 1624 af-

262 1667 410 1722 firmo
426 1709 440 1737 ,
478 1667 700 1722 libenter
739 1671 1071 1739 acceperunt3
1125 1672 1177 1722 et
1212 1669 1319 1722 iam
1355 1667 1495 1721 ultra
1534 1667 1911 1738 quinquaginta
1948 1667 2096 1721 milia
2133 1665 2200 1721 ad

263 1765 360 1819 hoc
408 1782 461 1818 se
500 1769 816 1835 praeparant
861 1764 958 1833 eth,
1011 1765 1055 1818 si
1098 1782 1181 1818 me
1219 1768 1438 1835 possunt
1473 1765 1529 1817 in
1569 1765 1899 1835 expeditione
1935 1780 2031 1835 pro
2071 1764 2199 1818 duce

265 1877 325 1914 36
370 1859 613 1931 pontifice
656 1861 872 1929 habere,
922 1865 1124 1914 armata
1171 1879 1330 1915 manu
1377 1865 1556 1915 contra
1598 1861 1838 1915 inimicos
1876 1860 1977 1915 Dei
2018 1861 2202 1915 volunt

263 1958 531 2026 insurgere
581 1961 632 2010 et
673 1974 836 2026 usque
876 1958 941 2011 ad
980 1957 1309 2028 sepulchrum
1347 1957 1587 2025 Domini,
1635 1957 1750 2027 ipso
1791 1957 2034 2027 ducente,
2081 1975 2201 2029 per-

264 2053 455 2107 venire.
568 2053 701 2107 Illud
739 2054 895 2107 etiam
934 2071 1017 2107 me
1058 2054 1123 2107 ad
1156 2054 1254 2107 hoc
1287 2071 1416 2124 opus
1443 2054 1766 2124 permaxime
1791 2054 2023 2123 instigat,
2065 2054 2203 2123 quod

265 2149 842 2220 Constantinopolitana
880 2150 1111 2218 ecclesia,
1152 2149 1214 2203 de
1254 2154 1430 2204 sancto
1461 2149 1661 2220 Spiritu
1692 2167 1723 2203 a
1748 2149 1898 2204 nobis
1926 2150 2200 2219 dissidenS,

265 2246 593 2300 concordiam
624 2246 937 2317 apostolicae
964 2247 1100 2300 sedis
1128 2251 1382 2316 expectat.
1441 2246 1680 2300 Armenii
1706 2247 1864 2301 etiam
1888 2247 1996 2301 fere
2023 2264 2200 2301 omnes

267 2359 298 2396 a
335 2342 587 2396 catholica
622 2341 723 2396 fide
759 2342 1044 2397 aberrant0.
1103 2342 1174 2396 Et
1211 2359 1342 2412 pene
1379 2344 1611 2397 universi
1651 2343 1926 2397 orientales
1965 2348 2201 2415 praesto-

264 2439 454 2508 lantur,
501 2439 626 2509 quid
661 2438 788 2492 fides
828 2438 1048 2510 apostoli
1086 2438 1228 2493 Petri
1265 2439 1403 2493 inter
1442 2440 1673 2494 diversas
1713 2440 1982 2511 opiniones
2023 2456 2202 2494 eorum

267 2535 524 2589 decernat.
590 2535 755 2589 Instat
792 2536 930 2589 enim
966 2540 1144 2589 nostro
1184 2539 1436 2606 tempore,
1476 2541 1535 2590 ut
1571 2536 1867 2607 impleatur,
1909 2537 2044 2606 quod
2082 2537 2202 2608 pius

267 2630 581 2702 Redemptor
620 2632 833 2702 speciali
869 2633 1039 2701 gratia
1077 2633 1319 2701 dignatus
1359 2637 1438 2687 est
1477 2634 1831 2704 apostolorum
1867 2633 2095 2704 principi
2122 2633 2202 2686 in-

269 2727 440 2781 dicare
479 2744 538 2780 36
574 2728 891 2798 praecipere,
932 2729 1130 2782 dicens:
1177 2731 1292 2801 qu
1325 2749 1430 2802 pro
1469 2741 1515 2784 te
1551 2734 1752 2802 roqavi,
1793 2732 1964 2796 Petre,
2004 2741 2063 2783 ut
2097 2749 2202 2783 non

269 2825 470 2892 deficiat
480 2825 616 2893 fides
642 2835 757 2887 τηου
794 2836 840 2878 et
863 2836 918 2878 tu
943 2827 1228 2896 aliquando
1256 2845 1527 2880 conversus
1555 2829 1801 2896 confirma
1811 2827 2016 2898 fratres
2043 2838 2154 2880 tuos
2164 2822 2199 2878 ².

267 2919 338 2973 Et
377 2921 499 2990 quia
534 2925 711 2991 patres
749 2921 928 2989 nostri,
970 2938 1189 2990 quorum
1226 2923 1448 2991 vestigia
1483 2923 1606 2977 licet
1641 2924 1843 2992 indigni
1882 2923 2028 2992 sequi
2054 2927 2203 2993 opta-

268 3034 400 3086 mus,
439 3020 616 3087 partes
655 3016 770 3070 illas
808 3034 903 3087 pro
941 3016 1042 3071 fide
1081 3018 1334 3072 catholica
1373 3019 1726 3074 confirmanda
1764 3037 1918 3090 saepe
1945 3019 2200 3087 adierunt,

269 3130 363 3166 nos
394 3114 568 3182 etiam,
597 3113 761 3166 adiuti
787 3113 1025 3183 precibus
1052 3115 1283 3168 omnium
1310 3116 1727 3185 christianorum,
1769 3117 1814 3169 si
1841 3115 2046 3169 Christo
2074 3115 2202 3168 duce

269 3210 356 3263 via
390 3210 642 3281 patuerit,
692 3210 814 3280 quia
853 3227 958 3262 non
998 3214 1076 3263 est
1112 3211 1198 3263 via
1235 3211 1459 3265 hominis
1496 3213 1550 3265 in
1589 3229 1750 3266 manu
1789 3212 1899 3265 eius
1939 3215 1990 3265 et
2028 3229 2057 3264 a
2095 3210 2202 3264 Do-

270 3307 409 3360 mino
450 3323 657 3375 gressus
694 3307 918 3360 hominis
958 3303 1293 3375 diriguntur³,
1334 3307 1457 3361 illuc
1493 3308 1718 3361 transire
1755 3325 1850 3387 pro
1890 3307 2068 3361 eadem
2100 3306 2201 3361 fide

271 3406 323 3456 et
372 3403 770 3457 christianorum
820 3403 1116 3456 defensione
1164 3403 1538 3473 compellimur.
1690 3403 1794 3457 Sed
1842 3404 1964 3472 quia
2011 3421 2202 3472 magna

270 3516 353 3552 res
398 3517 586 3568 magno
633 3500 831 3569 indiget
878 3499 1092 3554 consilio
1138 3505 1190 3553 et
1226 3516 1532 3567 magnorum
1571 3499 1790 3568 auxilio,
1842 3499 1888 3552 si
1925 3499 2022 3553 hoc
2057 3499 2200 3553 Deus

386 3635 419 3662 a.
454 3624 532 3662 illic
557 3625 740 3663 excidisse
765 3626 920 3663 videtur.
1073 3624 1110 3662 b.
1136 3626 1179 3661 ut
1205 3639 1236 3661 c.
1391 3635 1424 3662 c.
1459 3624 1634 3662 oberrant
1660 3640 1691 3662 c.

391 3704 431 3746 1.
466 3704 489 3748 1
511 3702 668 3760 Ioh.3,
692 3705 760 3748 16.
908 3705 950 3748 2.
982 3704 1091 3748 Luc.
1114 3705 1184 3760 22,
1206 3704 1276 3747 32.
1424 3705 1466 3747 3.
1498 3704 1571 3747 ΡΒ.
1594 3704 1665 3760 36,
1688 3705 1759 3748 23.

345 3782 473 3824 suni,
501 3785 732 3821 Bibliotheca
757 3787 802 3820 11.
1793 3785 1848 3829 10
