2730 4198
756 290 1031 328 GREGoRn
1070 292 1146 327 vn
1186 290 1448 328 REGISTRI
1488 292 1587 328 vm
1615 291 1662 327 55
1693 288 1755 336 (lx
1776 288 1851 335 32).
2166 277 2274 328 509

333 407 428 460 tati
466 411 670 460 vestrae
718 407 922 476 plenius
972 408 1355 460 eventilandam
1396 408 1732 460 destinamus.
1811 406 1980 473 Negat
2019 405 2275 474 siquidem
2311 413 2457 456 1082?

333 503 596 572 praefatus
638 503 911 572 episcopus
963 504 1061 556 sibi
1100 508 1283 556 notum
1324 520 1460 556 esse:
1512 502 1649 570 quod
1699 518 1815 554 eum
1867 501 2134 570 synodalis
2182 518 2276 570 per

330 602 382 651 te
434 599 694 652 sententia
731 599 1057 653 damnaverit
1096 599 1178 652 vel
1217 597 1745 651 excommunicaverit
1784 613 1875 648 seu
1910 596 1980 648 ad
2020 597 2276 665 synodum

331 693 491 746 ullam
531 697 809 749 vocaverit.
871 695 1018 748 Unde
1055 712 1149 747 nos
1191 698 1309 746 ante
1350 693 1586 760 agnitum
1625 691 1920 744 litterarum
1961 695 2170 744 tuarum
2201 695 2275 744 te-

331 806 536 858 norem,
585 792 844 861 compassi
882 791 1059 843 multis
1097 789 1362 843 laboribus
1399 788 1591 857 ipsiuS,
1643 803 1761 839 eum
1800 786 2142 851 absolvimus3
2194 803 2278 839 ac-

332 889 482 955 cepto
521 890 699 939 tamen
739 887 802 939 ab
843 903 901 939 eo
933 886 1077 956 prius
1105 885 1425 936 iuramento:
1468 882 1606 950 quod
1635 899 1793 952 super
1821 882 2124 951 episcopatu
2151 881 2276 934 Ter-

332 982 585 1034 vannensi
644 982 780 1035 sedis
843 981 1156 1051 apostolicae
1215 979 1299 1031 vel
1345 978 1633 1044 legatorum
1686 982 1985 1030 nostrorum
2026 977 2275 1030 iudicium

331 1093 435 1129 non
477 1077 653 1130 exibit.
714 1077 908 1145 ltaque,
951 1077 1072 1145 quia
1109 1091 1192 1127 res
1232 1073 1444 1141 grandis
1486 1078 1565 1126 est
1605 1077 1656 1126 et
1682 1073 2027 1140 diligentioris
2056 1078 2171 1140 eget
2196 1074 2276 1125 in-

333 1172 643 1240 quisitionis,
684 1173 1051 1242 praecipimuS,
1090 1177 1148 1224 ut
1187 1171 1549 1240 episcoporum
1592 1173 1643 1221 et
1678 1169 1920 1221 abbatum
1953 1169 2275 1237 aliorumque

331 1267 690 1335 religiosorum
729 1269 957 1320 virorum
998 1267 1276 1320 concilium
1315 1282 1613 1332 congreges.
1684 1264 1755 1317 Et
1794 1266 2040 1334 quoniam
2079 1283 2276 1318 memo-

331 1367 444 1415 rato
504 1364 744 1432 episcopo
804 1367 1018 1432 propter
1070 1379 1247 1429 regem
1299 1361 1619 1414 Francorum
1636 1358 1665 1428 ¹,
1725 1361 1813 1429 qui
1863 1379 1892 1413 a
1939 1366 1990 1415 te
2041 1361 2274 1429 dissidet,

330 1462 599 1528 suspectus
640 1475 711 1525 eS‚
753 1459 1006 1511 associato
1045 1458 1142 1511 tibi
1180 1458 1467 1511 venerabili
1507 1457 1692 1510 abbate
1720 1455 2095 1522 Cluniacensi²,
2135 1458 2272 1511 idem

329 1554 598 1620 negocium
646 1554 855 1606 uberius
897 1570 955 1606 ac
995 1554 1255 1607 sollertius
1295 1558 1501 1606 tractes.
1577 1552 1689 1616 Qua
1727 1554 1790 1606 de
1827 1570 1884 1606 re
1922 1570 2016 1606 nos
2055 1554 2130 1606 ita
2168 1554 2274 1606 iam

328 1666 465 1702 nunc
504 1665 797 1702 censemus:
840 1651 883 1701 si
923 1650 1262 1720 depositionis
1303 1650 1443 1702 illius
1472 1649 1761 1702 certissime
1789 1666 1946 1702 causa
1970 1650 2109 1702 iusta
2135 1666 2274 1702 com-

329 1745 579 1814 probatur
619 1750 670 1798 et
707 1747 1060 1816 peremptoria
1097 1747 1150 1798 in
1180 1763 1295 1799 eum
1327 1746 1584 1799 sententia
1612 1746 1734 1797 data
1760 1746 2103 1813 cognoscitur,
2144 1746 2273 1815 ipse,

330 1840 394 1894 ab
422 1841 725 1910 episcopatu
750 1858 975 1909 cessanS,
1005 1846 1213 1895 sanctae
1242 1842 1489 1895 ecclesiae
1515 1841 1765 1894 iudicium
1791 1841 1948 1906 ferat3
1991 1841 2072 1894 sin
2102 1849 2271 1894 autem

329 1954 384 1990 se
425 1937 506 1990 vel
543 1937 735 1990 iniuste
775 1937 1068 2007 depositum
1107 1939 1269 1991 fuisse
1308 1938 1392 1990 vel
1428 1936 1731 2007 synodalem
1756 1938 2081 1990 vocationem
2107 1937 2275 1990 nesci-

330 2034 466 2086 visse
514 2033 787 2086 defendere
835 2034 1090 2103 potuerit,
1140 2034 1340 2101 integre
1391 2034 1496 2086 suis
1537 2038 1589 2086 et
1626 2032 1780 2086 rebus
1821 2037 1873 2086 et
1912 2033 2155 2100 dignitati
2193 2050 2275 2086 re—

329 2131 600 2196 stituatur,
648 2131 822 2197 sicque
864 2130 1105 2198 deinceps
1146 2130 1418 2196 canonice,
1460 2129 1504 2181 si
1544 2146 1646 2197 qua
1683 2129 1879 2182 fuerint
1917 2129 2119 2182 obiecta
2158 2128 2273 2196 sibi,

327 2226 654 2296 respondeat.
715 2225 1029 2293 Quocunque
1069 2228 1245 2277 tamen
1285 2225 1553 2292 dignitatis
1595 2226 1704 2277 eius
1745 2225 2002 2278 sententia
2042 2225 2272 2291 cesserit,

328 2321 422 2374 hoc
462 2322 671 2374 omnino
702 2320 962 2373 iubemus:
1003 2324 1062 2372 ut
1089 2320 1151 2372 de
1177 2320 1297 2387 illis,
1339 2320 1428 2388 qui
1456 2337 1574 2372 eum
1602 2324 1709 2372 tam
1738 2320 1874 2373 male
1901 2324 2272 2387 tractaverunt,

328 2418 464 2486 quod
500 2417 701 2470 iustitia
740 2416 995 2486 postulat,
1037 2416 1135 2468 sibi
1175 2433 1270 2485 per
1309 2419 1539 2469 vestram
1577 2416 1882 2468 instantiam
1924 2415 2040 2481 fiat3
2082 2415 2136 2468 id
2176 2420 2270 2483 est,

328 2514 372 2566 si
411 2514 709 2566 satisfacere
747 2511 1170 2582 contempserint,
1213 2511 1765 2565 excommunicationis
1793 2512 1844 2563 in
1876 2528 1962 2564 eos
1991 2528 2272 2579 eorumque

327 2607 575 2678 perfidiae
620 2610 848 2662 fautores
887 2608 1090 2676 gladius
1139 2612 1397 2661 exeratur.
1478 2607 1623 2660 Istud
1661 2625 1783 2661 vero
1828 2608 1883 2660 in
1923 2608 2019 2660 hoc
2058 2608 2271 2675 negocio

328 2705 556 2757 maxime
596 2722 802 2757 servare
840 2721 931 2757 vos
970 2704 1208 2756 volumus
1250 2709 1361 2757 tum
1398 2721 1494 2774 pro
1531 2704 1726 2772 labore,
1768 2721 1922 2773 quem
1953 2707 2271 2757 memoratus

328 2801 600 2870 episcopus
642 2800 707 2852 ad
743 2799 1086 2870 apostolicam
1125 2801 1299 2853 sedem
1340 2800 1559 2868 subivit,
1608 2817 1722 2852 cum
1765 2800 1922 2853 etiam
1961 2816 2056 2869 pro
2097 2815 2272 2851 amore

326 2896 639 2950 nobilissimi
687 2895 890 2949 comitis
928 2894 1210 2963 R(oberti),
1263 2896 1350 2965 qui
1389 2896 1538 2948 nobis
1579 2913 1736 2965 super
1776 2913 1834 2949 eo
1877 2896 2147 2965 petitorias
2185 2894 2272 2947 lit-

325 2996 464 3045 teras
513 2993 676 3045 misit:
727 2996 784 3044 ut
832 3008 950 3044 cum
997 2991 1355 3044 misericordia
1402 2995 1654 3045 tractetur
1704 2995 1778 3059 et,
1830 2995 2081 3059 quantum
2127 2991 2272 3044 salva

324 3089 527 3142 iustitia
565 3093 752 3158 potest,
793 3103 1050 3141 canonum
1088 3087 1230 3154 rigor
1266 3088 1640 3156 compassionis
1667 3091 1907 3156 respectu
1934 3091 2268 3156 temperetur.

325 3184 562 3253 Denique
603 3185 676 3237 ita
716 3201 769 3237 se
808 3184 1152 3237 fraternitatis
1192 3188 1393 3236 vestrae
1435 3183 1691 3250 sagacitas
1730 3182 1944 3250 habeat,
1986 3187 2044 3235 ut
2082 3199 2178 3235 nec
2215 3182 2270 3234 in

326 3280 564 3334 dextram
602 3297 698 3333 nec
735 3280 790 3332 in
829 3280 999 3356 levam
1039 3278 1289 3346 declinet,
1331 3279 1447 3345 sed,
1490 3295 1555 3331 ex
1593 3283 1813 3347 utroque
1852 3295 2013 3330 unum
2051 3278 2267 3345 faciens,

325 3380 792 3446 temperamentum
832 3375 1063 3428 medium
1103 3373 1381 3427 salubriter
1417 3378 1608 3427 teneat.

443 3485 483 3527 1.
516 3484 768 3540 Philippum
799 3485 833 3527 Ι.
984 3485 1024 3526 2.
1059 3483 1267 3538 Hugone.
