2644 4166
843 302 1117 342 GREGORn
1153 304 1232 345 vn
1267 301 1595 341 REGISTRUM
2157 288 2193 342 5

255 433 300 476 et
339 421 464 474 libri
500 423 670 474 octavi
712 432 758 474 et
794 424 946 474 totius
987 424 1156 493 operis
1195 421 1433 492 affertur,
1486 440 1571 474 eas
1621 421 1903 474 admodum
1948 421 2191 490 confusas

251 520 515 588 variisque
553 519 705 570 annis
744 521 965 589 scriptas
1005 537 1109 572 esse
1145 519 1405 580 videmus3
1443 518 1580 571 velut
1616 527 1773 588 caput
1809 517 1899 583 35,
1948 518 2020 570 ad
2057 519 2192 571 diem

250 615 324 668 25
343 613 574 684 Auqusti
593 614 734 668 1081
748 618 1034 685 pertinens,
1065 634 1126 667 ea·
1149 633 1286 668 nono
1303 614 1638 684 pontificatus
1665 632 1821 679 anno,
1851 624 1898 667 et
1922 625 2080 685 caput
2097 614 2188 681 58,

252 712 393 781 quod
430 713 502 764 ad
538 713 673 764 diem
698 712 771 764 20
795 712 1105 765 Novembris
1133 730 1181 762 a.
1211 709 1357 764 1083
1394 721 1603 780 spectat,
1647 729 1672 763 e
1687 711 2024 781 pontificatus
2051 730 2189 765 anno

249 809 518 860 undecimo
560 827 678 874 esse,
706 808 877 877 facile
915 791 1152 879 apparet.

401 903 600 970 Quibus
638 905 787 957 rebus
812 908 869 957 in
895 905 1027 957 hanc
1051 905 1338 955 necessario
1365 905 1667 956 sententiam
1693 903 1949 970 ducimur,
1989 914 2049 957 ut
2072 923 2188 957 cen-

248 1018 466 1067 seamus,
507 1004 782 1072 reqistrum
817 1003 989 1053 minus
1019 999 1207 1070 paullo
1244 1010 1361 1052 ante
1388 1002 1717 1071 auspicatum
1740 1002 1957 1053 maioris
1982 1003 2193 1071 reqistri

249 1097 439 1150 librum
475 1116 685 1163 nonum,
726 1098 787 1150 id
823 1107 893 1149 est
932 1097 1076 1149 brevi
1111 1106 1229 1148 ante
1266 1097 1402 1148 diem
1439 1097 1512 1150 30
1541 1097 1690 1150 Iunii
1721 1097 1864 1151 1081
1896 1098 2188 1168 prodiisse3

247 1196 512 1264 seriusque
550 1194 791 1264 epistolas
829 1192 1069 1246 33-60
1106 1195 1216 1245 iam
1253 1212 1358 1246 non
1399 1213 1462 1246 ea·
1491 1196 1607 1264 ipso
1635 1196 1851 1264 reqistro
1878 1197 2076 1248 maiore
2100 1196 2191 1248 sed

248 1309 309 1343 ex
345 1287 613 1360 indiqestis
651 1291 896 1343 subsidiis
935 1291 1162 1342 adiectas
1202 1308 1320 1342 esse.

392 1386 505 1439 Nec
542 1405 660 1439 vero
699 1397 830 1440 recte
866 1387 1137 1452 iudicaret,
1181 1390 1276 1457 qui
1311 1387 1459 1440 illam
1498 1389 1714 1440 eatremi
1734 1389 1948 1458 reqistri
1967 1390 2187 1441 minoris

242 1484 680 1554 perturbationem
718 1483 1061 1536 arbitraretur
1098 1485 1219 1536 inde
1259 1494 1425 1537 ortam
1464 1503 1583 1550 esse,
1627 1486 1754 1554 quia
1778 1486 1945 1555 ipsius
1970 1487 2187 1538 maioris

243 1582 454 1651 reqistri
509 1580 634 1632 libri
682 1583 994 1651 posteriores
1053 1581 1442 1651 quibuscunque
1499 1583 1562 1633 de
1609 1583 1778 1634 causis
1829 1583 2036 1634 omnino
2081 1601 2186 1636 non

227 1677 475 1747 fuissent.
542 1676 706 1730 Testis
746 1687 819 1730 est
855 1679 990 1730 enim
1028 1681 1326 1731 veterrimus
1364 1678 1453 1730 ille
1489 1680 1707 1730 minoris
1754 1680 1966 1748 reqistri
2006 1680 2183 1746 codex,

243 1776 512 1827 accessisse
557 1775 628 1826 ad
675 1775 812 1826 idem
857 1774 1132 1843 inferiores
1190 1785 1352 1828 aetate
1408 1785 1714 1827 correctores
1771 1776 1927 1840 duos,
1989 1776 2184 1829 ultimis

240 1873 457 1924 maioris
496 1872 706 1941 reqistri
743 1871 889 1923 libris
930 1873 1184 1924 evidenter
1221 1890 1356 1924 usos.
1414 1872 1617 1924 Eorum
1651 1872 1782 1925 alter
1806 1871 2008 1925 saeculo
2034 1872 2195 1926 XIII

243 1986 358 2020 cum
385 1999 453 2006 ——
481 1969 766 2033 undenam,
807 1969 915 2020 nisi
951 1987 1012 2021 ecc
1049 1971 1164 2039 ipso
1202 1970 1400 2021 maiore
1437 1971 1654 2038 reqistro
1687 2001 1756 2007 —
1784 1971 2185 2022 novissimarum

240 2066 450 2134 reqistri
485 2066 703 2116 minoris
729 2083 902 2117 rerum
926 2065 1366 2136 perturbationem
1393 2066 1736 2131 intelleoeisset,
1771 2066 2017 2136 epistolae
2046 2066 2194 2120 VIII

238 2160 313 2214 36
350 2161 519 2213 sobrie
545 2163 733 2214 adiecit
755 2171 931 2214 notam
956 2161 1115 2214 hanc:
1156 2161 1303 2225 „Hec
1330 2162 1563 2232 epistola,
1606 2163 1689 2214 hic
1715 2181 1888 2215 errore
1913 2165 2183 2234 scriptoris

231 2260 437 2328 posita,
489 2258 663 2310 debuit
706 2257 995 2327 inferius
1043 2258 1204 2310 scribi
1217 2257 1262 2324 “,
1318 2269 1365 2311 et
1409 2259 1654 2329 epistolae
1703 2258 1850 2312 VIII
1879 2259 1952 2312 45
2000 2262 2181 2314 istam.-

240 2354 422 2419 „Haec
447 2355 684 2407 similiter
711 2355 928 2424 epistola
953 2355 1127 2407 debuit
1151 2357 1208 2407 in
1241 2358 1470 2426 superi
1483 2356 1705 2408 oribus
1743 2355 1953 2408 scribi“.
2011 2355 2179 2423 Alter,

241 2452 414 2504 eodem
469 2453 645 2520 utique
699 2453 915 2503 maioris
972 2454 1184 2522 reqistri
1229 2453 1502 2522 praesidio
1549 2454 1734 2506 vitium
1779 2453 1916 2505 illud
1962 2455 2181 2506 minoris

240 2549 433 2613 doctus,
475 2549 694 2618 cupidus
736 2550 1031 2618 castiqandi
1065 2567 1157 2601 nec
1195 2559 1364 2601 tamen
1405 2568 1464 2601 ea
1504 2567 1609 2619 qua
1645 2568 1775 2620 opus
1811 2560 1919 2603 erat
1946 2552 2181 2604 cautione

237 2662 378 2709 usus,
421 2645 664 2714 epistolae
694 2645 840 2697 VIII
856 2645 929 2698 24
959 2648 1272 2716 praeposuit
1297 2646 1482 2698 lemma
1518 2647 1640 2698 hoc:
1680 2646 1814 2710 „Ea
1846 2646 1977 2700 libro
2010 2647 2190 2701 VIIII

237 2742 448 2810 reqistri
472 2742 695 2792 eiusdem
725 2738 970 2811 Greqorii
997 2761 1178 2813 papae
1208 2742 1322 2795 VII
1331 2743 1377 2808 “,
1421 2753 1467 2795 et
1504 2742 1748 2813 epistolae
1783 2742 1930 2796 VIII
1946 2745 2019 2798 59
2057 2745 2178 2797 hoc:

238 2837 482 2908 „Incipit
528 2838 655 2913 liber
699 2837 818 2903 X“,
861 2849 1146 2908 posteaque
1191 2841 1410 2892 mutavit
1453 2839 1511 2892 X
1544 2842 1600 2892 in
1638 2839 1751 2905 XI,
1800 2851 1859 2893 ut
1905 2841 2176 2912 leqeretur:

237 2934 482 3004 „Incipit
521 2934 647 2986 liber
685 2934 780 2986 XI
787 2934 831 2985 “.
892 2933 984 2988 Sic
1021 2937 1184 3005 iqitur
1222 2955 1326 2989 non
1364 2936 1551 3006 refecto
1592 2936 1928 3007 epistolarum
1965 2938 2178 2990 illarum

239 3032 419 3083 ordine
452 3032 543 3083 sed
580 3031 806 3101 amplius
836 3031 1135 3084 conturbato
1164 3032 1326 3102 effecit
1360 3035 1423 3098 is,
1464 3044 1522 3086 ut
1550 3036 1607 3085 in
1636 3034 1944 3086 editionibus
1969 3036 2180 3104 reqistri

240 3127 408 3179 adhuc
426 3130 636 3198 paratis
674 3127 801 3180 liber
840 3138 1100 3180 octavus
1139 3147 1244 3181 non
1280 3130 1486 3182 liaberet
1508 3132 1616 3182 nisi
1641 3130 1882 3200 epistolas
1907 3129 1997 3195 23,
2040 3132 2173 3182 eius-

237 3225 451 3293 demque
478 3225 706 3294 epistolis
731 3223 969 3277 24—57
1005 3243 1207 3276 nonus
1249 3225 1391 3292 liber,
1435 3237 1480 3279 et
1512 3227 1741 3296 epistolis
1766 3226 1841 3279 58
1851 3225 2008 3280 -60
2046 3226 2175 3279 liber

235 3340 315 3372 un
327 3321 364 3372 d
375 3339 400 3372 e
410 3340 435 3372 c
445 3323 469 3372 i
474 3339 571 3372 mu
585 3340 608 3372 s
639 3339 807 3391 prave
845 3323 1282 3373 constituerentur.

382 3416 567 3486 Itaque
605 3436 719 3469 cum
756 3418 839 3482 id,
892 3418 1032 3487 quod
1077 3419 1294 3483 mansit,
1344 3420 1620 3488 reqistrum
1666 3419 1837 3469 minus
1886 3428 2076 3471 constet
2111 3437 2174 3472 ecc

235 3514 431 3565 maiore
476 3513 568 3565 illo
616 3516 672 3565 in
719 3515 887 3584 ipsius
936 3514 1173 3566 ecclesiae
1223 3514 1494 3567 Romanae
1537 3532 1689 3566 usum
1735 3515 1966 3567 instituto
2021 3533 2173 3585 opere

237 3608 469 3660 haustum
511 3628 638 3675 esse,
689 3611 924 3680 idemque
960 3613 1070 3662 iam
1114 3620 1231 3662 ante
1267 3612 1453 3663 initum
1480 3610 1814 3680 pontificatus
1857 3608 2174 3680 Greqoriani

239 3723 432 3756 annum
459 3716 708 3772 octavum,
752 3716 868 3759 ante
901 3708 1037 3759 diem
1060 3706 1134 3760 30
1160 3707 1308 3759 Iunii
1331 3727 1380 3759 a.
1403 3706 1564 3773 1081,
1607 3709 1870 3774 exstitisse,
1914 3709 2030 3779 quis
2045 3709 2168 3780 pri-
