2730 4198
498 290 606 345 578
1147 307 1404 346 Bom'rno
1443 309 1520 345 AD
1558 308 1786 347 AMICUM

338 426 453 470 1078
494 426 646 494 yorio
686 424 950 494 aqebatur,
992 426 1076 476 die
1114 426 1145 477 1
1181 443 1248 475 m.
1277 424 1587 476 Novembris
1624 425 1864 493 interfuit
1878 420 1904 476 ¹.
1965 425 2148 495 Neque
2172 444 2290 478 vero
2316 445 2437 479 rur-

328 486 424 524 Nov.
444 488 465 525 1
497 537 584 572 sus
623 521 686 572 de
722 520 871 572 rebus
911 520 975 572 ab
1016 538 1072 572 eo
1113 521 1295 572 exinde
1330 522 1487 590 qestis
1526 522 1803 572 memoriae
1839 522 2110 590 proditum
2150 523 2438 590 quidquam

498 626 571 668 est
605 633 769 685 usque
807 617 879 667 ad
899 615 1130 683 fatalem
1169 618 1276 668 eius
1316 634 1511 667 annum
1550 616 1711 668 1082.

350 717 466 762 1082
644 710 853 762 Etenim
875 711 1117 780 paschali
1135 712 1267 762 anni
1283 711 1434 763 liuius
1454 713 1648 763 ieiunio
1671 729 1787 762 eum
1808 711 2032 763 Romam
2051 710 2333 763 Heinricus
2354 710 2446 764 IV

498 808 885 875 oppuynatione
918 816 1198 876 premeret,
1239 807 1495 872 Bonitho,
1547 825 1572 858 e
1612 805 1797 860 Sutria
1836 824 2075 858 eacussus
2115 807 2178 858 ab
2219 808 2438 858 adversa

254 919 286 946 0·
305 908 396 957 Apr.
416 910 466 947 24
480 901 721 969 factione
732 896 767 966 ²,
818 904 877 954 in
922 904 1060 972 reyis
1105 921 1292 954 manus
1339 904 1528 954 incidit
1573 904 1777 954 circiter
1825 903 1909 954 die
1955 902 2030 954 24
2074 920 2141 953 m.
2180 901 2390 972 Aprilis
2401 897 2436 954 ⁸.

493 997 727 1067 Elapsus
767 999 975 1067 quidem
1003 1009 1191 1068 postea
1228 999 1450 1051 vinculis
1486 1009 1573 1062 est,
1616 998 1706 1049 sed
1734 996 1956 1050 Sutrina
1981 1016 2077 1049 sua
2102 999 2219 1049 sede
2245 999 2440 1049 amissa

493 1094 552 1144 in
591 1110 790 1144 omnem
827 1095 987 1146 vitam
1000 1088 1034 1159 ⁴,
1088 1096 1407 1164 conflictatus
1446 1095 1739 1146 valetudine
1776 1093 1987 1159 infirma
2000 1088 2033 1158 ⁵,
2076 1095 2229 1145 varia
2267 1093 2441 1145 exsilii

492 1189 635 1241 mala
691 1191 948 1242 sustinuit.
1027 1189 1100 1242 Et
1152 1201 1370 1260 propter
1426 1188 1691 1260 eyestatem
1740 1189 1884 1241 haud
1919 1207 2122 1258 paucos
2171 1190 2437 1259 episcopos

494 1285 688 1336 adiisse
709 1284 928 1352 frustra
964 1286 1181 1337 videtur.
1241 1286 1486 1355 Namque
1524 1324 1552 1348 „
1571 1287 1633 1337 de
1660 1287 1979 1355 susceptione
2005 1287 2239 1354 episcopi
2262 1305 2296 1336 a
2321 1286 2438 1337 sede

491 1398 588 1432 sua
620 1398 724 1449 pro
765 1379 1019 1432 catholica
1042 1380 1154 1448 fide
1192 1381 1443 1450 expulsi“
1482 1400 1639 1450 aqens
1677 1384 1735 1433 in
1773 1400 1876 1433 uno
1914 1399 1974 1433 ea
1999 1383 2106 1432 suis
2136 1375 2436 1450 operibus⁶.·

491 1514 520 1538 ,‚
539 1474 663 1528 Scio
682 1475 711 1499 “
748 1477 924 1545 inquit
947 1475 1317 1527 stomachosius
1345 1515 1373 1539 „
1393 1477 1646 1544 quosdam
1673 1495 1734 1529 ea
1745 1477 2032 1546 fratribus,
2077 1479 2172 1546 qui
2195 1508 2264 1514 —
2293 1486 2435 1529 ante-

491 1588 650 1640 quam
701 1572 900 1623 amicus
950 1572 1119 1622 dicere
1167 1571 1338 1623 valeat
1375 1603 1444 1609 --
1484 1590 1537 1623 se
1579 1591 1838 1642 pauperes
1890 1591 1993 1624 esse
2032 1583 2079 1624 et
2115 1573 2206 1625 sub
2246 1591 2435 1642 maqno

474 1666 702 1735 foenore
747 1668 918 1719 iacere
966 1677 1354 1736 conqueruntur
1364 1686 1382 1728 ,-
1430 1677 1488 1719 ut
1524 1668 1741 1719 audiens
1780 1670 1976 1720 amicus
2016 1669 2079 1720 ab
2121 1670 2192 1720 eis
2231 1669 2438 1738 aliquid

481 1772 658 1831 petere
704 1763 931 1815 desistat.
998 1762 1079 1814 Hi
1124 1762 1289 1815 solent
1334 1764 1503 1814 dicere
1550 1763 1770 1830 infirmis
1811 1764 2190 1831 confratribus:
2232 1803 2260 1827 „
2278 1803 2307 1827 „
2325 1763 2435 1815 Arss-

484 1867 695 1927 yentum
743 1869 790 1911 et
834 1877 1024 1911 aurum
1070 1876 1176 1911 non
1226 1869 1300 1911 est
1342 1877 1511 1910 meum
1520 1878 1538 1921 ,·
1589 1860 1730 1928 quod
1767 1869 1937 1912 autem
1974 1859 2160 1924 habeo,
2210 1859 2305 1911 hoc
2343 1859 2440 1911 tibi

486 1972 593 2006 non
632 1955 699 2006 do
716 1953 745 1979 “
762 1949 835 2006 “⁷.

635 2049 713 2103 At
747 2052 973 2103 maxime
1009 2050 1288 2102 verisimile
1314 2061 1401 2116 est,
1445 2070 1559 2103 eum
1584 2051 1861 2104 Mathildis
1889 2052 2193 2116 comitissae,
2235 2051 2433 2103 studio-

485 2147 722 2199 sissimae
769 2149 852 2199 rei
892 2146 1106 2216 papalis
1155 2146 1505 2215 defenstricis,
1558 2148 1780 2218 hospitio
1815 2147 2051 2216 fruitum
2098 2165 2217 2199 esse.
2294 2146 2437 2199 Huic

608 2292 648 2334 1.
680 2291 737 2335 V.
770 2290 1035 2346 Berengarii
1064 2290 1326 2334 relationem
1359 2303 1430 2347 ap.
1452 2291 1653 2335 Martene
1675 2291 1893 2335 Thesaur.
1915 2292 1981 2335 IV
2003 2291 2089 2334 103
2114 2290 2276 2344 (Mansi
2297 2289 2434 2334 Cone.

486 2362 599 2407 XIX
631 2364 757 2418 761):
800 2362 1064 2420 „Scriptum
1094 2362 1231 2419 istud,
1264 2376 1366 2406 cum
1398 2364 1569 2408 Romae
1601 2364 1722 2420 apud
1751 2378 1916 2420 papam
1947 2376 2118 2407 moram
2148 2361 2357 2420 facerem,
2388 2364 2435 2407 in

488 2440 714 2480 conventu
741 2437 1070 2493 episcoporum,
1103 2449 1237 2492 quem
1268 2435 1428 2480 habuit
1457 2437 1503 2480 in
1533 2435 1779 2481 festivitate
1800 2437 1998 2481 omnium
2020 2439 2278 2480 sanctorum
2299 2437 2434 2492 (1078

486 2509 602 2554 Nov.
628 2510 685 2565 1),
718 2508 1038 2554 vociferatione
1069 2510 1211 2553 multa
1240 2509 1449 2554 omnibus
1479 2511 1765 2566 pronunciari
1789 2509 1897 2554 fecit
1919 2543 1929 2554 .
1948 2544 1958 2554 .
1979 2544 1989 2554 .
2009 2543 2019 2553 .
2042 2522 2219 2553 mecum
2240 2510 2432 2554 sentien-

486 2580 609 2626 tibus
639 2582 687 2626 in
717 2583 804 2639 eis,
837 2583 915 2639 qui
945 2596 1047 2626 cum
1077 2596 1197 2639 papa
1227 2586 1367 2640 erant,
1401 2583 1613 2640 episcopo
1641 2584 1892 2640 Portuensi,
1925 2584 2137 2640 episcopo
2169 2582 2432 2627 Sucirensi“

489 2655 630 2711 (legez
673 2654 986 2713 „Sutriensi“)
1004 2689 1015 2699 .
1034 2689 1044 2700 .
1065 2690 1075 2700 .
1096 2689 1106 2700 .
1287 2657 1328 2700 2.
1370 2657 1584 2701 Bernoldi
1624 2656 1775 2720 chron.
1801 2658 1914 2701 1089
1954 2657 2089 2711 (Mon.
2117 2655 2267 2700 Germ.
2290 2655 2370 2701 SS.
2391 2657 2436 2702 V

484 2727 613 2783 449):
657 2728 862 2786 „Bonizo
892 2728 994 2785 piac
1026 2728 1270 2773 memoriae
1302 2729 1547 2774 Sutriensis
1579 2731 1839 2787 episcopus,
1873 2734 1943 2775 set
1971 2731 2076 2774 inde
2105 2743 2188 2787 pro
2217 2729 2434 2775 fidelitate

486 2802 631 2846 sancti
660 2802 782 2846 Petri
811 2802 902 2846 iam
933 2802 1104 2846 dudum
1136 2803 1372 2860 expulsus,
1413 2803 1596 2848 tandem
1627 2808 1732 2860 post
1761 2804 1925 2848 multas
1957 2805 2210 2860 captiones,
2250 2803 2432 2847 tribula-

485 2874 634 2920 tiones
685 2879 731 2919 et
775 2875 910 2919 exilia
954 2889 982 2919 a
1025 2876 1297 2920 Placentinis
1353 2876 1585 2921 catholicis
1636 2890 1718 2934 pro
1773 2878 1985 2934 episcopo
2039 2876 2288 2934 recipitur“
2345 2881 2431 2921 cet.

544 2948 586 2992 3.
623 2948 839 2993 Bernoldi
869 2948 1021 2993 chron.
1046 2949 1162 2993 1082
1192 2950 1247 3003 (1.
1270 2950 1298 2993 1.
1328 2963 1373 3006 p.
1395 2950 1481 2994 437
1494 2952 1532 3005 ):
1577 2951 1755 3008 „Igitur
1782 2952 2042 3008 Heinricus‚
2085 2954 2218 3006 capto
2245 2962 2431 2994 venera-

484 3019 563 3065 bili
593 3022 808 3079 episcopo
839 3021 897 3066 de
929 3021 1081 3066 Sutria
1111 3023 1299 3079 aliisque
1330 3024 1568 3080 nonnullis,
1601 3037 1773 3080 suoque
1805 3028 2014 3081 apostata
2044 3023 2260 3068 Guiberto
2290 3023 2336 3067 in
2356 3023 2431 3067 Ti—

482 3092 665 3139 burtina
701 3094 814 3139 urbe
848 3096 907 3140 ad
936 3094 1217 3141 infestandos
1248 3097 1477 3141 Romanos
1509 3097 1744 3155 derelicto,
1783 3098 1880 3154 ipse
1910 3097 2273 3154 Longobardiam
2304 3097 2433 3152 (post

482 3165 594 3223 Apr.
617 3168 692 3224 24)
723 3168 1017 3214 revertitur“.
1195 3170 1239 3213 4.
1272 3170 1329 3215 V.
1361 3170 1574 3214 Bernoldi
1604 3170 1756 3215 chron.
1792 3171 1905 3214 1089
1935 3171 1964 3214 l.
1985 3172 2013 3214 l.
2057 3169 2124 3215 Of.
2156 3183 2292 3227 supra
2320 3184 2364 3213 n.
2388 3171 2429 3214 2.

544 3240 586 3285 5.
620 3241 675 3287 V.
698 3242 966 3287 Bonithonis
995 3243 1177 3286 Decreti
1205 3243 1258 3289 L.
1275 3243 1318 3289 V
1339 3255 1377 3287 c.
1398 3244 1484 3287 120
1514 3244 1609 3300 (ap.
1632 3245 1722 3288 Mai
1752 3244 1908 3288 Novae
1935 3247 2114 3300 patrum
2141 3242 2249 3287 bibl.
2271 3243 2324 3287 T.
2343 3243 2432 3288 VH

482 3325 539 3357 m
567 3327 611 3370 p.
634 3314 731 3370 54):
767 3316 1118 3373 „Fortissimum
1149 3316 1269 3360 enim
1299 3317 1516 3361 ieiunium
1547 3321 1618 3361 est
1645 3317 1831 3362 validis:
1869 3317 1999 3373 panis
2029 3320 2076 3360 et
2105 3329 2243 3374 aqua3
2282 3316 2430 3360 minus

481 3388 668 3433 validis:
699 3389 830 3445 panis
862 3393 910 3433 et
938 3389 1137 3434 virentes
1167 3388 1335 3434 herbae
1367 3394 1414 3439 et
1441 3403 1591 3448 poma,
1624 3404 1726 3435 cum
1757 3390 1935 3434 modica
1957 3389 2052 3433 vini
2070 3390 2275 3447 potione3
2307 3387 2429 3434 debi-

481 3460 599 3505 libus
629 3474 739 3507 vero
769 3463 901 3520 panis
932 3466 979 3506 et
1006 3463 1102 3508 vini
1132 3467 1179 3507 et
1210 3467 1341 3507 cocta
1370 3463 1691 3521 pulmentaria3
1732 3461 1919 3507 infirmis
1948 3474 2072 3519 vero,
2103 3461 2169 3505 de
2200 3474 2431 3518 quorum

482 3547 708 3579 numero
749 3548 855 3593 ego
894 3549 1034 3593 sum,
1073 3549 1164 3581 non
1203 3540 1274 3581 est
1307 3537 1382 3580 lex
1411 3536 1611 3594 posita“.
1791 3537 1832 3580 6.
1873 3535 1920 3579 in
1949 3535 2133 3579 Decreti
2161 3536 2214 3579 L.
2237 3535 2283 3579 H
2312 3548 2350 3579 c.
2374 3536 2432 3580 22

482 3607 528 3660 (l.
549 3607 578 3650 l.
609 3621 654 3664 p.
679 3610 766 3663 11).
918 3611 959 3654 7.
992 3608 1059 3654 Of.
1082 3609 1186 3654 Act.
1209 3613 1354 3666 apost.
1378 3611 1419 3666 3,
1442 3611 1493 3654 6:
1528 3611 1723 3667 „Petrus
1754 3612 1903 3652 autem
1934 3608 2070 3652 dixit:
2105 3643 2126 3666 „
2144 3607 2431 3666 „Argentum

482 3682 530 3723 et
559 3692 718 3724 aurum
748 3694 839 3726 non
870 3686 941 3727 est
970 3682 1102 3741 mihi3
1135 3683 1258 3740 quod
1288 3687 1443 3727 autem
1474 3682 1634 3739 habeo,
1666 3682 1751 3726 hoc
1780 3681 1864 3726 tibi
1893 3680 1987 3726 do“
2006 3680 2044 3725 “.
