2730 4198
598 295 874 334 GREGORII
911 298 990 334 v11
1027 297 1335 335 EmsToLAE
1376 298 1719 336 GOLLEOTAE.
1759 298 1937 335 46—49.
2130 285 2238 338 575

295 412 349 464 et
385 410 560 478 matri,
601 411 646 465 si
682 429 778 482 per
818 429 904 466 eos
945 413 1324 467 absolutionem
1363 415 1596 467 omnium
1633 417 1969 484 peecatorum
2007 419 2059 468 et
2083 415 2240 469 bene·
2272 420 2387 463 1084

292 505 575 560 dictionem
623 510 777 576 atque
822 509 1045 575 gratiam
1084 509 1140 561 in
1177 509 1275 562 1166
1313 509 1484 562 seculo
1525 514 1578 563 et
1612 510 1670 562 in
1706 510 1881 562 futuro
1919 509 2111 563 habere
2150 510 2239 564 de-

292 600 549 655 sideratis.
704 601 1046 674 Omnipotens
1085 603 1252 672 DeUS,
1303 621 1333 656 a
1382 621 1483 673 quo
1534 605 1672 658 bona
1709 609 1896 658 cuncta
1932 604 2236 673 procedunt,

292 700 520 750 mentem
568 702 800 752 vestram
857 716 1063 768 semper
1119 699 1380 754 illuminet
1438 717 1654 767 eamque
1709 717 1805 753 sua
1853 699 2128 752 dilectione
2179 716 2239 752 ao

290 792 518 862 proximi
555 793 823 861 fecundet;
872 798 932 848 ut
968 796 1300 864 mereamini,
1340 796 1635 865 praefatum
1673 799 1879 864 patrem
1916 799 2146 848 vestrum
2187 799 2239 848 et

289 891 511 942 matrem
552 894 696 943 certa
732 891 1006 945 devotione
1045 892 1304 945 debitores
1341 891 1488 944 vobis
1527 888 1698 943 facere
1738 895 1790 944 et
1830 890 1896 943 ad
1936 906 2116 943 eorum
2155 907 2237 943 so-

289 982 531 1038 cietatem
571 985 683 1039 sine
721 987 1035 1040 verecundia
1071 987 1360 1056 pervenire.
1425 985 1613 1039 Amen.

275 1135 395 1193 47.
435 1139 723 1193 Alcmanno
764 1143 1004 1211 episcopo
1039 1141 1350 1194 Pataviensi
1387 1142 1678 1204 „coneedit,
1720 1151 1779 1193 ut
1807 1141 2140 1210 presbyteros
2178 1143 2235 1193 in

420 1234 834 1302 fornicationem
873 1236 1065 1306 lapsos,
1107 1238 1157 1288 si
1191 1255 1307 1288 vere
1337 1239 1676 1307 penituerint‚
1717 1238 1774 1288 in
1796 1239 2084 1306 pristinum
2106 1256 2233 1307 yra-

435 1332 560 1383 dum
597 1334 834 1384 restituat
841 1351 859 1393 ;
897 1334 947 1383 si
980 1333 1293 1402 ozeqliyentes
1334 1343 1382 1386 et
1416 1333 1623 1385 inutiles
1647 1332 1875 1401 fuerint,
1919 1351 2003 1385 eos
2020 1336 2234 1403 penitus·

435 1426 673 1479 abiciat“
689 1434 722 1478 ⁸.

435 1526 717 1596 Gregorius
757 1529 1030 1599 episcopus
1071 1546 1252 1582 servus
1294 1546 1563 1583 servorum
1589 1528 1688 1582 Dei
1728 1529 1916 1583 dilecto
1942 1530 1999 1582 in
2025 1529 2232 1584 Christo
2266 1551 2380 1595 1073

284 1621 437 1675 fratri
460 1622 746 1677 Altmanno
773 1623 1071 1678 Pataviensi
1111 1626 1354 1695 episcopo
1383 1625 1605 1678 salutem
1633 1629 1684 1678 et
1711 1625 2051 1695 apostolicam
2077 1626 2232 1680 bene·
2319 1610 2325 1665 Ι

2264 1676 2378 1718 1085

285 1717 580 1772 dictionem.

432 1813 778 1883 Interrogavit
823 1832 917 1868 nos
964 1816 1147 1883 religio
1186 1820 1361 1869 vestra
1409 1815 1471 1869 de
1521 1817 1875 1871 sacerdotibus
1913 1818 1968 1870 in
2006 1817 2231 1871 fornica-

284 1909 481 1963 tionem
526 1909 689 1980 lapsis
738 1911 956 1980 aliisque
997 1911 1300 1964 criminibus
1338 1912 1584 1980 irretitiS,
1634 1913 1931 1980 eonsulenS,
1981 1913 2230 1982 quidnam

286 2004 349 2058 de
385 2004 595 2058 illorum
633 2006 799 2073 gradu
836 2007 971 2060 foret
1008 2007 1321 2060 censendum
1364 2047 1559 2060 ......

285 2158 388 2215 48.
430 2160 719 2212 Altmanno
769 2163 1010 2231 episcopo
1049 2162 1359 2214 Pataviensi
1404 2163 1723 2232 „epistolam
1761 2182 1867 2233 pro
1916 2165 2107 2216 tuenda
2147 2183 2226 2217 ec-

429 2256 613 2308 clesiae
650 2256 881 2308 libertate
908 2258 1071 2309 mittit
1087 2256 1115 2281 “
1128 2254 1163 2307 ¹².

429 2355 710 2425 Gregorius
749 2357 1025 2427 episcopus
1065 2375 1247 2411 servus
1288 2375 1557 2412 servorum
1583 2359 1683 2413 Dei
1723 2360 1909 2414 dilecto
1936 2361 1992 2413 in
2019 2360 2226 2414 Christo
2262 2372 2373 2415 1073

277 2452 430 2505 fratri
453 2453 737 2506 Altmanno
764 2452 1062 2507 Pataviensi
1101 2454 1344 2524 episeopo
1374 2454 1596 2508 salutem
1623 2460 1675 2508 et
1701 2456 2044 2525 apostolicam
2069 2456 2226 2511 bene·
2260 2431 2374 2540 10185

279 2547 574 2601 dictionem.

427 2641 560 2706 Quia
596 2647 648 2696 te
686 2643 839 2696 oredo
880 2644 1079 2697 sincero
1120 2644 1273 2697 corde
1313 2662 1488 2699 amare
1526 2663 1623 2716 pro
1661 2646 1774 2700 Deo
1814 2652 2025 2701 sanotae
2065 2648 2224 2702 66616-

278 2738 387 2791 siae
411 2737 661 2792 honorem
688 2743 740 2792 et
764 2738 1077 2807 libertatem,
1117 2740 1234 2793 volo
1263 2745 1316 2794 et
1339 2742 1623 2811 praeeipiO,
1652 2747 1710 2796 ut
1736 2760 2067 2813 summopere
2105 2760 2223 2797 cum

277 2833 478 2887 oleriois
525 2833 605 2886 his
644 2834 728 2887 vel
773 2834 945 2903 laioiS‚
999 2835 1088 2904 qui
1137 2836 1204 2888 ad
1241 2836 1338 2889 hoo
1378 2837 1488 2906 apti
1526 2837 1794 2906 videntur,
1840 2855 2116 2908 procures,
2165 2844 2224 2893 ut

276 2945 470 2999 sponsa
508 2928 704 2982 Christi
743 2929 968 2999 amplius
1006 2946 1112 2982 non
1149 2931 1402 2984 habeatur
1442 2932 1632 2985 ancilla
1671 2974 1870 2987 ......

275 3080 379 3138 49.
419 3084 744 3154 Episcopum
785 3084 1214 3154 Rotomaqensem
1263 3096 1310 3138 et
1351 3084 1583 3140 Gallicos
1633 3106 1804 3141 omnes
1844 3091 1917 3141 ad
1953 3091 2218 3143 destruen-

422 3180 546 3232 dam
582 3182 859 3232 simoniam
896 3180 1177 3233 hortatur⁰.

423 3322 435 3335 .
460 3323 471 3335 .
497 3323 509 3334 .
533 3323 546 3334 .
594 3281 651 3335 Si
690 3282 805 3351 quis
844 3281 994 3334 dator
1031 3281 1115 3335 vel
1153 3287 1394 3353 acceptor
1431 3283 1532 3337 Dei
1572 3285 1814 3339 ecclesias
1854 3286 1938 3340 vel
1977 3287 2219 3341 eeclesia·
2251 3301 2367 3345 1073

274 3377 405 3431 stica
449 3376 727 3447 beneficia,
776 3394 908 3446 quae
957 3378 1167 3446 quidem
1203 3379 1528 3448 praebendas
1567 3386 1783 3450 vocant,
1834 3382 1929 3436 sub
1967 3383 2218 3452 pecuniae
2250 3360 2366 3470 10'85

389 3490 422 3515 a.
459 3482 540 3517 Hoc
566 3481 748 3527 epistolae
770 3483 1022 3530 fragmentum
1057 3482 1191 3531 legitur
1227 3483 1262 3518 ἰη
1291 3483 1487 3519 Alcmanm‘
1511 3497 1566 3531 ep.
1586 3486 1827 3521 pataviensis
1854 3486 1933 3520 vita
1962 3485 2019 3520 ed.
2048 3487 2217 3521 Walten-

273 3545 367 3581 bach
395 3547 431 3581 in
462 3548 564 3582 Mon.
587 3548 706 3584 Germ.
727 3547 794 3584 88.
816 3548 899 3583 XII
925 3547 1012 3583 238.
1142 3546 1178 3583 b.
1213 3549 1367 3597 Legitur
1393 3549 1463 3585 hoc
1488 3553 1739 3598 fragmentum
1767 3552 1801 3586 ίη
1831 3551 2026 3587 Altmanm'
2050 3564 2106 3598 ep.
2126 3553 2215 3587 Pat.

272 3611 335 3647 vit.
352 3610 410 3647 ed.
433 3611 682 3648 Waltenbach
710 3614 747 3648 in
775 3615 878 3648 Mon.
902 3614 1019 3649 Germ.
1038 3614 1106 3650 SS.
1125 3614 1208 3649 ΧΠ
1234 3613 1321 3650 238.
1433 3625 1465 3651 c.
1494 3618 1754 3666 Fragmentum
1782 3617 1851 3652 hoc
1879 3616 2032 3652 habetur
2059 3618 2095 3652 in
2123 3617 2216 3653 Gra-

272 3677 369 3712 tiam·
391 3678 500 3712 Decr.
529 3679 574 3714 P.
594 3680 635 3714 II
663 3680 703 3715 C.
723 3680 744 3714 I
771 3692 805 3727 q.
825 3678 848 3714 3
877 3692 909 3715 c.
929 3679 964 3715 2.
