2730 4198
301 397 415 442 1078

280 459 389 496 Mart.
409 460 431 496 3

475 262 582 316 306
997 276 1271 316 GREGORII
1307 277 1387 314 vn
1423 276 1688 316 REGISTRI
1724 279 1762 315 v
1797 278 1889 316 148„

470 394 677 465 publice
714 412 890 447 coram
926 404 1106 447 nostra
1140 397 1437 464 praesentia
1475 398 1762 448 convictum
1799 407 1846 450 et
1882 398 2196 465 confitentem
2233 416 2286 450 se
2322 416 2410 468 sy-

472 493 782 555 moniacum,
831 489 894 541 ab
937 491 1080 542 omni
1115 490 1404 560 episcopali
1439 490 1610 559 officio
1650 492 1843 561 absque
1878 511 1969 562 spe
2004 496 2412 563 recuperationis

473 587 794 656 deponimus,
837 595 886 637 et
921 602 1083 654 usque
1121 586 1194 637 ad
1230 586 1446 655 dianam
1483 586 1892 655 satisfactionem
1929 589 2254 642 anathemate
2285 607 2409 660 per-

472 683 706 733 cutimus.
863 680 1164 732 Rolandum
1200 699 1320 733 vero
1367 681 1764 748 Tarvisiensem,
1808 686 1901 752 qui
1934 703 2034 754 pro
2073 686 2410 755 adipiscendo

471 777 795 845 episcopatus
823 776 1015 829 honore
1040 777 1284 829 subdolus
1297 776 1481 845 factus
1510 778 1751 848 loqutus-⁶,
1776 781 1910 831 inter
1934 797 2151 849 reqnum
2170 790 2217 832 et
2239 799 2409 833 sacer-

470 872 669 923 dotium
715 873 903 923 scisma
935 871 1122 940 facere
1168 890 1274 924 non
1321 871 1639 939 abborruitb,
1691 885 1751 926 ut
1795 894 1830 926 a
1874 876 2027 927 modo
2074 886 2122 928 et
2155 893 2318 945 usque
2352 878 2410 928 in

469 967 695 1018 seculum
742 967 1028 1036 episcopali
1073 978 1248 1020 careat
1294 970 1571 1038 di9nitate,
1632 970 1920 1040 apostolica
1967 989 2184 1023 censura
2241 989 2409 1023 cense-

469 1080 612 1124 mus,·
653 1073 699 1114 et
734 1072 793 1114 ut
826 1063 1001 1114 nullus
1041 1081 1389 1116 successorum
1425 1076 1723 1118 nostrorum
1761 1084 1885 1118 suae
1911 1069 2287 1119 consecrationi
2309 1067 2410 1119 ali·
2485 1087 2488 1091 ¹

471 1174 572 1226 quo
601 1159 753 1209 modo
782 1160 1079 1224 consentiat,
1112 1161 1280 1211 modis
1309 1161 1543 1226 omnibus
1564 1162 1927 1231 probibemus5
1955 1173 2002 1215 et
2016 1173 2270 1232 perpetuo
2299 1181 2413 1214 eum

471 1253 791 1305 anathemate
829 1253 1125 1323 alliyamus,
1166 1258 1275 1307 nisi
1309 1258 1586 1326 resipuerit
1624 1268 1670 1310 et
1706 1259 1862 1327 diqne
1898 1258 2014 1311 Deo
2054 1258 2374 1327 satisfecerit.

629 1347 855 1418 Uyonem
893 1350 1215 1402 cardinalem
1252 1352 1393 1404 tituli
1425 1355 1595 1405 sancti
1618 1351 1886 1406 Clementis
1915 1386 1984 1392 —-
2011 1357 2159 1407 tertio
2187 1355 2251 1406 ab
2279 1372 2410 1424 apo-

469 1443 651 1495 stolica
690 1445 806 1495 sede
844 1445 1164 1510 damnatum,
1208 1464 1263 1498 eo
1304 1448 1446 1516 quod
1483 1451 1750 1518 aspirator
1788 1460 1835 1502 et
1871 1451 2040 1502 socius
2063 1450 2250 1518 factus
2288 1450 2409 1502 hae-

468 1540 596 1590 resis
636 1536 858 1590 Cadaloi
891 1540 1196 1592 Parmensis
1237 1544 1491 1613 episcopi,
1541 1555 1588 1596 et
1621 1547 1833 1610 iterum,
1876 1548 2174 1598 constitutus
2215 1546 2425 1616 leqatus'

470 1633 785 1703 apostolicae
823 1636 985 1700 sedis,
1035 1635 1304 1689 haereticis
1345 1648 1391 1690 et
1427 1641 1742 1708 symoniacis
1782 1651 1830 1693 et
1865 1641 1929 1693 ab
1970 1642 2258 1711 apostolica
2295 1643 2412 1693 sede

469 1730 730 1782 damnatis
778 1748 830 1781 se
876 1732 1168 1796 coniunxit,
1222 1742 1269 1783 et
1314 1736 1460 1786 tertio
1484 1734 1668 1803 factus
1707 1746 1946 1804 apostata
1985 1747 2032 1789 et
2067 1738 2407 1802 heresiarcha,

467 1827 711 1876 scismata
750 1835 797 1877 et
833 1827 1112 1878 divisiones
1153 1837 1306 1896 atque
1349 1831 1602 1882 scissuras
1639 1832 1697 1882 in
1737 1832 1947 1884 ecclesia
1985 1833 2116 1898 Dei,
2158 1843 2410 1902 temptans

469 1939 581 1973 eam
619 1922 866 1986 scindere,
893 1921 1032 1990 fecit
1069 1955 1138 1961 —
1180 1924 1243 1976 ab
1286 1927 1429 1976 omni
1464 1927 1777 1978 sacerdotali
1815 1927 1984 1995 officio
2017 1930 2322 1998 privamus,
2366 1938 2413 1980 et

468 2027 575 2069 tam
623 2017 687 2068 ab
736 2018 974 2090 inyressu
1022 2028 1069 2070 et
1105 2019 1298 2071 bonore
1326 2022 1649 2090 praedictae*
1671 2023 1934 2088 ecclesiae,
1987 2042 2144 2094 quam
2183 2025 2412 2076 omnium

469 2112 821 2177 ecclesiarum,
872 2113 965 2165 sub
999 2125 1255 2183 perpetua
1294 2126 1341 2168 et
1375 2118 1716 2170 inrevocabili
1751 2122 2001 2171 sententia
2036 2120 2406 2184 submovemus,

469 2218 515 2259 et
551 2225 713 2276 usque
751 2209 822 2260 ad
859 2208 1267 2276 satisfactionem
1306 2213 1628 2265 anathemate
1657 2217 1994 2283 percutimus.

619 2303 947 2355 Renovamus
975 2306 1129 2357 etiam
1155 2309 1728 2360 excommunicationem
1754 2330 1787 2361 a
1803 2310 2288 2379 praedecessoribus
2312 2327 2407 2362 no-

470 2400 590 2449 stris
622 2398 832 2466 factam
869 2417 1025 2468 super
1067 2398 1382 2469 Guifredum
1419 2404 1866 2474 archiepiscopum
1902 2405 2311 2470 Nerbonensem,
2364 2415 2411 2458 et

470 2493 663 2561 absque
711 2494 823 2546 ulla
869 2498 1277 2564 recuperationis
1325 2515 1417 2567 spe
1462 2499 1526 2550 ab
1575 2501 1863 2571 episcopali
1908 2502 2078 2570 officio
2127 2520 2241 2554 eum
2285 2501 2408 2554 sub-

467 2605 742 2640 movemus.

1160 2685 1249 2739 De
1288 2702 1484 2741 causa
1519 2690 1712 2756 regiS.

617 2778 691 2830 Et
728 2781 1002 2847 quoniam⁰
1039 2781 1102 2832 lis
1143 2792 1190 2834 et
1215 2783 1573 2852 perturbatio‘¹
1598 2789 1750 2856 reqni
1784 2789 1842 2839 in
1878 2790 2164 2840 maccimum
2201 2772 2408 2839 sanctae

472 2873 709 2925 ecclesiae
745 2875 1043 2943 periculum
1092 2887 1139 2928 et
1184 2879 1541 2932 detrimentum
1579 2884 1765 2934 cotidie
1802 2885 2095 2936 redundare
2131 2884 2402 2946 cernimus,

460 2968 639 3036 placet
672 2969 821 3021 nobis
854 2970 1120 3023 elaborare
1150 2991 1255 3042 pro
1284 2976 1510 3027 viribus:
1551 2988 1802 3046 quatenus
1827 2979 2005 3030 idonei
2028 2988 2133 3030 tam
2157 2978 2406 3046 reliyione

472 3081 630 3132 quam
667 3067 822 3117 etiam
858 3067 1073 3118 scientia
1101 3068 1356 3136 pollentes
1394 3074 1578 3124 nuncii
1605 3091 1630 3124 e
1656 3074 1811 3125 latere
1836 3073 2150 3143 apostolicae
2173 3073 2308 3124 sedis
2335 3073 2407 3123 ad

467 3170 643 3228 partes
680 3160 802 3212 illas
839 3163 1136 3227 mittantur,
1180 3166 1274 3232 qui
1310 3184 1480 3218 omnes
1515 3168 1784 3237 reliqiosos
1811 3179 1858 3220 et
1879 3170 2106 3220 iustitiae
2130 3177 2401 3232 amatores,

468 3256 526 3305 in
571 3254 842 3308 Teutonici
888 3260 1040 3327 reqni
1075 3261 1321 3328 partibus
1369 3274 1763 3328 commorantes,
1814 3263 2066 3314 clericalis
2115 3272 2163 3314 et
2200 3262 2404 3313 laicalis

472 3350 672 3402 ordinis
698 3353 838 3404 viros
865 3362 912 3405 et
936 3355 1008 3405 ad
1031 3354 1125 3406 hoc
1155 3373 1284 3425 opus
1310 3358 1539 3423 idoneos,
1570 3368 1842 3410 convocent
1848 3376 1867 3419 ,·
1906 3375 2020 3408 cum
2046 3357 2248 3426 quibus,
2285 3357 2404 3409 Do-

470 3446 604 3497 mini
635 3449 813 3514 9ratia
840 3461 1142 3517 praeeunte,
1184 3461 1277 3503 aut
1298 3452 1460 3519 finem
1499 3463 1547 3505 et
1578 3471 1761 3522 pacem
1791 3455 1921 3504 iuste
1947 3463 2257 3522 componant
2294 3463 2400 3517 aut,

585 3599 618 3625 a.
644 3589 789 3635 legatus
817 3592 973 3630 addidit
997 3608 1128 3631 manus
1157 3571 1251 3632 alia.
1354 3596 1389 3633 b.
1418 3596 1586 3633 oborruit
1610 3597 1696 3633 cod.
1806 3607 1838 3633 c.
1867 3596 1917 3633 Et
1943 3597 2116 3645 quoniam
2142 3616 2184 3622 —
2209 3598 2403 3634 conteran-

470 3654 532 3689 tur
557 3655 725 3704 leguntur
751 3659 862 3694 etiam
891 3673 953 3705 ap.
977 3661 1140 3696 Paulum
1167 3661 1442 3698 Berm-idensem
1463 3676 1492 3698 c.
1513 3662 1573 3698 99.
1677 3661 1712 3698 d.
1740 3664 1796 3699 sic
1810 3675 1880 3709 pro
1895 3662 2001 3699 litem
2019 3664 2057 3700 et
2072 3663 2402 3711 perturbationem.

2727 2682 2730 2691 μ
2723 2595 2730 2659 mn..
2720 2504 2730 2585 nuda—⁵:
2722 2349 2730 2495 ...-..r..1...a.
2728 2334 2730 2336 .
2728 2276 2730 2278 .
2728 2259 2730 2261 .
