2730 4198
796 253 1145 292 BONITHONIS
1184 256 1261 292 AD
1300 254 1527 293 AMICUM
1566 256 1675 293 Lm.
1703 256 1768 293 111
2147 245 2255 297 615

293 371 458 438 ficum
495 388 659 440 neque
695 390 871 424 servus
910 391 1074 442 neque
1113 373 1242 424 liber
1280 374 1352 424 ad
1388 373 1482 424 hoc
1520 374 1694 424 venire
1722 385 2013 442 presumat,
2054 386 2112 428 ut
2147 375 2256 428 illis
2287 379 2375 422 814

308 467 582 532 Romanis,
626 485 755 537 quos
794 469 866 520 ad
902 469 1038 520 lianc
1076 469 1367 521 electionem
1396 486 1495 538 per
1522 470 1933 521 constitutionem
1958 480 2257 523 sanctorum

298 574 518 632 patrum
555 566 776 632 antiqua
815 565 1030 617 admisit
1066 565 1405 629 consuetude,
1457 564 1677 633 aliquod
1697 563 1881 633 faciat
1914 565 2254 634 impedimen-

306 668 428 710 tum.
491 657 648 724 Quod
684 661 734 711 si
771 662 887 729 quis
927 670 1109 713 contra
1146 661 1280 712 lianc
1317 669 1551 711 nostram
1579 661 1992 713 constitutionem
2017 678 2254 729 presum-

296 756 491 823 pserit,
547 754 702 807 exilio
743 757 998 808 tradatur.
1151 749 1405 824 Insuper¹
1443 757 1622 819 etiam,
1659 734 1730 807 ⁴ut
1765 755 1941 808 nullus
1979 757 2257 808 missorum

304 860 600 903 nostrorum
639 853 884 921 cuiusque
920 852 1259 921 inpeditionis
1298 860 1661 919 arqumentum
1698 868 2002 919 componere
2039 852 2096 902 in
2131 869 2254 920 pre-

288 946 419 1015 fata
457 947 697 1000 electione
735 949 941 1013 audeat,
979 946 1328 1016 prohibemus.

449 1041 576 1095 Post
613 1042 759 1096 cuius
799 1042 999 1096 obitum
1035 1058 1132 1111 per
1158 1039 1327 1093 multa
1355 1038 1743 1092 succedentium
1766 1043 2065 1110 temporum
2090 1041 2255 1094 curri·
2287 1042 2374 1087 840

302 1136 419 1191 cula
445 1167 514 1174 —
542 1155 708 1206 usque
742 1138 809 1191 ad
843 1137 1094 1208 pestifera
1117 1131 1384 1190 Lotharii²
1409 1139 1649 1206 tempora
1676 1165 1746 1172 —
1775 1136 1864 1204 qui
1901 1136 1965 1190 ab
1994 1154 2053 1190 eo
2081 1154 2254 1192 susce-

299 1250 426 1303 pere
473 1234 752 1303 originem,
802 1232 1167 1287 decentissime
1213 1231 1598 1299 gubernavere¹¹
1646 1231 1942 1303 imperium.
2012 1232 2159 1296 Quod
2209 1233 2255 1286 si

302 1329 417 1398 quis
458 1330 720 1383 studiosus
758 1328 983 1382 voluerit
1019 1344 1346 1396 cognoscere,
1384 1327 1526 1396 legat
1562 1328 1703 1396 leges
1744 1329 1809 1383 ab
1848 1329 1923 1383 eis
1955 1328 2254 1398 promulga-

299 1431 398 1494 taS,
438 1426 614 1480 videat
652 1425 948 1495 sepulturas
986 1425 1264 1478 martirum
1305 1440 1430 1477 auro
1470 1425 1795 1494 gemmisque
1833 1425 2121 1493 decorataS,
2162 1425 2254 1479 ba-

300 1521 577 1590 silicasque
624 1538 804 1574 eorum
850 1521 987 1574 mira
1023 1521 1375 1590 pulcritudine
1415 1524 1720 1595 exornataS,
1769 1522 2090 1575 monasteria
2128 1538 2254 1591 quo-

300 1634 399 1686 que
435 1617 683 1685 religiosa
717 1617 990 1686 utriusque
1029 1634 1185 1671 sexus
1225 1616 1288 1670 ab
1320 1616 1393 1670 eis
1427 1616 1727 1686 constituta,
1767 1617 2127 1671 cohabitacula
2152 1617 2254 1672 cle—

297 1714 526 1768 ricorum
570 1713 881 1782 regulariter
917 1713 1206 1767 viventium
1255 1713 1318 1766 ab
1368 1713 1566 1766 eisdem
1602 1713 1848 1784 primitus
1888 1714 2152 1781 ordinata3
2203 1718 2255 1768 et

298 1827 394 1880 per
437 1809 715 1880 reliquias,
765 1826 898 1879 quae
937 1809 1130 1862 nostris
1171 1813 1453 1879 supersunt
1489 1809 1840 1879 temporibUS,
1893 1809 2020 1863 satis
2059 1810 2255 1879 poterit

301 1906 588 1979 advertere,
631 1922 788 1974 quam
825 1905 1248 1960 christianissimi
1287 1922 1546 1974 quamque
1571 1904 1684 1959 Deo
1725 1905 1975 1960 amabiles
2014 1906 2251 1960 extitere.

329 1984 339 1992 „
445 2001 614 2070 Leges
661 2019 784 2056 vero
834 2002 897 2055 ab
944 2002 1018 2055 eis
1056 2002 1417 2072 promulgatae
1454 2001 1583 2055 heae
1623 2004 1760 2055 sunt.
1911 2000 1995 2055 Ex
2037 2001 2252 2056 edictisb

297 2098 479 2153 Karoli
516 2102 568 2152 et
591 2097 809 2152 Ludoici
845 2098 1247 2168 imperatorum:
1291 2094 1608 2152 Sacrorum³
1637 2117 1894 2152 canonum
1919 2118 2026 2151 non
2051 2101 2248 2169 iqnari,

297 2208 355 2250 ut
390 2199 448 2250 in
485 2197 595 2250 Dei
629 2198 837 2248 nomine
874 2206 1056 2249 sancta
1095 2195 1343 2247 aecclesia
1380 2214 1473 2249 suo
1515 2195 1727 2249 liberius
1757 2198 2000 2266 potiatur
2037 2196 2248 2271 honore,

295 2310 563 2346 assensum
601 2292 976 2345 aecclesiastico
1018 2293 1196 2344 ordini
1222 2292 1527 2361 prebemus:
1565 2302 1624 2344 ut
1652 2293 1846 2345 scilicet
1871 2294 2131 2362 episcopi⁰
2148 2311 2252 2362 per

298 2389 590 2443 electionem
629 2388 757 2441 cleri
793 2399 841 2442 et
868 2388 1066 2458 populi
1100 2388 1381 2440 secundum
1419 2398 1614 2441 statuta
1652 2406 1910 2441 canonum
1940 2389 2003 2440 de
2025 2390 2252 2458 propria

299 2486 507 2551 diocesi,
547 2495 746 2538 remota
779 2503 1126 2555 personarum
1165 2494 1211 2537 et
1242 2502 1516 2537 munerum
1543 2486 1853 2555 acceptione,
1896 2485 1957 2537 ob
1985 2486 2120 2536 vitae
2144 2502 2251 2536 me-

298 2583 458 2634 ritum
506 2591 553 2634 et
597 2583 885 2650 sapientiae
932 2582 1127 2634 donum
1176 2581 1454 2650 eliqantur,
1507 2591 1566 2634 ut
1605 2581 1835 2651 eaemplo
1876 2591 1923 2634 et
1958 2581 2111 2633 verbo
2151 2580 2255 2633 sibi

299 2677 536 2730 subiectis
575 2694 945 2747 usquequaque
977 2679 1226 2748 prodesse
1264 2677 1486 2730 valeant.
1626 2675 1760 2731 Item
1796 2676 2098 2730 constitutio
2124 2675 2251 2741 K(a-

297 2772 417 2839 roli)
455 2771 815 2842 imperatoris:
855 2767 1131 2827 Volumus⁴
1171 2784 1326 2842 atque
1355 2775 1699 2843 precipimus,
1741 2784 1799 2826 ut
1835 2791 2007 2827 omnes
2043 2783 2252 2826 nostrae

419 2917 452 2943 a.
488 2904 695 2952 gubernare
723 2905 808 2942 cod.
937 2904 974 2941 b.
1008 2904 1120 2941 dictis
1149 2904 1233 2941 cod.
1365 2915 1397 2941 c.
1434 2903 1604 2952 episcopi
1630 2903 1805 2955 om.¹cod.

297 2989 350 3030 ut
377 2985 424 3030 in
455 2985 674 3029 electione
702 2981 928 3040 pontificis
958 2983 1108 3027 nullus
1137 2986 1399 3039 praesumat
1427 2983 1604 3039 venire,
1645 2994 1792 3038 neque
1829 2980 1943 3026 liber
1980 2994 2128 3044 neque
2159 2995 2250 3027 ser·

296 3073 406 3116 vus,
448 3059 525 3115 qui
564 3057 745 3114 aliquod
783 3057 1155 3114 impedimentum
1193 3055 1333 3101 faciat
1369 3056 1455 3100 illis
1494 3055 1777 3101 solummodo
1806 3055 2045 3113 Romanis,
2085 3055 2251 3112 quibus

298 3132 546 3189 antiquitus
576 3130 663 3175 fuit
694 3130 973 3176 consuetudo
1013 3143 1232 3175 concessa
1268 3143 1350 3187 per
1380 3130 1749 3174 constitutionem
1781 3133 2039 3174 sanctorum
2069 3133 2248 3186 patrum

299 3206 495 3263 eligendi
523 3203 798 3263 pontificem.
855 3203 985 3257 Quod
1024 3204 1062 3248 si
1100 3203 1201 3260 quis
1241 3207 1398 3249 contra
1435 3203 1552 3247 hanc
1590 3202 1836 3247 iussionem
1866 3206 2068 3247 nostram
2098 3201 2250 3247 facere

297 3279 664 3337 praesumpserit,
696 3279 829 3323 exilio
857 3277 1064 3323 tradatur
1078 3276 1116 3320 “.

419 3354 460 3398 1.
503 3354 728 3411 „Insuper
760 3378 814 3384 -—
845 3349 1171 3410 prohibemus“
1214 3364 1306 3396 non
1344 3354 1450 3394 sunt
1486 3350 1533 3394 in
1571 3349 1774 3395 Lotharii
1801 3349 1824 3393 I
1860 3349 1984 3406 lege,
2027 3363 2071 3394 v.
2112 3362 2250 3406 supra

298 3440 343 3483 p.
367 3426 455 3471 614
483 3441 527 3471 n.
552 3427 593 3471 6.
714 3427 755 3470 2.
787 3426 844 3483 II,
867 3425 1133 3470 855—869.
1262 3424 1304 3468 3.
1339 3458 1360 3482 „
1375 3422 1614 3468 Sacrorum
1637 3447 1692 3454 —
1712 3422 1930 3479 prodesse
1951 3420 2167 3467 valeant“
2192 3434 2249 3467 ex

298 3498 514 3555 Ansegisi
543 3499 856 3557 capitularium
887 3500 938 3544 L.
960 3500 983 3543 I
1014 3499 1083 3555 78,
1118 3496 1395 3554 Capitularia
1425 3497 1495 3541 ed.
1517 3496 1732 3540 Baluzius
1763 3497 1785 3541 I
1816 3497 1915 3552 718,
1947 3496 2066 3540 Mon.
2094 3494 2246 3540 Germ.

298 3572 389 3616 LL.
410 3572 433 3616 I
463 3573 563 3617 282.
690 3574 733 3618 4.
779 3573 1027 3630 „Volumus
1059 3596 1114 3604 —-
1145 3569 1392 3616 tenendum
1424 3568 1696 3614 censemus“
1730 3582 1788 3614 ex
1817 3569 2054 3613 Benedicti
2081 3569 2247 3614 levitae

301 3646 613 3702 capitularium
635 3648 685 3691 L.
702 3647 748 3691 H
762 3648 863 3704 366,
886 3646 1160 3704 Capitularia
1175 3644 1246 3690 ed.
1263 3643 1477 3697 Baluzius
1492 3643 1514 3687 I
1533 3643 1633 3701 985,
1653 3643 1772 3688 Mon.
1791 3642 1941 3688 Germ.
1957 3643 2049 3688 LL.
2064 3642 2109 3688 H
2122 3655 2160 3687 11
2174 3643 2245 3688 91.
