2730 4198
744 283 1016 320 ωηο-03η
1056 275 1146 320 vn'
1173 284 1435 322 Rnffls'rm
1474 285 1573 320 vm
1601 284 1649 320 52
1678 282 1740 329 (ix
1765 281 1839 328 29).
2152 270 2260 322 505

319 417 549 456 crescere
589 403 640 452 et
678 400 741 452 de
779 400 1034 453 bonorum
1059 401 1390 471 provectibus
1419 401 1564 454 lucra
1589 399 1672 453 vel
1699 400 1873 470 potius
1900 399 2111 469 rapinas
2140 416 2260 453 suas
2293 407 2441 451 1082?

319 495 555 563 diminui,
595 499 774 549 contra
813 500 1156 549 memoratum
1194 496 1364 549 locum
1402 496 1507 548 iam
1548 495 1718 565 coepit
1755 494 2098 548 saecularium
2139 511 2260 548 exa-

317 592 500 660 gitatio
540 596 618 659 et,
666 591 802 659 quod
840 593 1006 660 magis
1047 592 1342 645 mirandum
1382 608 1442 644 ac
1480 591 1756 644 dolendum
1798 593 1900 657 est,
1950 589 2260 644 ecclesiasti-

317 703 495 741 corum
534 687 654 740 odia
691 687 930 741 suboriri.

462 782 611 835 Unde
651 788 703 836 et
740 783 972 836 canonici
1013 782 1391 851 querimoniam
1431 782 1496 834 ad
1522 798 1616 834 nos
1644 781 1950 834 direxerunt
1975 798 2131 850 super
2157 781 2259 835 cle-

316 878 436 932 ricis
479 877 656 931 Sancti
694 878 943 948 Stephani
960 876 987 930 ¹.
1039 878 1268 941 Quorum
1308 877 1637 944 suggestione
1676 893 1770 946 per
1809 877 2086 945 quemdam
2124 878 2259 945 fugi-

315 974 479 1027 tivum
507 974 750 1027 clericum
778 975 878 1028 sibi
902 974 1249 1044 privilegium,
1272 973 1410 1041 quod
1430 973 1504 1026 eis
1530 973 1932 1040 indulseramUS,
1954 973 2258 1044 subreptum

316 1074 409 1122 est.
459 1069 658 1139 Quique
691 1070 1019 1136 cimiterium,
1061 1068 1195 1137 quod
1238 1072 1356 1121 ante
1382 1068 1675 1136 regularem
1702 1069 2082 1122 ordinationem
2111 1087 2257 1123 suam

314 1166 458 1219 locus
506 1166 595 1219 ille
646 1166 816 1235 quiete
865 1182 959 1235 per
1006 1164 1164 1230 longa
1210 1167 1505 1233 temporum
1554 1164 1813 1218 curricula
1863 1165 2056 1233 tenuit,
2104 1167 2257 1220 modo

316 1262 532 1329 auferre,
574 1266 727 1330 atque
766 1261 1007 1314 ecclesias
1050 1259 1115 1312 ad
1148 1276 1267 1312 eum
1303 1259 1626 1328 pertinentes
1666 1262 1721 1313 in
1758 1264 2071 1331 potestatem
2110 1279 2258 1315 suam

314 1357 508 1410 illicitis
549 1357 927 1409 conditionibus
967 1355 1202 1423 redigere
1241 1360 1510 1408 conantur.

460 1451 858 1519 Conqueruntur
885 1456 937 1505 et
962 1468 1118 1521 super
1146 1451 1412 1504 monachis
1433 1451 1936 1506 Moisiacensibus⁶².
1976 1453 2074 1517 Qui
2095 1472 2256 1523 quan-

312 1548 431 1600 dam
478 1548 744 1601 ecclesiam
789 1578 857 1584 ——
898 1548 1034 1601 unde
1083 1548 1407 1618 interpositis
1459 1548 1802 1601 sacrosanctis
1854 1550 2136 1618 euangeliis
2177 1568 2256 1604 se-

310 1643 535 1697 cundum
573 1644 822 1697 iudicium
860 1643 1019 1711 legati
1058 1644 1225 1696 nostri
1262 1643 1483 1709 A(mati)
1522 1643 1809 1697 Ellorensis
1849 1645 2105 1715 episcopi,
2153 1647 2257 1700 col-

308 1739 640 1793 laudantibus
681 1739 796 1792 aliis
837 1740 1094 1810 episcopis
1136 1740 1224 1808 qui
1264 1740 1498 1808 aderant,
1537 1739 1603 1792 lis
1631 1740 1768 1793 inter
1797 1757 1883 1794 eos
1911 1741 2257 1796 determinata

309 1835 479 1889 fuerat
518 1866 575 1872 ——
625 1836 814 1888 iterata
864 1835 1090 1888 deterius
1129 1836 1348 1904 iniuria,
1395 1853 1490 1906 per
1538 1836 1645 1888 vim
1693 1836 1897 1890 comitis
1934 1835 2256 1906 W(illelmi)3

311 1930 445 1983 datis
484 1935 543 1983 ut
579 1931 744 1984 fertur
781 1931 1082 1985 muneribus
1123 1936 1443 2002 occupatam,
1485 1932 1715 1985 detinere
1752 1932 2004 1986 nituntur.

458 2025 785 2097 Quapropter
834 2028 1188 2098 experientiae
1235 2033 1355 2082 tuae
1402 2028 1779 2098 praecipimus:
1833 2033 1892 2082 ut
1938 2030 2254 2099 praelibatos

308 2126 416 2175 tam
457 2122 669 2176 clericos
710 2141 866 2192 quam
905 2127 956 2176 et
995 2123 1275 2177 monachos
1316 2128 1470 2192 atque
1508 2123 1681 2193 ipsum
1718 2125 1960 2178 comitem
1987 2125 2176 2180 litteris
2204 2132 2256 2181 et

309 2218 493 2287 quibus
534 2219 701 2271 modis
740 2219 882 2272 vales
922 2236 1250 2273 commonere
1277 2236 1541 2289 procureS,
1583 2220 1827 2288 quatinus
1855 2238 1931 2289 ea,
1974 2239 2106 2291 quae
2133 2239 2254 2294 con-

307 2317 389 2366 tra
427 2331 583 2384 saepe
623 2315 814 2367 dictam
857 2315 1159 2368 aecclesiam
1185 2315 1363 2384 inique
1389 2315 1472 2368 vel
1500 2315 1675 2368 odiose
1704 2316 1926 2383 gessisse
1951 2323 2253 2388 noscuntur,

306 2409 417 2463 Deo
458 2414 509 2463 et
545 2411 777 2464 iustitiae
816 2411 1222 2479 satisfacienteS,
1273 2411 1408 2464 sicut
1445 2414 1675 2481 oportet,
1727 2412 2028 2480 emendent;
2082 2431 2141 2468 ac
2191 2415 2254 2469 de

307 2509 504 2574 cetere,
563 2505 792 2560 debitam
852 2507 1149 2578 apostolicis
1196 2507 1485 2577 privilegiis
1535 2508 1883 2561 reverentiam
1933 2510 2253 2580 exhibenteS,

307 2600 440 2653 iram
465 2600 565 2654 Dei
589 2619 872 2671 provocare
909 2607 960 2656 et
997 2603 1415 2657 maledictionem
1455 2620 1616 2673 supra
1641 2621 1696 2658 se
1721 2606 2014 2659 temerariis
2042 2608 2254 2662 ausibus

306 2695 550 2749 inducere
590 2701 821 2750 caveant.
879 2696 1230 2769 Episcopum⁴²
1256 2717 1459 2769 quoque
1486 2699 1706 2753 diocesis
1746 2701 1912 2770 ipsius
1952 2703 2251 2773 admoneas,

307 2794 364 2843 ut
403 2792 639 2845 eamdem
689 2794 991 2847 canonicam
1037 2798 1145 2848 tam
1193 2795 1307 2865 ipse
1353 2812 1459 2848 non
1505 2796 1761 2864 inquietet
1800 2814 1957 2866 quam
2003 2803 2056 2852 et
2103 2799 2249 2868 alios,

307 2903 434 2955 quos
472 2887 748 2956 prohibere
788 2888 942 2957 valet,
983 2890 1273 2958 inquietare
1310 2908 1414 2944 non
1446 2892 1597 2945 sinat.
1657 2892 1737 2945 De
1762 2894 2029 2947 monachis
2055 2899 2249 2965 tamen,

306 2983 549 3051 quoniam
589 2983 919 3037 Cluniacensi
958 2985 1195 3040 abbatiae
1233 2989 1521 3057 pertinent,
1572 2988 1675 3058 ipsi
1714 2990 2000 3043 venerabili
2047 2989 2248 3045 abbati⁵

302 3079 358 3131 in
396 3080 580 3149 primis
610 3079 982 3134 notificandum
1011 3097 1296 3152 censemus,
1336 3090 1394 3138 ut
1420 3085 1534 3154 ipse
1562 3085 1894 3138 insolentiam
1923 3086 2249 3141 subditorum

304 3192 515 3229 suorum
555 3181 851 3246 compescat
889 3180 941 3230 et
977 3177 1207 3232 iustitiae
1255 3179 1611 3249 adquiescere,
1665 3181 1709 3234 si
1754 3182 1889 3235 forte
1937 3183 2246 3252 noluerintb‚

303 3272 594 3342 compellat.
654 3272 740 3326 Ad
778 3273 1022 3327 ultimum
1062 3291 1201 3343 ver0,
1243 3276 1287 3329 si
1327 3276 1416 3345 qui
1442 3276 1652 3330 illorum
1690 3277 1903 3331 monitis
1943 3279 2047 3332 tuis
2085 3279 2246 3333 immo

302 3366 441 3421 beati
477 3368 620 3422 Petri
668 3353 1027 3440 obtemperare
1073 3373 1504 3442 contempserint,
1556 3391 1935 3444 quamcumque
1972 3375 2027 3428 in
2067 3392 2246 3429 eorum

422 3526 454 3551 a.
481 3515 756 3555 Moiacensibus
783 3518 868 3555 cod.
1022 3518 1058 3555 b.
1085 3519 1250 3556 noluerit
1276 3520 1360 3557 cod.

422 3593 461 3636 1.
501 3593 749 3639 Tolosanis.
901 3598 942 3641 2.
982 3597 1126 3641 dioec.
1149 3597 1462 3643 Cadurcensis.
1611 3601 1653 3644 3.
1695 3601 1759 3647 IV
1800 3601 1977 3646 comitis
2016 3601 2242 3646 Tolosani.

302 3665 344 3709 4.
377 3665 580 3711 Isarnum
611 3669 872 3726 episcopum
903 3671 1193 3716 Tolosanum.
1344 3673 1385 3717 5.
1418 3673 1616 3730 Hugoni.
