2722 4172
353 410 465 454 1075

337 469 414 508 Ian.
433 471 482 508 10

343 2910 457 2954 1075

331 2971 406 3008 Ian.
425 2972 471 3008 11

517 272 618 327 158
1006 286 1278 326 GREGomI
1313 286 1391 324 vn
1428 284 1691 324 REGISTRI
1724 286 1768 323 11
1793 286 1855 324 44.
1881 286 1944 325 45.

510 405 639 458 nihil
677 405 787 458 sine
825 420 978 457 causa
1004 403 1272 473 praecipit,
1311 402 1441 456 nihil
1468 403 1578 456 sine
1603 403 1804 456 ratione
1830 404 2099 474 permittit,
2140 404 2229 474 qui
2252 420 2435 472 regum

511 505 563 554 et
607 502 978 571 imperatorum
1026 500 1356 568 omniumque
1396 515 1671 552 causarum
1710 515 1903 568 aequus
1943 499 2134 554 arbiter
2171 504 2223 554 et
2259 500 2437 554 mode-

509 601 651 650 rator
690 595 878 649 existit.
937 593 1131 648 Verum
1168 595 1305 648 inter
1343 595 1517 648 omnia
1554 599 1605 648 te
1642 595 1697 647 id
1736 611 1887 663 agere
1925 600 1977 649 et
2015 596 2220 650 studere
2257 613 2435 650 mone-

509 709 641 760 muS,
680 695 739 744 ut
774 690 1097 761 praeclarum
1137 708 1325 745 nomen
1363 692 1502 745 vitae
1543 707 1602 744 ac
1639 691 1926 745 nobilitatis
1956 696 2092 760 tuae,
2134 692 2197 746 ab
2225 692 2436 746 ineunte

511 791 679 841 aetate
727 791 962 855 nactum,
1010 787 1066 839 in
1113 787 1221 840 dies
1262 786 1604 857 amplificetur
1644 791 1694 840 et
1732 791 1945 841 crescat.
2011 787 2264 851 Quoniam
2301 788 2435 842 inte-

509 884 670 951 gritas
717 883 912 952 famae,
970 883 1092 937 licet
1147 901 1273 953 prae
1330 884 1526 937 cunctis
1584 887 1842 937 terrarum
1891 883 2074 953 opibus
2131 901 2322 938 corona
2367 885 2437 938 sit

507 980 759 1034 nobilium
806 984 857 1034 et
898 979 1228 1047 ignobilium,
1279 984 1424 1033 tanto
1463 985 1637 1034 tamen
1675 979 1951 1048 unicuique
1989 979 2106 1050 plus
2146 980 2436 1034 ornamenti

509 1081 560 1131 et
597 1077 790 1145 gloriae
827 1075 1035 1143 tribuit,
1076 1080 1268 1144 quanto
1309 1093 1425 1129 eum
1465 1076 1746 1129 eminentia
1782 1076 1986 1143 generis
2026 1075 2179 1130 altius
2216 1074 2432 1129 extollit.

506 1173 588 1226 Illi
633 1173 769 1226 enim
811 1188 905 1225 sua
942 1171 1233 1225 humilitate
1271 1176 1539 1240 teguntur,
1587 1173 1677 1225 isti
1715 1189 1836 1225 vero
1874 1172 2056 1226 innata
2093 1172 2191 1226 sibi
2229 1171 2436 1225 celsitu-
2480 1206 2495 1213 s

507 1269 625 1323 dine
662 1269 966 1339 produntur.
1026 1267 1139 1335 Age
1179 1285 1315 1336 erg0,
1355 1272 1414 1321 ut
1439 1268 1693 1336 omnibuS,
1734 1285 1865 1337 quae
1890 1286 2109 1336 regnum
2133 1268 2236 1322 fert
2261 1272 2314 1322 et
2337 1268 2436 1321 im-

504 1365 724 1435 perium,
764 1368 910 1418 tanto
944 1368 996 1417 te
1022 1363 1440 1418 excellentiorem
1466 1347 1723 1433 ostendaS,
1767 1369 1986 1433 quanto⁸
2026 1382 2087 1418 ea
2124 1365 2297 1418 omnia
2320 1380 2435 1418 mu-

506 1461 607 1514 tari
651 1460 941 1528 cognoscis3
990 1463 1135 1513 tuam
1172 1477 1293 1514 vero
1332 1464 1573 1514 naturam
1613 1465 1664 1514 et
1701 1460 1970 1530 imperiale
2009 1477 2247 1529 germen,
2298 1460 2434 1529 quod

504 1557 559 1610 in
596 1561 648 1611 te
688 1560 782 1624 est,
821 1555 978 1608 nullis
1019 1556 1338 1610 successibus
1375 1556 1596 1610 nullisve
1636 1557 2032 1611 adversitatibus
2065 1557 2256 1611 mutari
2280 1572 2434 1627 posse

503 1669 779 1723 proponas
931 1651 1011 1705 De
1056 1656 1251 1721 cetero,
1304 1653 1440 1723 quod
1477 1669 1572 1705 nos
1610 1657 1830 1706 matrem
1868 1658 2011 1707 tuam
2051 1654 2114 1707 de
2151 1670 2306 1707 causa
2342 1657 2434 1707 tua

505 1748 815 1819 compellare
852 1749 1075 1816 rogasti,
1116 1765 1211 1818 pro
1251 1753 1390 1802 certo
1431 1749 1588 1816 scias,
1627 1765 1721 1801 nos
1761 1750 1959 1818 omnia,
2000 1766 2131 1818 quae
2171 1750 2235 1802 ad
2272 1749 2433 1802 hono-

503 1862 614 1898 rem
662 1849 714 1898 et
751 1844 970 1897 salutem
1008 1849 1151 1897 tuam
1190 1845 1479 1914 pertinent,
1529 1848 1582 1898 et
1619 1845 1930 1898 consulendo
1968 1845 2188 1899 libenter
2227 1846 2274 1898 ei
2311 1846 2433 1898 inti-

502 1958 646 1994 mare
685 1945 736 1994 et
772 1940 1130 2011 persuadendo
1169 1945 1228 1994 ut
1263 1940 1391 1993 fiant
1429 1939 1712 2011 apostolica
1748 1941 1967 2009 benigne
2006 1925 2264 1994 adiutoria
2288 1941 2433 1995 exhi-

502 2038 637 2091 bere.
705 2036 847 2091 Deus
894 2040 1067 2090 autem
1114 2038 1465 2107 omnipotenS,
1516 2037 1605 2106 qui
1656 2042 1734 2090 est
1778 2042 2095 2092 maestorum
2133 2037 2431 2106 consolatiO,

501 2132 873 2187 infirmantium
911 2133 1176 2201 fortitudo,
1222 2136 1547 2203 praesentem
1587 2134 1733 2187 vobis
1771 2133 2024 2187 laetitiam
2061 2135 2163 2189 cito
2203 2135 2434 2187 conferat

503 2234 554 2284 et
590 2247 769 2284 veram
808 2233 1173 2298 aeternamque
1209 2229 1427 2297 gloriam
1456 2246 1710 2299 supernae
1734 2230 1997 2284 felicitatis
2023 2230 2233 2284 tribuat.
2293 2229 2434 2283 Data

501 2326 695 2380 Romae
733 2327 768 2379 4
805 2325 925 2379 Idus
963 2325 1205 2394 Ianuarii,
1244 2325 1525 2379 indictione
1570 2327 1650 2379 13.

501 2498 552 2559 Π
583 2501 685 2559 45.
723 2504 1012 2573 Roduifum
1052 2503 1273 2558 Sneviae
1310 2514 1356 2556 et
1391 2504 1690 2572 Ber-culfum
1721 2503 2016 2558 Carintliiae
2054 2505 2205 2556 duces
2241 2514 2427 2569 monet,

719 2610 777 2654 ut
801 2603 1065 2670 episcopos
1092 2602 1342 2653 simoniae
1361 2601 1442 2652 vel
1449 2601 1825 2668 fornicationis
1844 2602 2090 2654 obnoxios
2109 2603 2428 2671 impuynent.

722 2697 1011 2766 Roduifum
1048 2697 1296 2761 hortatur,
1349 2715 1480 2766 quae
1516 2700 1794 2750 simoniace
1832 2700 2107 2768 acceperit,
2147 2707 2205 2750 ut
2241 2715 2302 2749 ea
2339 2706 2431 2750 aut

721 2793 940 2845 eeclesiis
979 2803 1070 2846 aut
1096 2793 1419 2863 pauperibus
1455 2805 1748 2847 muneretur
1758 2793 1793 2846 h.

648 2901 926 2972 Gregorius
965 2903 1236 2974 episcopus
1263 2920 1441 2957 servus
1469 2921 1736 2958 servorum
1760 2904 1860 2958 Dei
1886 2903 2114 2958 dilectis⁰
2139 2901 2194 2954 in
2220 2900 2425 2954 Christo

501 2998 620 3052 filiis
657 2999 877 3053 Rodulfo
924 2999 1041 3053 duci
1080 2999 1297 3053 Sueviae
1342 3004 1496 3070 atque
1532 3000 1795 3055 Bertulfo‘¹
1833 3000 1949 3054 duci
1988 2998 2303 3052 Carentano⁰
2343 3013 2424 3050 sa-

499 3095 660 3150 lutem
699 3100 751 3150 et
789 3096 1126 3167 apostolicam
1165 3096 1589 3150 benedictionem.

649 3192 876 3262 ScimUS,
926 3193 1169 3262 quoniam
1205 3193 1482 3263 prudentia
1518 3197 1692 3247 vestra
1726 3191 2072 3246 miserabilem
2111 3191 2423 3245 christianae

498 3289 765 3357 religionis
818 3289 1189 3343 desolationem
1237 3290 1525 3360 perspicaci
1569 3293 1741 3343 mente
1790 3286 2090 3358 perpendit3
2149 3303 2279 3357 quae
2326 3304 2422 3358 pro

499 3387 724 3456 peccatis
762 3387 954 3440 nostris
990 3386 1047 3438 in
1085 3402 1146 3439 ea
1181 3402 1318 3438 nunc
1357 3385 1683 3439 extremitate
1723 3388 1801 3438 est
1829 3383 2015 3453 posita,
2054 3385 2112 3435 ut
2135 3383 2423 3437 infeliciora

616 3508 648 3533 a.
682 3497 838 3534 celerius
872 3498 1055 3534 excidisse
1086 3497 1242 3534 videtur.
1393 3496 1430 3533 b.
1464 3499 1614 3546 Legitur
1646 3497 1755 3532 etiam
1796 3492 1833 3540 2)
1861 3507 1922 3541 ap.
1949 3495 2112 3530 Paulum
2146 3495 2422 3532 Bemridensem

502 3576 533 3599 o.
551 3562 613 3608 39,
642 3565 748 3599 Pont.
772 3566 879 3599 Rom.
897 3566 959 3600 vit.
978 3564 1026 3599 ed
1059 3563 1265 3599 Watterich
1292 3565 1314 3599 I
1338 3563 1433 3607 493,
1462 3561 1498 3608 3)
1529 3576 1589 3609 ap.
1613 3563 1802 3610 {Iugonem
1822 3561 2150 3604 Flaminiae-ensem,
2178 3563 2280 3597 Mon.
2303 3563 2422 3599 Germ.

499 3629 568 3666 SS.
594 3629 690 3664 Vm
713 3628 799 3664 428.
928 3640 960 3665 c.
987 3629 1134 3666 dilectis
1160 3630 1199 3666 in
1226 3628 1309 3665 cnr,
1335 3628 1425 3665 finis
1451 3630 1572 3675 recepi
1594 3641 1640 3663 22
1668 3628 1703 3663 3.
1826 3625 1862 3662 d.
1889 3625 2092 3662 Bartholdo
2120 3627 2155 3663 2.
2273 3639 2304 3663 e.
2332 3617 2420 3664 eer-

500 3693 641 3738 thaldo,
667 3692 878 3741 Rodulpho,
904 3694 1019 3731 Welf
1026 3706 1046 3731 ο
1057 3695 1103 3731 ni
1130 3694 1286 3732 ducibus
1314 3695 1335 3731 3
1359 3708 1428 3742 pro
1454 3692 1614 3730 Rodulfo
1648 3711 1687 3718 —-
1718 3691 1934 3728 Carentano.
