2722 4172
303 436 418 481 1074

268 496 375 535 Febr.
398 498 445 536 16

302 1310 417 1354 1074

269 1371 377 1408 Febr.
397 1371 445 1408 26

477 301 546 354 68
985 314 1258 354 GREGoRn
1293 314 1372 350 v11
1408 312 1671 351 REGISTRI
1707 313 1729 349 1
1754 311 1816 348 47.
1843 312 1906 349 48.

477 436 667 503 quanto
708 432 859 486 altior
898 436 948 486 et
996 432 1177 484 melior
1216 447 1275 484 ac
1314 429 1541 483 sanctior
1580 433 1675 503 est,
1697 429 1838 482 omni
1884 433 2076 498 matre,
2125 432 2270 482 tanto
2309 427 2410 481 cle-

475 529 697 583 mentior
724 533 776 583 et
801 528 997 581 dulcior
1023 528 1160 581 circa
1185 542 1458 580 conversos
1483 529 1781 595 peccatores
1809 527 1860 578 et
1890 525 2218 594 peccatrices,
2269 523 2410 578 Pone

474 625 651 695 itaque
687 624 844 678 finem
878 625 934 677 in
971 623 1237 677 voluntate
1275 621 1525 693 peccandi
1566 624 1632 689 et,
1672 623 1938 690 prostrata
1974 637 2148 674 coram
2185 620 2298 689 illa,
2346 637 2408 673 ex

476 722 628 776 corde
666 721 886 775 contrito
928 723 978 773 et
1014 719 1284 772 humiliato
1323 718 1564 772 lacrimas
1592 716 1810 770 effunde.
1870 716 2105 770 Invenies
2130 717 2291 785 illam,
2330 716 2410 769 in-

476 818 774 872 dubitanter
802 816 1067 887 promittO,
1106 815 1483 886 promptiorem
1522 813 1718 866 carnali
1755 817 1922 866 matre
1962 829 2022 866 ac
2058 813 2321 866 mitiorem
2354 813 2410 866 in

474 914 552 968 tui
590 914 878 968 dilectione.
955 912 1122 966 Data‘*
1160 911 1354 965 Romae
1399 913 1464 964 14
1491 910 1751 964 Kalendas
1782 908 1975 977 Martii,
2014 909 2295 963 indictione
2326 910 2408 962 12.

474 1085 500 1146 Ι
531 1089 633 1148 48.
688 1091 870 1144 Uberto
899 1094 1137 1162 episcopo
1170 1088 1432 1145 Genuensi
1452 1091 1685 1154 mandat,
1713 1099 1772 1141 ut
1795 1087 2028 1140 Ansaldi
2049 1090 2221 1153 uxori,
2258 1087 2410 1141 adul-

678 1190 798 1241 terii
817 1188 969 1257 falso
1010 1198 1295 1253 accusatae,
1336 1188 1590 1239 iudicium
1628 1187 1825 1238 reddat.

623 1297 901 1366 Gregorius
941 1299 1211 1369 episcopus
1257 1314 1435 1351 servus
1476 1313 1743 1350 servorum
1781 1295 1881 1349 Dei
1918 1294 2111 1349 Uberto
2152 1293 2413 1348 Genuensi

476 1396 718 1466 episcopo
759 1399 811 1448 et
846 1394 1088 1448 universo
1127 1394 1228 1448 loci
1264 1394 1404 1446 illius
1444 1393 1579 1447 clero
1620 1409 1679 1446 ac
1716 1392 1909 1463 populo
1950 1391 2169 1445 salutem
2209 1395 2261 1445 et
2290 1407 2412 1461 apo-

477 1492 714 1547 stolicam
749 1491 1178 1546 benedictionem.

622 1588 975 1656 Intelligentes
1006 1604 1235 1641 errorem
1259 1590 1508 1654 vestrum,
1542 1585 1604 1638 de
1630 1584 1860 1655 periculo
1887 1588 2059 1638 vestro
2086 1584 2237 1638 valde
2262 1584 2414 1637 time-

475 1702 616 1752 mus3
669 1685 911 1753 quoniam
964 1686 1288 1737 sacramenta
1336 1682 1581 1735 consortii
1628 1681 1938 1749 coniugaIiS,
1990 1681 2176 1734 divinis
2216 1681 2416 1734 sancita

473 1781 767 1852 praeceptis
807 1784 859 1834 et
895 1779 1113 1847 legibuS,
1152 1780 1289 1832 inter
1315 1795 1405 1831 vos
1444 1777 1686 1844 malignis
1721 1777 1920 1830 foedari
1946 1777 2130 1830 studiis
2158 1777 2412 1830 audimus

480 1877 744 1948 Scriptum
783 1877 975 1947 quippe
1016 1879 1094 1929 est
1133 1875 1194 1928 de
1222 1874 1479 1942 coniugali
1505 1873 1734 1926 vinculo:
1780 1874 1934 1940 Quod
1958 1875 2104 1927 Deus
2131 1876 2412 1939 coniunxit,

476 1976 625 2028 homo
664 1993 769 2027 non
808 1984 1010 2044 separet
1023 1968 1052 2039 ¹,
1096 1975 1147 2025 et
1179 1970 1411 2039 Veritas,
1451 1987 1516 2024 ne
1555 1970 1636 2023 vir
1672 1987 1889 2023 uxorem
1930 1987 2105 2039 suam,
2143 1970 2247 2023 nisi
2283 1969 2416 2022 forte

476 2088 632 2126 causa
656 2069 1030 2138 fornicationis,
1069 2068 1330 2137 relinquat
1341 2063 1375 2135 ²,
1414 2067 1622 2120 omnino
1650 2066 1904 2137 prohibet.
2054 2066 2215 2120 Nobis
2243 2070 2417 2119 autem

475 2168 698 2222 relatum
737 2170 830 2234 est,
870 2165 1162 2219 Ansaldum
1202 2164 1477 2234 quemdam
1514 2163 1778 2216 concivem
1803 2167 2036 2217 vestrum
2075 2181 2106 2216 a
2139 2167 2287 2232 patre
2323 2179 2415 2215 suo

477 2268 714 2319 coactum
752 2280 880 2331 esse,
919 2266 979 2315 ut
1015 2278 1233 2314 uxorem
1270 2261 1554 2330 propriam,
1596 2259 1658 2312 de
1696 2259 2036 2313 fornicatione
2073 2259 2203 2312 falso
2243 2258 2416 2312 crimi-

475 2365 681 2429 natam,
728 2376 826 2413 nec
873 2358 1090 2412 ulterius
1133 2357 1346 2425 habeat,
1397 2373 1492 2409 nec
1528 2356 1775 2408 iudicium
1814 2356 2138 2425 purgationis
2179 2356 2314 2423 eius,
2361 2355 2418 2407 id

479 2457 617 2527 quod
665 2457 783 2527 ipsa
828 2455 979 2508 valde
1030 2454 1314 2522 desiderat,
1373 2469 1468 2522 pro
1517 2452 1838 2505 discutienda
1884 2453 2103 2506 veritate
2151 2451 2413 2522 suscipiat.

479 2553 628 2618 Quod
653 2553 775 2622 quia
810 2551 998 2605 divinis
1027 2554 1078 2604 et
1101 2549 1341 2603 humanis
1367 2548 1565 2616 legibus
1592 2548 1742 2602 valde
1769 2549 2087 2602 contrarium
2114 2552 2208 2616 est,
2247 2548 2416 2618 primo

478 2654 530 2704 te
569 2650 868 2720 episcopum
907 2648 1092 2701 deinde
1131 2663 1307 2700 omnes
1334 2662 1426 2699 vos
1466 2645 1802 2698 admonemus
1843 2648 1894 2698 et
1933 2645 2218 2715 apostolica
2243 2647 2418 2698 aucto-

404 2802 406 2804 ,
477 2746 634 2799 ritate
680 2745 1055 2815 praecipimus:
1108 2747 1191 2810 ut,
1240 2743 1285 2796 si
1328 2742 1515 2795 mulier
1555 2742 1621 2794 ad
1659 2741 2095 2795 examinationem
2132 2742 2416 2809 legitimam

481 2860 535 2896 se
562 2842 796 2896 conferre
821 2841 1059 2908 voluerit,
1100 2856 1219 2893 cum
1245 2840 1386 2892 omni
1420 2838 1798 2907 tranquillitate
1827 2843 1877 2892 et
1903 2839 2258 2908 expectatione
2282 2838 2417 2890 iuste

481 2937 949 3010 comprobationisb
987 2936 1292 3006 recipiatur3
1345 2939 1422 3004 et,
1476 2936 1520 2988 si
1556 2953 1651 3005 per
1688 2935 2099 2988 misericordiam
2135 2934 2236 2988 Dei
2270 2934 2418 2986 inno-

481 3052 601 3090 cens
642 3034 958 3105 apparuerit,
1000 3033 1232 3103 separari
1272 3049 1302 3085 a
1325 3032 1436 3085 viro
1476 3049 1568 3085 suo
1606 3031 1902 3085 nullatenus
1934 3031 2223 3102 patiamini.
2273 3029 2346 3082 At
2373 3030 2416 3081 si

480 3136 630 3203 pater
677 3131 900 3202 praefati
943 3129 1164 3183 Ansaldi
1210 3129 1364 3196 haec,
1415 3144 1545 3197 quae
1594 3129 1771 3181 divina
1821 3129 2126 3181 auctoritate
2173 3126 2416 3193 diximus,

479 3230 639 3282 immo
687 3229 733 3282 si
771 3228 886 3297 quis
932 3226 1232 3280 mortalium
1280 3225 1407 3278 haec
1450 3225 1703 3295 impedire
1742 3240 1801 3277 ac
1837 3223 2113 3294 prohibere
2151 3239 2419 3292 praesum-

481 3326 661 3396 pserit,
701 3329 872 3393 tuam,
913 3324 1180 3394 episcope,
1225 3322 1607 3376 fraternitatem
1646 3320 1928 3390 apostolica
1965 3319 2270 3372 auctoritate
2308 3335 2418 3371 mo—

482 3438 688 3475 nemus:
735 3425 818 3489 ut,
859 3421 1002 3474 omni
1038 3423 1277 3490 respectu
1315 3419 1513 3487 gratiae
1552 3416 1837 3488 personalis
1877 3415 2101 3483 abiectO,
2140 3432 2255 3468 reos
2295 3432 2418 3468 ana-

482 3517 727 3571 thematis
765 3517 936 3585 gladio
971 3517 1128 3570 ferire
1155 3520 1207 3570 et
1234 3533 1264 3569 a
1290 3532 1503 3586 corpore
1532 3514 1774 3568 ecclesiae
1801 3512 2057 3566 dissecare
2082 3528 2187 3565 non
2213 3511 2418 3565 desinas

598 3654 629 3679 a.
665 3642 763 3678 Data
794 3661 834 3666 —
867 3643 914 3679 12
943 3657 1012 3678 om.
1036 3643 1070 3679 2.
1224 3641 1261 3678 b.
1290 3639 1654 3688 comprobationibus
1687 3654 1717 3674 c.

603 3721 643 3764 1.
675 3720 832 3764 Matth.
859 3721 928 3776 19,
954 3721 994 3764 6.
1144 3721 1184 3763 2.
1217 3719 1373 3763 Matth.
1402 3719 1470 3775 19,
1496 3719 1537 3761 9.
