<?xml version="1.0" encoding="UTF-8"?>
<!DOCTYPE html PUBLIC "-//W3C//DTD XHTML 1.0 Transitional//EN"
    "http://www.w3.org/TR/xhtml1/DTD/xhtml1-transitional.dtd">
<html xmlns="http://www.w3.org/1999/xhtml" xml:lang="en" lang="en">
 <head>
  <title>
</title>
<meta http-equiv="Content-Type" content="text/html;charset=utf-8" />
  <meta name='ocr-system' content='tesseract 3.04.00' />
  <meta name='ocr-capabilities' content='ocr_page ocr_carea ocr_par ocr_line ocrx_word'/>
</head>
<body>
  <div class='ocr_page' id='page_1' title='image "bibliothecarerum02wattuoft_0398.png"; bbox 0 0 2730 4198; ppageno 0'>
   <div class='ocr_carea' id='block_1_1' title="bbox 528 286 1925 340">
    <p class='ocr_par' dir='ltr' id='par_1_1' title="bbox 528 286 1925 340">
     <span class='ocr_line' id='line_1_1' title="bbox 528 286 1925 340; baseline -0.009 0"><span class='ocrx_word' id='word_1_1' title='bbox 528 286 635 340; x_wconf 82' lang='lat'>382</span> <span class='ocrx_word' id='word_1_2' title='bbox 1061 295 1335 335; x_wconf 77' lang='lat' dir='ltr'>GREGORII</span> <span class='ocrx_word' id='word_1_3' title='bbox 1373 296 1449 332; x_wconf 87' lang='lat' dir='ltr'>vn</span> <span class='ocrx_word' id='word_1_4' title='bbox 1485 293 1750 332; x_wconf 79' lang='lat' dir='ltr'>REGISTRI</span> <span class='ocrx_word' id='word_1_5' title='bbox 1786 293 1865 329; x_wconf 85' lang='lat' dir='ltr'>vn</span> <span class='ocrx_word' id='word_1_6' title='bbox 1891 293 1925 328; x_wconf 80' lang='lat'>2.</span> 
     </span>
    </p>
   </div>
   <div class='ocr_carea' id='block_1_2' title="bbox 385 406 2458 481">
    <p class='ocr_par' dir='ltr' id='par_1_2' title="bbox 385 406 2458 481">
     <span class='ocr_line' id='line_1_2' title="bbox 385 406 2458 481; baseline -0.001 -16"><span class='ocrx_word' id='word_1_7' title='bbox 385 423 497 467; x_wconf 81' lang='lat'>1079</span> <span class='ocrx_word' id='word_1_8' title='bbox 528 415 851 470; x_wconf 88' lang='lat' dir='ltr'>contumeliis</span> <span class='ocrx_word' id='word_1_9' title='bbox 879 413 1036 481; x_wconf 86' lang='lat' dir='ltr'>digni,</span> <span class='ocrx_word' id='word_1_10' title='bbox 1064 412 1258 480; x_wconf 90' lang='lat' dir='ltr'>liquido</span> <span class='ocrx_word' id='word_1_11' title='bbox 1284 415 1475 481; x_wconf 86' lang='lat' dir='ltr'>pateat.</span> <span class='ocrx_word' id='word_1_12' title='bbox 1535 409 1887 463; x_wconf 83' lang='lat' dir='ltr'>Fabianus:</span> <span class='ocrx_word' id='word_1_13' title='bbox 1919 409 2208 463; x_wconf 73' lang='lat' dir='ltr'>Statuimus</span> <span class='ocrx_word' id='word_1_14' title='bbox 2225 406 2253 475; x_wconf 83' lang='lat'>¹,</span> <span class='ocrx_word' id='word_1_15' title='bbox 2283 413 2332 462; x_wconf 75' lang='lat' dir='ltr'>si</span> <span class='ocrx_word' id='word_1_16' title='bbox 2356 410 2458 463; x_wconf 81' lang='lat' dir='ltr'>ali-</span> 
     </span>
    </p>
   </div>
   <div class='ocr_carea' id='block_1_3' title="bbox 376 483 494 520">
    <p class='ocr_par' dir='ltr' id='par_1_3' title="bbox 376 483 494 520">
     <span class='ocr_line' id='line_1_3' title="bbox 376 483 494 520; baseline -0.008 0"><span class='ocrx_word' id='word_1_17' title='bbox 376 483 456 520; x_wconf 83' lang='lat' dir='ltr'>Oct.</span> <span class='ocrx_word' id='word_1_18' title='bbox 478 483 494 519; x_wconf 84' lang='lat'>1</span> 
     </span>
    </p>
   </div>
   <div class='ocr_carea' id='block_1_4' title="bbox 518 506 2464 3349">
    <p class='ocr_par' dir='ltr' id='par_1_4' title="bbox 518 506 2464 3349">
     <span class='ocr_line' id='line_1_4' title="bbox 530 506 2456 582; baseline -0.004 -17"><span class='ocrx_word' id='word_1_19' title='bbox 530 516 645 582; x_wconf 73' lang='lat' dir='ltr'>quis</span> <span class='ocrx_word' id='word_1_20' title='bbox 684 513 984 563; x_wconf 72' lang='lat' dir='ltr'>clericorum</span> <span class='ocrx_word' id='word_1_21' title='bbox 1020 511 1127 561; x_wconf 76' lang='lat' dir='ltr'>suis</span> <span class='ocrx_word' id='word_1_22' title='bbox 1167 510 1422 579; x_wconf 78' lang='lat' dir='ltr'>episcopis</span> <span class='ocrx_word' id='word_1_23' title='bbox 1461 507 1678 575; x_wconf 75' lang='lat' dir='ltr'>infestus</span> <span class='ocrx_word' id='word_1_24' title='bbox 1719 516 1810 558; x_wconf 75' lang='lat' dir='ltr'>aut</span> <span class='ocrx_word' id='word_1_25' title='bbox 1845 507 2124 558; x_wconf 74' lang='lat' dir='ltr'>insidiator</span> <span class='ocrx_word' id='word_1_26' title='bbox 2145 506 2321 574; x_wconf 75' lang='lat' dir='ltr'>fuerit</span> <span class='ocrx_word' id='word_1_27' title='bbox 2349 524 2456 558; x_wconf 74' lang='lat' dir='ltr'>eos-</span> 
     </span>
     <span class='ocr_line' id='line_1_5' title="bbox 529 601 2462 677; baseline -0.003 -17"><span class='ocrx_word' id='word_1_28' title='bbox 529 615 651 677; x_wconf 81' lang='lat' dir='ltr'>que‘&#39;</span> <span class='ocrx_word' id='word_1_29' title='bbox 691 607 965 658; x_wconf 57' lang='lat' dir='ltr'>criminari</span> <span class='ocrx_word' id='word_1_30' title='bbox 1001 606 1322 675; x_wconf 73' lang='lat' dir='ltr'>temptaverit</span> <span class='ocrx_word' id='word_1_31' title='bbox 1359 614 1449 655; x_wconf 80' lang='lat' dir='ltr'>aut</span> <span class='ocrx_word' id='word_1_32' title='bbox 1487 604 1815 672; x_wconf 73' lang='lat' dir='ltr'>conspirator</span> <span class='ocrx_word' id='word_1_33' title='bbox 1837 601 2027 669; x_wconf 74' lang='lat' dir='ltr'>fuerit,</span> <span class='ocrx_word' id='word_1_34' title='bbox 2069 612 2142 666; x_wconf 77' lang='lat' dir='ltr'>ut,</span> <span class='ocrx_word' id='word_1_35' title='bbox 2183 621 2305 654; x_wconf 72' lang='lat' dir='ltr'>mox</span> <span class='ocrx_word' id='word_1_36' title='bbox 2344 612 2462 657; x_wconf 77' lang='lat' dir='ltr'>ante</span> 
     </span>
     <span class='ocr_line' id='line_1_6' title="bbox 529 698 2460 764; baseline -0.002 -10"><span class='ocrx_word' id='word_1_37' title='bbox 529 704 875 754; x_wconf 67' lang='lat' dir='ltr'>ewaminatum</span> <span class='ocrx_word' id='word_1_38' title='bbox 913 702 1164 752; x_wconf 80' lang='lat' dir='ltr'>iudicium</span> <span class='ocrx_word' id='word_1_39' title='bbox 1191 700 1466 764; x_wconf 67' lang='lat' dir='ltr'>submotus‘,</span> <span class='ocrx_word' id='word_1_40' title='bbox 1510 718 1543 750; x_wconf 85' lang='lat' dir='ltr'>a</span> <span class='ocrx_word' id='word_1_41' title='bbox 1569 698 1701 750; x_wconf 74' lang='lat' dir='ltr'>clero</span> <span class='ocrx_word' id='word_1_42' title='bbox 1731 700 1906 750; x_wconf 72' lang='lat' dir='ltr'>curiae</span> <span class='ocrx_word' id='word_1_43' title='bbox 1932 699 2200 759; x_wconf 54' lang='lat' dir='ltr'>tractatum·</span> <span class='ocrx_word' id='word_1_44' title='bbox 2240 700 2327 750; x_wconf 79' lang='lat' dir='ltr'>oui</span> <span class='ocrx_word' id='word_1_45' title='bbox 2350 699 2460 750; x_wconf 75' lang='lat' dir='ltr'>die--v</span> 
     </span>
     <span class='ocr_line' id='line_1_7' title="bbox 528 793 2463 864; baseline -0.002 -15"><span class='ocrx_word' id='word_1_46' title='bbox 528 798 619 849; x_wconf 75' lang='lat' dir='ltr'>bus</span> <span class='ocrx_word' id='word_1_47' title='bbox 658 799 793 849; x_wconf 80' lang='lat' dir='ltr'>vitae</span> <span class='ocrx_word' id='word_1_48' title='bbox 830 814 953 847; x_wconf 80' lang='lat' dir='ltr'>suae</span> <span class='ocrx_word' id='word_1_49' title='bbox 993 797 1260 861; x_wconf 73' lang='lat' dir='ltr'>deserviat,</span> <span class='ocrx_word' id='word_1_50' title='bbox 1305 806 1351 847; x_wconf 77' lang='lat' dir='ltr'>et</span> <span class='ocrx_word' id='word_1_51' title='bbox 1388 795 1602 863; x_wconf 75' lang='lat' dir='ltr'>infamis</span> <span class='ocrx_word' id='word_1_52' title='bbox 1642 794 1834 862; x_wconf 74' lang='lat' dir='ltr'>absque</span> <span class='ocrx_word' id='word_1_53' title='bbox 1871 793 1982 845; x_wconf 79' lang='lat' dir='ltr'>ulla</span> <span class='ocrx_word' id='word_1_54' title='bbox 2007 795 2345 846; x_wconf 68' lang='lat' dir='ltr'>restitutionis</span> <span class='ocrx_word' id='word_1_55' title='bbox 2371 811 2463 864; x_wconf 71' lang='lat' dir='ltr'>epe</span> 
     </span>
     <span class='ocr_line' id='line_1_8' title="bbox 524 880 2462 962; baseline -0.002 -18"><span class='ocrx_word' id='word_1_56' title='bbox 524 901 839 962; x_wconf 75' lang='lat' dir='ltr'>permaneat.</span> <span class='ocrx_word' id='word_1_57' title='bbox 901 886 1298 959; x_wconf 83' lang='lat' dir='ltr'>Stephanus²</span> <span class='ocrx_word' id='word_1_58' title='bbox 1336 906 1526 959; x_wconf 89' lang='lat' dir='ltr'>papa:</span> <span class='ocrx_word' id='word_1_59' title='bbox 1570 888 1811 954; x_wconf 67' lang='lat' dir='ltr'>Clerious‘,</span> <span class='ocrx_word' id='word_1_60' title='bbox 1855 890 1950 958; x_wconf 80' lang='lat' dir='ltr'>qui</span> <span class='ocrx_word' id='word_1_61' title='bbox 1987 891 2287 959; x_wconf 76' lang='lat' dir='ltr'>episcopum</span> <span class='ocrx_word' id='word_1_62' title='bbox 2299 880 2462 941; x_wconf 34' lang='lat' dir='ltr'>*suum</span> 
     </span>
     <span class='ocr_line' id='line_1_9' title="bbox 527 985 2461 1054; baseline -0.002 -16"><span class='ocrx_word' id='word_1_63' title='bbox 527 989 843 1038; x_wconf 66' lang='lat' dir='ltr'>accusaverit</span> <span class='ocrx_word' id='word_1_64' title='bbox 879 996 971 1038; x_wconf 77' lang='lat' dir='ltr'>aut</span> <span class='ocrx_word' id='word_1_65' title='bbox 1008 989 1056 1038; x_wconf 85' lang='lat' dir='ltr'>ei</span> <span class='ocrx_word' id='word_1_66' title='bbox 1090 988 1369 1039; x_wconf 70' lang='lat' dir='ltr'>insidiator</span> <span class='ocrx_word' id='word_1_67' title='bbox 1408 988 1653 1050; x_wconf 68' lang='lat' dir='ltr'>extiterit,</span> <span class='ocrx_word' id='word_1_68' title='bbox 1695 1003 1800 1037; x_wconf 73' lang='lat' dir='ltr'>non</span> <span class='ocrx_word' id='word_1_69' title='bbox 1840 995 1910 1036; x_wconf 75' lang='lat' dir='ltr'>est</span> <span class='ocrx_word' id='word_1_70' title='bbox 1946 985 2290 1054; x_wconf 76' lang='lat' dir='ltr'>reeipiendus,</span> <span class='ocrx_word' id='word_1_71' title='bbox 2335 986 2461 1053; x_wconf 77' lang='lat' dir='ltr'>quia</span> 
     </span>
     <span class='ocr_line' id='line_1_10' title="bbox 524 1081 2464 1150; baseline -0.001 -16"><span class='ocrx_word' id='word_1_72' title='bbox 524 1082 740 1149; x_wconf 78' lang='lat' dir='ltr'>infamis</span> <span class='ocrx_word' id='word_1_73' title='bbox 789 1081 989 1150; x_wconf 58' lang='lat' dir='ltr'>effectus</span> <span class='ocrx_word' id='word_1_74' title='bbox 1038 1092 1111 1134; x_wconf 79' lang='lat' dir='ltr'>est</span> <span class='ocrx_word' id='word_1_75' title='bbox 1157 1093 1205 1134; x_wconf 75' lang='lat' dir='ltr'>et</span> <span class='ocrx_word' id='word_1_76' title='bbox 1249 1102 1280 1134; x_wconf 86' lang='lat' dir='ltr'>a</span> <span class='ocrx_word' id='word_1_77' title='bbox 1323 1083 1498 1149; x_wconf 53' lang='lat' dir='ltr'>‚qradu</span> <span class='ocrx_word' id='word_1_78' title='bbox 1546 1082 1690 1134; x_wconf 76' lang='lat' dir='ltr'>debet</span> <span class='ocrx_word' id='word_1_79' title='bbox 1737 1082 1966 1132; x_wconf 67' lang='lat' dir='ltr'>recedere</span> <span class='ocrx_word' id='word_1_80' title='bbox 2006 1100 2067 1132; x_wconf 82' lang='lat' dir='ltr'>ao</span> <span class='ocrx_word' id='word_1_81' title='bbox 2107 1082 2282 1132; x_wconf 73' lang='lat' dir='ltr'>curiae</span> <span class='ocrx_word' id='word_1_82' title='bbox 2320 1081 2464 1132; x_wconf 78' lang='lat' dir='ltr'>tradi</span> 
     </span>
     <span class='ocr_line' id='line_1_11' title="bbox 523 1174 2463 1245; baseline -0.001 -17"><span class='ocrx_word' id='word_1_83' title='bbox 523 1179 834 1229; x_wconf 72' lang='lat' dir='ltr'>serviendus,</span> <span class='ocrx_word' id='word_1_84' title='bbox 895 1175 1042 1228; x_wconf 91' lang='lat' dir='ltr'>Hanc</span> <span class='ocrx_word' id='word_1_85' title='bbox 1079 1176 1254 1244; x_wconf 83' lang='lat' dir='ltr'>itaque</span> <span class='ocrx_word' id='word_1_86' title='bbox 1293 1177 1347 1228; x_wconf 93' lang='lat' dir='ltr'>in</span> <span class='ocrx_word' id='word_1_87' title='bbox 1380 1193 1466 1229; x_wconf 91' lang='lat' dir='ltr'>eos</span> <span class='ocrx_word' id='word_1_88' title='bbox 1493 1175 1883 1245; x_wconf 77' lang='lat' dir='ltr'>promulgantes</span> <span class='ocrx_word' id='word_1_89' title='bbox 1912 1175 2240 1242; x_wconf 77' lang='lat' dir='ltr'>sententiam,</span> <span class='ocrx_word' id='word_1_90' title='bbox 2281 1174 2463 1227; x_wconf 84' lang='lat' dir='ltr'>existi-</span> 
     </span>
     <span class='ocr_line' id='line_1_12' title="bbox 525 1270 2461 1338; baseline 0 -15"><span class='ocrx_word' id='word_1_91' title='bbox 525 1271 806 1338; x_wconf 78' lang='lat' dir='ltr'>mavimUS,</span> <span class='ocrx_word' id='word_1_92' title='bbox 855 1275 914 1323; x_wconf 91' lang='lat' dir='ltr'>ut</span> <span class='ocrx_word' id='word_1_93' title='bbox 960 1271 1134 1324; x_wconf 89' lang='lat' dir='ltr'>saltim</span> <span class='ocrx_word' id='word_1_94' title='bbox 1182 1275 1380 1325; x_wconf 89' lang='lat' dir='ltr'>terrore</span> <span class='ocrx_word' id='word_1_95' title='bbox 1429 1275 1606 1325; x_wconf 81' lang='lat' dir='ltr'>tantae</span> <span class='ocrx_word' id='word_1_96' title='bbox 1646 1271 1967 1325; x_wconf 77' lang='lat' dir='ltr'>auctoritatis</span> <span class='ocrx_word' id='word_1_97' title='bbox 2010 1271 2075 1323; x_wconf 86' lang='lat' dir='ltr'>ad</span> <span class='ocrx_word' id='word_1_98' title='bbox 2112 1270 2461 1324; x_wconf 82' lang='lat' dir='ltr'>humilitatem</span> 
     </span>
     <span class='ocr_line' id='line_1_13' title="bbox 523 1363 2462 1436; baseline 0.001 -18"><span class='ocrx_word' id='word_1_99' title='bbox 523 1369 958 1419; x_wconf 82' lang='lat' dir='ltr'>converterentur.</span> <span class='ocrx_word' id='word_1_100' title='bbox 1023 1365 1124 1418; x_wconf 88' lang='lat' dir='ltr'>Sed</span> <span class='ocrx_word' id='word_1_101' title='bbox 1163 1366 1281 1435; x_wconf 75' lang='lat' dir='ltr'>ipsi,</span> <span class='ocrx_word' id='word_1_102' title='bbox 1323 1367 1432 1420; x_wconf 88' lang='lat' dir='ltr'>dati</span> <span class='ocrx_word' id='word_1_103' title='bbox 1469 1367 1525 1419; x_wconf 90' lang='lat' dir='ltr'>in</span> <span class='ocrx_word' id='word_1_104' title='bbox 1564 1366 1844 1436; x_wconf 89' lang='lat' dir='ltr'>reprobum</span> <span class='ocrx_word' id='word_1_105' title='bbox 1884 1363 2120 1420; x_wconf 85' lang='lat' dir='ltr'>sensum3</span> <span class='ocrx_word' id='word_1_106' title='bbox 2148 1371 2199 1420; x_wconf 90' lang='lat' dir='ltr'>et</span> <span class='ocrx_word' id='word_1_107' title='bbox 2238 1366 2462 1420; x_wconf 87' lang='lat' dir='ltr'>demersi</span> 
     </span>
     <span class='ocr_line' id='line_1_14' title="bbox 521 1460 2462 1530; baseline 0.002 -18"><span class='ocrx_word' id='word_1_108' title='bbox 521 1461 574 1512; x_wconf 92' lang='lat' dir='ltr'>in</span> <span class='ocrx_word' id='word_1_109' title='bbox 614 1460 898 1513; x_wconf 90' lang='lat' dir='ltr'>diabolicae</span> <span class='ocrx_word' id='word_1_110' title='bbox 937 1462 1198 1514; x_wconf 86' lang='lat' dir='ltr'>caecitatis</span> <span class='ocrx_word' id='word_1_111' title='bbox 1238 1464 1487 1530; x_wconf 70' lang='lat' dir='ltr'>puteum‚&#39;</span> <span class='ocrx_word' id='word_1_112' title='bbox 1511 1479 1541 1515; x_wconf 89' lang='lat' dir='ltr'>a</span> <span class='ocrx_word' id='word_1_113' title='bbox 1578 1463 1939 1515; x_wconf 89' lang='lat' dir='ltr'>communione</span> <span class='ocrx_word' id='word_1_114' title='bbox 1979 1466 2188 1515; x_wconf 89' lang='lat' dir='ltr'>sanctae</span> <span class='ocrx_word' id='word_1_115' title='bbox 2216 1462 2462 1516; x_wconf 87' lang='lat' dir='ltr'>ecclesiae</span> 
     </span>
     <span class='ocr_line' id='line_1_15' title="bbox 522 1555 2460 1628; baseline 0.002 -21"><span class='ocrx_word' id='word_1_116' title='bbox 522 1555 749 1624; x_wconf 90' lang='lat' dir='ltr'>separati</span> <span class='ocrx_word' id='word_1_117' title='bbox 789 1560 839 1608; x_wconf 89' lang='lat' dir='ltr'>et</span> <span class='ocrx_word' id='word_1_118' title='bbox 869 1557 1305 1608; x_wconf 84' lang='lat' dir='ltr'>excommunicati</span> <span class='ocrx_word' id='word_1_119' title='bbox 1335 1561 1676 1610; x_wconf 88' lang='lat' dir='ltr'>recesserunt.</span> <span class='ocrx_word' id='word_1_120' title='bbox 1737 1557 1884 1611; x_wconf 89' lang='lat' dir='ltr'>Unde</span> <span class='ocrx_word' id='word_1_121' title='bbox 1923 1575 2034 1626; x_wconf 79' lang='lat' dir='ltr'>nos,</span> <span class='ocrx_word' id='word_1_122' title='bbox 2074 1559 2460 1628; x_wconf 88' lang='lat' dir='ltr'>praedictorum</span> 
     </span>
     <span class='ocr_line' id='line_1_16' title="bbox 521 1649 2460 1719; baseline 0.002 -15"><span class='ocrx_word' id='word_1_123' title='bbox 521 1654 819 1704; x_wconf 90' lang='lat' dir='ltr'>sanctorum</span> <span class='ocrx_word' id='word_1_124' title='bbox 866 1654 1063 1702; x_wconf 88' lang='lat' dir='ltr'>statuta</span> <span class='ocrx_word' id='word_1_125' title='bbox 1107 1649 1403 1719; x_wconf 80' lang='lat' dir='ltr'>firmanteS‚</span> <span class='ocrx_word' id='word_1_126' title='bbox 1456 1669 1521 1704; x_wconf 84' lang='lat' dir='ltr'>ex</span> <span class='ocrx_word' id='word_1_127' title='bbox 1562 1654 1869 1705; x_wconf 82' lang='lat' dir='ltr'>auctoritate</span> <span class='ocrx_word' id='word_1_128' title='bbox 1909 1653 2049 1706; x_wconf 88' lang='lat' dir='ltr'>beati</span> <span class='ocrx_word' id='word_1_129' title='bbox 2086 1652 2230 1706; x_wconf 89' lang='lat' dir='ltr'>Petri</span> <span class='ocrx_word' id='word_1_130' title='bbox 2270 1671 2356 1707; x_wconf 86' lang='lat' dir='ltr'>eos</span> <span class='ocrx_word' id='word_1_131' title='bbox 2396 1653 2460 1706; x_wconf 93' lang='lat' dir='ltr'>ab</span> 
     </span>
     <span class='ocr_line' id='line_1_17' title="bbox 522 1745 2459 1818; baseline 0.002 -19"><span class='ocrx_word' id='word_1_132' title='bbox 522 1745 787 1799; x_wconf 89' lang='lat' dir='ltr'>ordinibus</span> <span class='ocrx_word' id='word_1_133' title='bbox 836 1749 887 1798; x_wconf 90' lang='lat' dir='ltr'>et</span> <span class='ocrx_word' id='word_1_134' title='bbox 934 1745 1245 1815; x_wconf 89' lang='lat' dir='ltr'>praebendis</span> <span class='ocrx_word' id='word_1_135' title='bbox 1299 1747 1544 1800; x_wconf 81' lang='lat' dir='ltr'>ecclesiae</span> <span class='ocrx_word' id='word_1_136' title='bbox 1594 1748 1759 1800; x_wconf 86' lang='lat' dir='ltr'>sancti</span> <span class='ocrx_word' id='word_1_137' title='bbox 1797 1746 2010 1800; x_wconf 87' lang='lat' dir='ltr'>Martini</span> <span class='ocrx_word' id='word_1_138' title='bbox 2059 1749 2113 1800; x_wconf 91' lang='lat' dir='ltr'>in</span> <span class='ocrx_word' id='word_1_139' title='bbox 2150 1753 2459 1818; x_wconf 85' lang='lat' dir='ltr'>perpetuum</span> 
     </span>
     <span class='ocr_line' id='line_1_18' title="bbox 521 1824 2461 1913; baseline 0.001 -18"><span class='ocrx_word' id='word_1_140' title='bbox 521 1842 910 1906; x_wconf 84' lang='lat' dir='ltr'>submovemus3</span> <span class='ocrx_word' id='word_1_141' title='bbox 953 1845 1004 1893; x_wconf 88' lang='lat' dir='ltr'>et</span> <span class='ocrx_word' id='word_1_142' title='bbox 1042 1841 1365 1895; x_wconf 84' lang='lat' dir='ltr'>decernimus</span> <span class='ocrx_word' id='word_1_143' title='bbox 1405 1843 1495 1910; x_wconf 74' lang='lat' dir='ltr'>ita,</span> <span class='ocrx_word' id='word_1_144' title='bbox 1535 1847 1594 1895; x_wconf 92' lang='lat' dir='ltr'>ut</span> <span class='ocrx_word' id='word_1_145' title='bbox 1631 1842 1834 1895; x_wconf 88' lang='lat' dir='ltr'>nullum</span> <span class='ocrx_word' id='word_1_146' title='bbox 1873 1843 2117 1913; x_wconf 78' lang='lat' dir='ltr'>deinceps</span> <span class='ocrx_word' id='word_1_147' title='bbox 2143 1824 2281 1896; x_wconf 87' lang='lat' dir='ltr'>inter</span> <span class='ocrx_word' id='word_1_148' title='bbox 2307 1860 2461 1896; x_wconf 88' lang='lat' dir='ltr'>cano-</span> 
     </span>
     <span class='ocr_line' id='line_1_19' title="bbox 519 1935 2462 2008; baseline 0.001 -18"><span class='ocrx_word' id='word_1_149' title='bbox 519 1938 661 1990; x_wconf 91' lang='lat' dir='ltr'>nicos</span> <span class='ocrx_word' id='word_1_150' title='bbox 701 1937 932 1990; x_wconf 89' lang='lat' dir='ltr'>eiusdem</span> <span class='ocrx_word' id='word_1_151' title='bbox 972 1935 1219 1990; x_wconf 89' lang='lat' dir='ltr'>ecclesiae</span> <span class='ocrx_word' id='word_1_152' title='bbox 1257 1937 1428 1990; x_wconf 91' lang='lat' dir='ltr'>locum</span> <span class='ocrx_word' id='word_1_153' title='bbox 1457 1942 1670 1991; x_wconf 87' lang='lat' dir='ltr'>teneant</span> <span class='ocrx_word' id='word_1_154' title='bbox 1696 1943 1785 1991; x_wconf 91' lang='lat' dir='ltr'>aut</span> <span class='ocrx_word' id='word_1_155' title='bbox 1809 1938 2224 2008; x_wconf 86' lang='lat' dir='ltr'>praebendarum</span> <span class='ocrx_word' id='word_1_156' title='bbox 2253 1938 2462 2008; x_wconf 89' lang='lat' dir='ltr'>aliquod</span> 
     </span>
     <span class='ocr_line' id='line_1_20' title="bbox 519 2033 2461 2103; baseline 0.001 -16"><span class='ocrx_word' id='word_1_157' title='bbox 519 2033 760 2087; x_wconf 90' lang='lat' dir='ltr'>solatium</span> <span class='ocrx_word' id='word_1_158' title='bbox 801 2049 891 2085; x_wconf 91' lang='lat' dir='ltr'>seu</span> <span class='ocrx_word' id='word_1_159' title='bbox 931 2049 1077 2102; x_wconf 91' lang='lat' dir='ltr'>spem</span> <span class='ocrx_word' id='word_1_160' title='bbox 1104 2033 1159 2085; x_wconf 90' lang='lat' dir='ltr'>in</span> <span class='ocrx_word' id='word_1_161' title='bbox 1185 2039 1454 2102; x_wconf 90' lang='lat' dir='ltr'>posterum</span> <span class='ocrx_word' id='word_1_162' title='bbox 1479 2034 1717 2088; x_wconf 88' lang='lat' dir='ltr'>habeant.</span> <span class='ocrx_word' id='word_1_163' title='bbox 1770 2034 1876 2087; x_wconf 90' lang='lat' dir='ltr'>Vos</span> <span class='ocrx_word' id='word_1_164' title='bbox 1903 2035 2094 2103; x_wconf 72' lang='lat' dir='ltr'>itaque,</span> <span class='ocrx_word' id='word_1_165' title='bbox 2136 2034 2461 2089; x_wconf 80' lang='lat' dir='ltr'>dilectissimi</span> 
     </span>
     <span class='ocr_line' id='line_1_21' title="bbox 518 2128 2462 2199; baseline 0.001 -17"><span class='ocrx_word' id='word_1_166' title='bbox 518 2128 636 2198; x_wconf 77' lang='lat' dir='ltr'>filii,</span> <span class='ocrx_word' id='word_1_167' title='bbox 686 2129 1022 2182; x_wconf 90' lang='lat' dir='ltr'>admonemus</span> <span class='ocrx_word' id='word_1_168' title='bbox 1071 2128 1231 2181; x_wconf 91' lang='lat' dir='ltr'>immo</span> <span class='ocrx_word' id='word_1_169' title='bbox 1280 2130 1566 2199; x_wconf 88' lang='lat' dir='ltr'>apostolica</span> <span class='ocrx_word' id='word_1_170' title='bbox 1615 2131 1922 2183; x_wconf 89' lang='lat' dir='ltr'>auctoritate</span> <span class='ocrx_word' id='word_1_171' title='bbox 1966 2130 2352 2184; x_wconf 86' lang='lat' dir='ltr'>interdicimus:</span> <span class='ocrx_word' id='word_1_172' title='bbox 2402 2135 2462 2184; x_wconf 91' lang='lat' dir='ltr'>ut</span> 
     </span>
     <span class='ocr_line' id='line_1_22' title="bbox 521 2224 2458 2296; baseline 0.001 -18"><span class='ocrx_word' id='word_1_173' title='bbox 521 2225 788 2278; x_wconf 90' lang='lat' dir='ltr'>scelerosis</span> <span class='ocrx_word' id='word_1_174' title='bbox 835 2224 1191 2278; x_wconf 86' lang='lat' dir='ltr'>contumaciae</span> <span class='ocrx_word' id='word_1_175' title='bbox 1244 2225 1443 2278; x_wconf 90' lang='lat' dir='ltr'>actibus</span> <span class='ocrx_word' id='word_1_176' title='bbox 1493 2243 1672 2279; x_wconf 90' lang='lat' dir='ltr'>eorum</span> <span class='ocrx_word' id='word_1_177' title='bbox 1719 2243 1822 2278; x_wconf 92' lang='lat' dir='ltr'>non</span> <span class='ocrx_word' id='word_1_178' title='bbox 1864 2227 2253 2279; x_wconf 88' lang='lat' dir='ltr'>communicetis</span> <span class='ocrx_word' id='word_1_179' title='bbox 2292 2243 2458 2296; x_wconf 90' lang='lat' dir='ltr'>neque</span> 
     </span>
     <span class='ocr_line' id='line_1_23' title="bbox 521 2319 2461 2393; baseline 0.001 -18"><span class='ocrx_word' id='word_1_180' title='bbox 521 2321 792 2375; x_wconf 90' lang='lat' dir='ltr'>consilium</span> <span class='ocrx_word' id='word_1_181' title='bbox 832 2324 922 2373; x_wconf 86' lang='lat' dir='ltr'>aut</span> <span class='ocrx_word' id='word_1_182' title='bbox 961 2319 1214 2372; x_wconf 81' lang='lat' dir='ltr'>auxilium</span> <span class='ocrx_word' id='word_1_183' title='bbox 1253 2324 1435 2373; x_wconf 86' lang='lat' dir='ltr'>contra</span> <span class='ocrx_word' id='word_1_184' title='bbox 1471 2321 1643 2374; x_wconf 91' lang='lat' dir='ltr'>Deum</span> <span class='ocrx_word' id='word_1_185' title='bbox 1689 2322 2032 2390; x_wconf 84' lang='lat' dir='ltr'>impendatis3</span> <span class='ocrx_word' id='word_1_186' title='bbox 2087 2322 2205 2390; x_wconf 77' lang='lat' dir='ltr'>sed,</span> <span class='ocrx_word' id='word_1_187' title='bbox 2255 2326 2314 2375; x_wconf 93' lang='lat' dir='ltr'>ut</span> <span class='ocrx_word' id='word_1_188' title='bbox 2355 2323 2461 2393; x_wconf 88' lang='lat' dir='ltr'>ipsi</span> 
     </span>
     <span class='ocr_line' id='line_1_24' title="bbox 521 2415 2460 2487; baseline 0.001 -17"><span class='ocrx_word' id='word_1_189' title='bbox 521 2416 656 2470; x_wconf 90' lang='lat' dir='ltr'>illesi</span> <span class='ocrx_word' id='word_1_190' title='bbox 701 2420 753 2470; x_wconf 88' lang='lat' dir='ltr'>et</span> <span class='ocrx_word' id='word_1_191' title='bbox 794 2416 1052 2468; x_wconf 89' lang='lat' dir='ltr'>immunes</span> <span class='ocrx_word' id='word_1_192' title='bbox 1093 2432 1124 2467; x_wconf 91' lang='lat' dir='ltr'>a</span> <span class='ocrx_word' id='word_1_193' title='bbox 1162 2415 1494 2470; x_wconf 89' lang='lat' dir='ltr'>damnatione</span> <span class='ocrx_word' id='word_1_194' title='bbox 1534 2433 1711 2469; x_wconf 91' lang='lat' dir='ltr'>eorum</span> <span class='ocrx_word' id='word_1_195' title='bbox 1751 2417 2124 2486; x_wconf 57' lang='lat' dir='ltr'>permaneam,</span> <span class='ocrx_word' id='word_1_196' title='bbox 2174 2418 2353 2487; x_wconf 91' lang='lat' dir='ltr'>illique</span> <span class='ocrx_word' id='word_1_197' title='bbox 2393 2419 2460 2472; x_wconf 90' lang='lat' dir='ltr'>ad</span> 
     </span>
     <span class='ocr_line' id='line_1_25' title="bbox 521 2511 2460 2582; baseline 0.002 -17"><span class='ocrx_word' id='word_1_198' title='bbox 521 2511 864 2582; x_wconf 90' lang='lat' dir='ltr'>penitentiam</span> <span class='ocrx_word' id='word_1_199' title='bbox 911 2511 1316 2579; x_wconf 77' lang='lat' dir='ltr'>confundantur,</span> <span class='ocrx_word' id='word_1_200' title='bbox 1366 2512 1504 2564; x_wconf 86' lang='lat' dir='ltr'>infra</span> <span class='ocrx_word' id='word_1_201' title='bbox 1552 2512 1804 2565; x_wconf 91' lang='lat' dir='ltr'>ambitum</span> <span class='ocrx_word' id='word_1_202' title='bbox 1853 2513 2079 2565; x_wconf 84' lang='lat' dir='ltr'>civitatis</span> <span class='ocrx_word' id='word_1_203' title='bbox 2127 2518 2331 2567; x_wconf 88' lang='lat' dir='ltr'>vestrae</span> <span class='ocrx_word' id='word_1_204' title='bbox 2371 2531 2460 2568; x_wconf 88' lang='lat' dir='ltr'>eos</span> 
     </span>
     <span class='ocr_line' id='line_1_26' title="bbox 522 2607 2459 2680; baseline 0.002 -20"><span class='ocrx_word' id='word_1_205' title='bbox 522 2607 820 2661; x_wconf 88' lang='lat' dir='ltr'>cohabitare</span> <span class='ocrx_word' id='word_1_206' title='bbox 855 2622 961 2659; x_wconf 89' lang='lat' dir='ltr'>non</span> <span class='ocrx_word' id='word_1_207' title='bbox 998 2607 1338 2676; x_wconf 86' lang='lat' dir='ltr'>permittatis3</span> <span class='ocrx_word' id='word_1_208' title='bbox 1392 2612 1470 2675; x_wconf 78' lang='lat' dir='ltr'>et,</span> <span class='ocrx_word' id='word_1_209' title='bbox 1518 2611 1577 2660; x_wconf 94' lang='lat' dir='ltr'>ut</span> <span class='ocrx_word' id='word_1_210' title='bbox 1622 2611 1733 2660; x_wconf 87' lang='lat' dir='ltr'>tota</span> <span class='ocrx_word' id='word_1_211' title='bbox 1771 2609 2040 2677; x_wconf 89' lang='lat' dir='ltr'>provincia</span> <span class='ocrx_word' id='word_1_212' title='bbox 2087 2626 2266 2663; x_wconf 90' lang='lat' dir='ltr'>eorum</span> <span class='ocrx_word' id='word_1_213' title='bbox 2306 2626 2459 2680; x_wconf 87' lang='lat' dir='ltr'>prae-</span> 
     </span>
     <span class='ocr_line' id='line_1_27' title="bbox 523 2702 2458 2773; baseline 0.002 -17"><span class='ocrx_word' id='word_1_214' title='bbox 523 2704 692 2757; x_wconf 88' lang='lat' dir='ltr'>sentia</span> <span class='ocrx_word' id='word_1_215' title='bbox 729 2707 780 2756; x_wconf 90' lang='lat' dir='ltr'>et</span> <span class='ocrx_word' id='word_1_216' title='bbox 817 2702 1120 2769; x_wconf 87' lang='lat' dir='ltr'>contagione</span> <span class='ocrx_word' id='word_1_217' title='bbox 1147 2703 1442 2771; x_wconf 79' lang='lat' dir='ltr'>mundetur,</span> <span class='ocrx_word' id='word_1_218' title='bbox 1484 2720 1695 2773; x_wconf 88' lang='lat' dir='ltr'>operam</span> <span class='ocrx_word' id='word_1_219' title='bbox 1722 2703 1870 2757; x_wconf 81' lang='lat' dir='ltr'>detis,</span> <span class='ocrx_word' id='word_1_220' title='bbox 1932 2703 2080 2767; x_wconf 84' lang='lat' dir='ltr'>Quod</span> <span class='ocrx_word' id='word_1_221' title='bbox 2105 2706 2206 2758; x_wconf 88' lang='lat' dir='ltr'>nisi</span> <span class='ocrx_word' id='word_1_222' title='bbox 2231 2706 2458 2760; x_wconf 87' lang='lat' dir='ltr'>feceritis</span> 
     </span>
     <span class='ocr_line' id='line_1_28' title="bbox 524 2797 2458 2866; baseline 0.002 -13"><span class='ocrx_word' id='word_1_223' title='bbox 524 2803 576 2853; x_wconf 88' lang='lat' dir='ltr'>et</span> <span class='ocrx_word' id='word_1_224' title='bbox 621 2815 708 2852; x_wconf 91' lang='lat' dir='ltr'>eos</span> <span class='ocrx_word' id='word_1_225' title='bbox 754 2797 921 2866; x_wconf 85' lang='lat' dir='ltr'>magis</span> <span class='ocrx_word' id='word_1_226' title='bbox 970 2813 1125 2866; x_wconf 89' lang='lat' dir='ltr'>quam</span> <span class='ocrx_word' id='word_1_227' title='bbox 1174 2799 1427 2852; x_wconf 89' lang='lat' dir='ltr'>iustitiam</span> <span class='ocrx_word' id='word_1_228' title='bbox 1476 2803 1528 2852; x_wconf 89' lang='lat' dir='ltr'>et</span> <span class='ocrx_word' id='word_1_229' title='bbox 1575 2798 1794 2853; x_wconf 88' lang='lat' dir='ltr'>salutem</span> <span class='ocrx_word' id='word_1_230' title='bbox 1835 2801 2127 2854; x_wconf 87' lang='lat' dir='ltr'>animarum</span> <span class='ocrx_word' id='word_1_231' title='bbox 2164 2806 2458 2856; x_wconf 83' lang='lat' dir='ltr'>vestrarum</span> 
     </span>
     <span class='ocr_line' id='line_1_29' title="bbox 524 2893 2457 2967; baseline 0.002 -20"><span class='ocrx_word' id='word_1_232' title='bbox 524 2894 838 2961; x_wconf 56' lang='lat' dir='ltr'>dilexerim,</span> <span class='ocrx_word' id='word_1_233' title='bbox 894 2893 1054 2946; x_wconf 89' lang='lat' dir='ltr'>totius</span> <span class='ocrx_word' id='word_1_234' title='bbox 1105 2895 1653 2948; x_wconf 86' lang='lat' dir='ltr'>excommunicationis</span> <span class='ocrx_word' id='word_1_235' title='bbox 1702 2912 1880 2948; x_wconf 91' lang='lat' dir='ltr'>eorum</span> <span class='ocrx_word' id='word_1_236' title='bbox 1927 2896 1981 2948; x_wconf 90' lang='lat' dir='ltr'>in</span> <span class='ocrx_word' id='word_1_237' title='bbox 2028 2913 2120 2950; x_wconf 88' lang='lat' dir='ltr'>vos</span> <span class='ocrx_word' id='word_1_238' title='bbox 2169 2898 2457 2967; x_wconf 86' lang='lat' dir='ltr'>periculum</span> 
     </span>
     <span class='ocr_line' id='line_1_30' title="bbox 521 2989 2456 3065; baseline 0 -21"><span class='ocrx_word' id='word_1_239' title='bbox 521 2991 777 3044; x_wconf 89' lang='lat' dir='ltr'>inducetis</span> <span class='ocrx_word' id='word_1_240' title='bbox 816 2996 867 3044; x_wconf 89' lang='lat' dir='ltr'>et</span> <span class='ocrx_word' id='word_1_241' title='bbox 902 2990 1036 3043; x_wconf 91' lang='lat' dir='ltr'>iram</span> <span class='ocrx_word' id='word_1_242' title='bbox 1076 2989 1176 3042; x_wconf 90' lang='lat' dir='ltr'>Dei</span> <span class='ocrx_word' id='word_1_243' title='bbox 1213 2990 1269 3065; x_wconf 82' lang='lat' dir='ltr'>in</span> <span class='ocrx_word' id='word_1_244' title='bbox 1308 2993 1569 3060; x_wconf 87' lang='lat' dir='ltr'>praesenti</span> <span class='ocrx_word' id='word_1_245' title='bbox 1609 2996 1660 3044; x_wconf 92' lang='lat' dir='ltr'>et</span> <span class='ocrx_word' id='word_1_246' title='bbox 1697 2992 1751 3044; x_wconf 91' lang='lat' dir='ltr'>in</span> <span class='ocrx_word' id='word_1_247' title='bbox 1789 2992 1966 3045; x_wconf 87' lang='lat' dir='ltr'>futura</span> <span class='ocrx_word' id='word_1_248' title='bbox 2003 2993 2112 3045; x_wconf 86' lang='lat' dir='ltr'>vita</span> <span class='ocrx_word' id='word_1_249' title='bbox 2150 2993 2261 3045; x_wconf 88' lang='lat' dir='ltr'>sine</span> <span class='ocrx_word' id='word_1_250' title='bbox 2301 2993 2456 3061; x_wconf 88' lang='lat' dir='ltr'>dubio</span> 
     </span>
     <span class='ocr_line' id='line_1_31' title="bbox 523 3086 2458 3158; baseline 0 -18"><span class='ocrx_word' id='word_1_251' title='bbox 523 3087 771 3141; x_wconf 80' lang='lat' dir='ltr'>sentietis,</span> <span class='ocrx_word' id='word_1_252' title='bbox 829 3086 935 3140; x_wconf 89' lang='lat' dir='ltr'>Eos</span> <span class='ocrx_word' id='word_1_253' title='bbox 973 3103 1113 3154; x_wconf 80' lang='lat' dir='ltr'>vem,</span> <span class='ocrx_word' id='word_1_254' title='bbox 1155 3086 1243 3154; x_wconf 90' lang='lat' dir='ltr'>qui</span> <span class='ocrx_word' id='word_1_255' title='bbox 1281 3087 1401 3155; x_wconf 76' lang='lat' dir='ltr'>illis,</span> <span class='ocrx_word' id='word_1_256' title='bbox 1441 3105 1507 3140; x_wconf 90' lang='lat' dir='ltr'>ne</span> <span class='ocrx_word' id='word_1_257' title='bbox 1544 3088 1599 3140; x_wconf 92' lang='lat' dir='ltr'>in</span> <span class='ocrx_word' id='word_1_258' title='bbox 1638 3088 1881 3158; x_wconf 88' lang='lat' dir='ltr'>superbia</span> <span class='ocrx_word' id='word_1_259' title='bbox 1920 3105 2015 3141; x_wconf 92' lang='lat' dir='ltr'>sua</span> <span class='ocrx_word' id='word_1_260' title='bbox 2039 3091 2380 3157; x_wconf 88' lang='lat' dir='ltr'>permaneant</span> <span class='ocrx_word' id='word_1_261' title='bbox 2407 3091 2458 3141; x_wconf 88' lang='lat' dir='ltr'>et</span> 
     </span>
     <span class='ocr_line' id='line_1_32' title="bbox 521 3182 2456 3251; baseline 0.001 -15"><span class='ocrx_word' id='word_1_262' title='bbox 521 3183 916 3251; x_wconf 79' lang='lat' dir='ltr'>confundantur,</span> <span class='ocrx_word' id='word_1_263' title='bbox 955 3182 1258 3251; x_wconf 79' lang='lat' dir='ltr'>restiterint,</span> <span class='ocrx_word' id='word_1_264' title='bbox 1299 3183 1467 3250; x_wconf 87' lang='lat' dir='ltr'>gratia</span> <span class='ocrx_word' id='word_1_265' title='bbox 1505 3184 1642 3237; x_wconf 88' lang='lat' dir='ltr'>beati</span> <span class='ocrx_word' id='word_1_266' title='bbox 1668 3183 1809 3237; x_wconf 89' lang='lat' dir='ltr'>Petri</span> <span class='ocrx_word' id='word_1_267' title='bbox 1847 3183 2253 3237; x_wconf 88' lang='lat' dir='ltr'>remunerandos</span> <span class='ocrx_word' id='word_1_268' title='bbox 2281 3199 2456 3237; x_wconf 86' lang='lat' dir='ltr'>cense-</span> 
     </span>
     <span class='ocr_line' id='line_1_33' title="bbox 521 3279 2452 3349; baseline 0.001 -18"><span class='ocrx_word' id='word_1_269' title='bbox 521 3296 636 3332; x_wconf 89' lang='lat' dir='ltr'>mus</span> <span class='ocrx_word' id='word_1_270' title='bbox 665 3283 715 3333; x_wconf 87' lang='lat' dir='ltr'>et</span> <span class='ocrx_word' id='word_1_271' title='bbox 739 3280 1109 3349; x_wconf 79' lang='lat' dir='ltr'>promittimus,</span> <span class='ocrx_word' id='word_1_272' title='bbox 1161 3279 1298 3333; x_wconf 91' lang='lat' dir='ltr'>Data</span> <span class='ocrx_word' id='word_1_273' title='bbox 1324 3279 1517 3333; x_wconf 87' lang='lat' dir='ltr'>Romae</span> <span class='ocrx_word' id='word_1_274' title='bbox 1543 3280 1790 3333; x_wconf 87' lang='lat' dir='ltr'>Kalendis</span> <span class='ocrx_word' id='word_1_275' title='bbox 1818 3279 2073 3347; x_wconf 79' lang='lat' dir='ltr'>OctobriS‚</span> <span class='ocrx_word' id='word_1_276' title='bbox 2099 3279 2382 3333; x_wconf 87' lang='lat' dir='ltr'>indictione</span> <span class='ocrx_word' id='word_1_277' title='bbox 2403 3281 2452 3332; x_wconf 87' lang='lat'>3.</span> 
     </span>
    </p>
   </div>
   <div class='ocr_carea' id='block_1_5' title="bbox 521 3391 2455 3665">
    <p class='ocr_par' dir='ltr' id='par_1_5' title="bbox 642 3391 941 3427">
     <span class='ocr_line' id='line_1_34' title="bbox 642 3391 941 3427; baseline 0.003 -1"><span class='ocrx_word' id='word_1_278' title='bbox 642 3401 674 3426; x_wconf 89' lang='lat' dir='ltr'>a.</span> <span class='ocrx_word' id='word_1_279' title='bbox 711 3401 755 3426; x_wconf 89' lang='lat' dir='ltr'>eo</span> <span class='ocrx_word' id='word_1_280' title='bbox 784 3402 829 3427; x_wconf 87' lang='lat' dir='ltr'>ue</span> <span class='ocrx_word' id='word_1_281' title='bbox 857 3391 941 3427; x_wconf 82' lang='lat' dir='ltr'>cod.</span> 
     </span>
    </p>

    <p class='ocr_par' dir='ltr' id='par_1_6' title="bbox 521 3401 2455 3665">
     <span class='ocr_line' id='line_1_35' title="bbox 640 3401 2455 3518; baseline 0 -14"><span class='ocrx_word' id='word_1_282' title='bbox 640 3462 680 3504; x_wconf 92' lang='lat'>1.</span> <span class='ocrx_word' id='word_1_283' title='bbox 716 3401 999 3518; x_wconf 57' lang='lat' dir='ltr'>„gtatuimus</span> <span class='ocrx_word' id='word_1_284' title='bbox 1030 3484 1085 3492; x_wconf 93' lang='grc'>-</span> <span class='ocrx_word' id='word_1_285' title='bbox 1116 3459 1410 3517; x_wconf 56' lang='lat' dir='ltr'>permane-aff</span> <span class='ocrx_word' id='word_1_286' title='bbox 1443 3473 1500 3504; x_wconf 84' lang='lat' dir='ltr'>ex</span> <span class='ocrx_word' id='word_1_287' title='bbox 1530 3461 1718 3505; x_wconf 83' lang='lat' dir='ltr'>Fabiani</span> <span class='ocrx_word' id='word_1_288' title='bbox 1748 3462 1939 3518; x_wconf 75' lang='lat' dir='ltr'>epistola</span> <span class='ocrx_word' id='word_1_289' title='bbox 1969 3460 2189 3518; x_wconf 82' lang='lat' dir='ltr'>secunda3</span> <span class='ocrx_word' id='word_1_290' title='bbox 2224 3475 2266 3504; x_wconf 90' lang='lat' dir='ltr'>v.</span> <span class='ocrx_word' id='word_1_291' title='bbox 2291 3461 2455 3504; x_wconf 86' lang='lat' dir='ltr'>Decre-</span> 
     </span>
     <span class='ocr_line' id='line_1_36' title="bbox 521 3533 2454 3592; baseline 0.001 -15"><span class='ocrx_word' id='word_1_292' title='bbox 521 3533 634 3577; x_wconf 87' lang='lat' dir='ltr'>tales</span> <span class='ocrx_word' id='word_1_293' title='bbox 653 3534 1124 3579; x_wconf 86' lang='lat' dir='ltr'>Pseudo-Isidorianas</span> <span class='ocrx_word' id='word_1_294' title='bbox 1155 3534 1225 3578; x_wconf 89' lang='lat' dir='ltr'>ed.</span> <span class='ocrx_word' id='word_1_295' title='bbox 1247 3534 1489 3578; x_wconf 88' lang='lat' dir='ltr'>Hinschius</span> <span class='ocrx_word' id='word_1_296' title='bbox 1518 3549 1562 3590; x_wconf 87' lang='lat' dir='ltr'>p.</span> <span class='ocrx_word' id='word_1_297' title='bbox 1587 3536 1686 3578; x_wconf 81' lang='lat'>165.</span> <span class='ocrx_word' id='word_1_298' title='bbox 1807 3537 1847 3578; x_wconf 80' lang='lat'>2.</span> <span class='ocrx_word' id='word_1_299' title='bbox 1880 3535 1901 3578; x_wconf 96' lang='lat' dir='ltr'>I</span> <span class='ocrx_word' id='word_1_300' title='bbox 1932 3535 1978 3578; x_wconf 89' lang='lat' dir='ltr'>in</span> <span class='ocrx_word' id='word_1_301' title='bbox 2008 3535 2201 3591; x_wconf 90' lang='lat' dir='ltr'>epistola</span> <span class='ocrx_word' id='word_1_302' title='bbox 2230 3533 2454 3592; x_wconf 81' lang='lat' dir='ltr'>secunda3</span> 
     </span>
     <span class='ocr_line' id='line_1_37' title="bbox 521 3606 2070 3665; baseline 0.001 -15"><span class='ocrx_word' id='word_1_303' title='bbox 521 3606 780 3651; x_wconf 87' lang='lat' dir='ltr'>Decretales</span> <span class='ocrx_word' id='word_1_304' title='bbox 810 3608 884 3652; x_wconf 82' lang='lat' dir='ltr'>Ps.</span> <span class='ocrx_word' id='word_1_305' title='bbox 905 3607 1011 3653; x_wconf 88' lang='lat' dir='ltr'>Isid.</span> <span class='ocrx_word' id='word_1_306' title='bbox 1035 3607 1105 3653; x_wconf 87' lang='lat' dir='ltr'>ed.</span> <span class='ocrx_word' id='word_1_307' title='bbox 1127 3607 1367 3652; x_wconf 88' lang='lat' dir='ltr'>Hinschius</span> <span class='ocrx_word' id='word_1_308' title='bbox 1397 3622 1440 3664; x_wconf 91' lang='lat' dir='ltr'>p.</span> <span class='ocrx_word' id='word_1_309' title='bbox 1465 3609 1563 3651; x_wconf 83' lang='grc'><strong>186.</strong></span> <span class='ocrx_word' id='word_1_310' title='bbox 1713 3609 1754 3652; x_wconf 87' lang='lat'>3.</span> <span class='ocrx_word' id='word_1_311' title='bbox 1787 3609 1914 3653; x_wconf 85' lang='lat' dir='ltr'>Rom.</span> <span class='ocrx_word' id='word_1_312' title='bbox 1939 3609 1978 3665; x_wconf 89' lang='lat'>1,</span> <span class='ocrx_word' id='word_1_313' title='bbox 2001 3609 2070 3652; x_wconf 80' lang='lat'>28.</span> 
     </span>
    </p>
   </div>
  </div>
 </body>
</html>
