2730 4198
836 286 1110 325 Gnnsonn
1146 289 1225 324 vn
1262 287 1526 325 REGISTRI
1562 288 1663 324 v111
1689 288 1751 324 21.
2152 274 2259 326 463

322 403 487 458 sancti
536 420 602 456 ex
639 403 1008 457 innumerabili
1047 420 1224 457 eorum
1264 404 1599 457 multitudine
1637 404 1994 474 reperiuntur3
2048 419 2165 456 cum
2203 404 2259 455 in

319 516 422 552 una
458 502 690 552 tantum*
731 498 1035 568 pontificum
1076 500 1307 552 seriatim
1349 499 1763 552 succedentiumb
1803 499 1949 566 sede,
1989 498 2257 552 videlicet⁰

317 593 576 661 Romana,
637 611 668 647 a
712 598 947 664 tempore
1005 595 1143 648 beati
1188 594 1332 648 Petri
1390 595 1612 664 apostoli
1657 595 1819 647 ferme
1867 599 2072 647 centum
2122 595 2259 648 inter

319 689 673 742 sanctissimos
731 694 1110 760 computentur.
1189 689 1294 742 Cur
1352 693 1526 742 autem
1575 690 1696 756 hoc,
1755 689 1890 742 nisidl
1941 690 2063 757 quia
2109 706 2257 757 reges

316 788 486 838 terrae
526 788 578 838 et
613 786 903 855 principes,
955 802 1088 838 vana
1125 785 1292 852 gloria
1328 785 1487 837 illecti
1500 793 1533 851 ⁰,
1583 785 1716 837 sicut
1763 784 2112 853 praelibatum
2161 789 2255 853 est,

316 896 448 948 quae
495 897 589 933 sua
636 886 758 934 sunt
804 880 1162 950 spiritualibus
1208 879 1387 933 rebus‘
1424 880 1753 949 praeferunt3
1805 879 2037 946 religiosi
2084 885 2258 934 autem

314 975 603 1045 pontificeS,
645 993 830 1029 vanam
870 976 1086 1043 gloriam
1129 973 1489 1044 despicienteS,
1531 991 1662 1042 quae
1688 973 1788 1026 Dei
1815 979 1937 1027 sunt
1963 976 2256 1029 carnalibus

313 1070 500 1124 rebusg
544 1075 886 1141 praeponunt.
965 1070 1046 1122 Illi
1094 1071 1151 1122 in
1201 1087 1255 1123 se
1303 1070 1659 1138 delinquentes
1709 1069 1862 1123 facile
1900 1071 2149 1139 puniunt,
2201 1072 2256 1124 in

314 1165 485 1220 Deum
523 1172 794 1237 peccantes
836 1182 998 1234 aequo
1039 1165 1211 1217 animo
1237 1165 1438 1230 ferunt3
1479 1165 1569 1217 isti
1594 1165 1650 1217 in
1678 1182 1732 1217 se
1758 1166 2092 1234 peccantibus
2121 1167 2255 1219 citoh

312 1261 602 1330 ignoscunt,
641 1262 807 1315 Deum
837 1260 1212 1313 offendentibus
1250 1277 1355 1313 non
1389 1261 1574 1313 leviter
1601 1265 1837 1330 parcunt.
1897 1261 1994 1329 Illi,
2034 1263 2255 1315 terrenis

313 1356 512 1410 actibus
550 1357 770 1409 nimium
809 1356 988 1424 dediti,
1029 1355 1324 1425 spiritualia
1361 1356 1511 1425 parvi
1549 1357 1807 1426 pendunt3
1856 1357 1971 1424 isti,
2012 1358 2257 1411 coelestia

311 1451 509 1504 sedulo¹
547 1452 873 1519 meditanteS,
915 1468 1046 1520 quae
1085 1455 1206 1504 sunt
1243 1455 1466 1519 terrena,
1506 1456 1861 1505 contemnunt.

455 1546 788 1600 Admonendi
836 1564 957 1614 ergo
1007 1551 1128 1600 sunt
1176 1564 1355 1600 omnes
1404 1547 1701 1615 christiani,
1752 1548 1840 1616 qui
1889 1565 2006 1602 cum
2046 1548 2253 1602 Christo

309 1658 528 1710 regnare
567 1643 808 1713 cupiunt:
859 1660 925 1696 ne
966 1643 1247 1696 ambitione
1287 1643 1567 1696 saecularis
1609 1644 1880 1712 potestatis
1919 1661 2137 1712 regnare
2177 1645 2252 1698 af—

307 1737 524 1804 fectent3
571 1739 663 1791 sed
700 1739 874 1808 potius
912 1755 1039 1808 prae
1079 1738 1240 1792 oculis
1279 1738 1530 1807 habeant,
1573 1739 1710 1807 quod
1749 1739 1929 1792 beatus
1971 1739 2252 1808 Gregorius

309 1849 448 1903 papa
474 1834 832 1887 sanctissimus
858 1835 914 1887 in
938 1834 1071 1887 libro
1098 1831 1379 1904 pastorali¹
1408 1834 1668 1903 admonet,
1710 1835 1913 1888 dicens:
1957 1837 2102 1889 Inter
2127 1838 2252 1890 haec

308 1932 485 2000 itaque
535 1932 663 2000 quid
708 1932 1020 2000 sequendum
1069 1941 1163 1995 est,
1216 1932 1346 2000 quid
1389 1934 1687 1997 tenendam,
1738 1934 1847 1984 nisi
1881 1943 1938 1984 ut
1974 1934 2249 1986 virtutibus

299 2026 507 2095 pollens
547 2037 750 2079 coactus
789 2028 860 2078 ad
897 2028 1123 2096 reyimen
1161 2029 1349 2091 veniat,
1391 2028 1665 2079 virtutibus
1702 2047 1896 2080 vacuus
1927 2047 2018 2080 nec
2046 2040 2250 2082 coactus

307 2122 530 2174 accedat.
591 2120 785 2184 Quodsi
824 2121 889 2174 ad
929 2121 1268 2191 apostolicam
1308 2121 1499 2189 sedem,
1538 2123 1593 2174 in
1633 2140 1736 2191 qua
1761 2123 1860 2175 rite
1889 2123 2116 2176 ordinati
2140 2141 2249 2178 me-

304 2215 419 2268 ritis
458 2215 596 2269 beati
635 2215 779 2268 Petri
818 2217 1040 2286 apostoli
1078 2217 1318 2270 meliores
1359 2216 1679 2285 efficiuntur,
1726 2218 1815 2286 qui
1853 2218 2022 2271 Deum
2061 2220 2250 2273 timent

305 2310 469 2363 coacti
509 2327 626 2364 cum
665 2327 854 2378 magno
892 2312 1080 2365 timore
1119 2313 1362 2380 veniunt3
1405 2313 1472 2366 ad
1496 2313 1645 2380 regni
1686 2312 1875 2365 solium
1910 2330 2027 2367 cum
2057 2295 2248 2383 quanto

303 2406 491 2460 timore
538 2423 598 2459 ac
644 2410 870 2460 tremore
918 2408 1265 2461 accedendum
1314 2415 1418 2462 est:
1467 2409 1523 2461 in
1563 2425 1663 2476 quo
1703 2408 1861 2462 etiam
1901 2409 2023 2462 boni
2062 2415 2115 2463 et
2152 2410 2247 2463 hu-

303 2501 452 2555 miles
493 2532 558 2538 -
603 2503 738 2556 sicut
773 2504 830 2556 in
858 2502 983 2556 Saul
1010 2507 1062 2557 et
1086 2503 1258 2557 David
1298 2505 1627 2572 cognoscitur
1667 2534 1735 2541 —
1777 2504 2059 2559 deteriores
2097 2504 2244 2559 fiunt.

303 2595 438 2649 Nam
485 2597 624 2666 quod
670 2598 733 2651 de
782 2599 1066 2669 apostolica
1110 2600 1231 2654 sede
1269 2600 1703 2670 praelibavimuS,
1752 2601 1808 2653 in
1847 2601 2068 2654 decretis
2106 2601 2246 2655 beati

305 2690 549 2761 Symachi
587 2691 785 2764 papae²
812 2725 881 2731 —
921 2694 1042 2748 licet
1078 2696 1434 2765 experimento
1473 2697 1697 2749 sciamus
1729 2726 1794 2733 ——
1823 2697 1897 2750 sic
1923 2697 2242 2750 continetur:

301 2788 401 2841 Ille
438 2788 637 2842 scilicet
673 2789 854 2843 beatus
880 2789 1108 2859 P(etrus)
1138 2812 1420 2862 perennem
1457 2795 1759 2865 meritorum
1788 2795 1956 2845 dotem
1982 2813 2098 2846 cum
2123 2795 2244 2846 hae-

300 2887 519 2938 reditate
555 2888 879 2939 innocentiae
915 2889 1057 2939 misit
1081 2889 1154 2940 ad
1181 2900 1421 2958 posteros
1431 2908 1449 2950 ,·
1489 2892 1541 2941 et
1570 2892 1690 2958 post
1713 2905 1906 2957 pauca:
1951 2889 2080 2955 Quis
2110 2893 2245 2942 enim

301 2993 534 3035 sanctum
563 3002 667 3035 esse
692 2984 902 3047 dubitet,
945 3001 1095 3052 quem
1121 3003 1256 3053 apex
1282 2995 1456 3037 tantae
1481 2986 1754 3054 diynz'tatis
1782 2986 1971 3037 attollit
1979 3005 1998 3047 ,·
2036 2988 2094 3037 in
2120 3004 2240 3055 quo,

300 3080 350 3130 si
385 3079 554 3131 desint
591 3080 726 3131 bona
756 3080 1023 3148 adquisita
1056 3097 1154 3148 per
1178 3082 1433 3144 meritum,
1476 3080 1759 3148 sufficiunt,
1802 3099 1935 3150 quae
1964 3101 1998 3132 a
2025 3081 2128 3132 loci
2152 3082 2240 3133 de-

301 3192 495 3226 cessore
530 3185 882 3245 praestantur.
941 3174 1053 3227 Aut
1091 3177 1226 3227 enim
1253 3175 1421 3227 claros
1448 3177 1520 3228 ad
1544 3177 1668 3228 haec
1678 3176 1913 3246 fastiqia
1939 3178 2109 3246 eriyit,
2152 3186 2244 3228 aut

299 3287 381 3322 eos
421 3273 515 3340 qui
551 3274 822 3341 eriquntur
856 3271 1100 3349 illustrat.

413 3390 445 3416 a.
473 3379 724 3418 Romanorum
753 3381 844 3417 add.
862 3382 897 3416 2.
1023 3379 1059 3416 b.
1088 3394 1157 3417 om.
1173 3380 1209 3416 4.
1332 3390 1364 3416 c.
1391 3379 1570 3416 videlicet
1594 3379 1763 3417 Romana
1790 3394 1859 3417 om.
1881 3381 1916 3417 2.
2038 3380 2074 3416 d.
2101 3391 2177 3417 non
2204 3382 2241 3426 2,

298 3453 420 3481 nonne
448 3446 482 3482 3.
602 3458 633 3483 e.
662 3446 839 3483 delectati
865 3447 902 3483 4.
1018 3444 1045 3482 f.
1074 3460 1145 3482 om.
1161 3446 1196 3481 2.
1214 3446 1248 3481 3.
1264 3445 1300 3481 4.
1418 3455 1451 3491 g.
1481 3460 1550 3482 om.
1568 3447 1602 3482 3.
1714 3445 1752 3481 h.
1779 3445 1889 3482 facile
1917 3447 1952 3482 2.
1997 3466 2007 3469 s
2064 3446 2091 3482 i.
2119 3460 2189 3483 om.
2205 3447 2240 3483 3.

419 3516 456 3558 1.
487 3515 533 3559 in
562 3517 763 3572 Regulae
792 3521 909 3573 past.
941 3517 991 3560 P.
1013 3517 1036 3560 I
1067 3529 1105 3560 c.
1128 3517 1178 3571 9,
1212 3514 1257 3559 S.
1282 3514 1417 3571 Greg.
1442 3529 1544 3572 opp.
1567 3516 1638 3559 ed.
1660 3515 1831 3559 Bened.
1853 3517 1898 3560 II
1919 3518 1989 3560 10.
2119 3518 2160 3560 2.
2193 3517 2240 3560 in

296 3586 490 3631 Ennodii
527 3588 676 3634 libello
714 3603 796 3646 pro
834 3589 1010 3647 synodo
1047 3589 1137 3645 IV,
1178 3602 1206 3632 a
1243 3584 1668 3634 Pseudoisidoriana
1698 3588 1959 3647 Symmachi
1989 3588 2165 3647 synodo
2196 3590 2239 3634 V

298 3658 559 3715 approbata.
604 3663 662 3708 V.
682 3663 862 3707 Decret.
883 3662 1164 3707 Pseudoisid.
1192 3662 1262 3707 ed.
1284 3662 1528 3707 Hinschius
1557 3677 1601 3719 p.
1625 3664 1725 3707 666.
1773 3661 1840 3707 Cf.
1873 3675 2010 3719 supra
2038 3677 2083 3720 p.
2107 3663 2231 3707 175.-

2323 411 2434 455 1081

2289 470 2396 508 Mart.
2418 472 2465 509 15
