2730 4198
530 275 641 329 540
849 292 1123 330 GREGORII
1162 292 1238 328 v11
1274 290 1584 328 EPISTOLAE
1623 289 1967 328 coLLEc'rAn.
1998 290 2059 326 14.
2088 290 2147 327 15.

386 412 500 456 1076
529 407 708 461 rabilis
735 425 830 461 rex
858 413 909 462 et
934 406 1238 476 magnificus
1264 405 1614 475 triumphator
1639 400 1959 459 iudicaturus
1987 410 2067 460 est
2083 406 2229 459 vivos
2255 411 2307 461 et
2330 424 2469 461 mor-

353 1915 467 1958 1076

328 1975 423 2022 Aug.
445 1976 492 2013 29

529 507 644 556 tuos
663 500 691 571 ¹,
730 504 951 557 reddens
990 502 1267 571 unicuique
1295 501 1575 554 secundum
1605 517 1734 571 opus
1761 518 1912 555 suum
1924 498 1958 555 ².
2018 502 2097 555 De
2124 502 2268 555 cuius
2295 503 2469 556 multi-

528 599 684 652 moda
721 599 1061 652 retributione
1100 602 1152 651 et
1188 614 1280 651 vos
1319 597 1449 650 certi
1488 613 1600 650 esse
1637 597 1894 666 poteritiS,
1935 598 1980 651 si
2017 614 2180 667 usque
2218 598 2274 650 in
2310 596 2469 652 finem

527 693 704 748 fideles
745 699 796 748 et
831 694 1125 747 inconcussi
1161 694 1216 746 in
1257 694 1366 747 eius
1403 693 1624 747 veritate
1662 693 2009 762 perstiteritis
2074 693 2295 763 Propter
2333 693 2469 762 quod

529 794 581 843 et
618 804 712 843 nos
750 790 1071 844 incessanter
1110 806 1204 860 pro
1242 790 1389 843 vobis
1428 805 1672 856 rogamus
1710 787 1910 857 Deum,
1957 792 2017 842 ut
2055 789 2143 842 det
2177 789 2326 843 vobis
2363 789 2468 843 vir-

526 889 692 939 tutem
740 886 1062 939 corroborari
1111 902 1208 955 per
1255 885 1507 955 Spiritum
1557 880 1824 937 sanctum³
1870 885 1925 937 in
1973 885 2182 939 nomine
2230 886 2368 954 eius;
2417 890 2471 940 et

527 985 796 1035 convertat
834 998 921 1035 cor
959 982 1096 1050 regis
1138 982 1203 1034 ad
1242 981 1636 1051 poenitentiam,
1676 984 1735 1033 ut
1761 979 1950 1050 etipse
1977 980 2253 1050 aliquando
2280 997 2470 1050 cogno-

527 1082 653 1146 scat,
693 1094 789 1130 nos
830 1082 881 1131 et
918 1094 1010 1131 vos
1049 1078 1213 1130 multo
1251 1078 1424 1130 verius
1465 1093 1641 1130 amare
1680 1093 1815 1144 eum,
1862 1093 2018 1144 quam
2058 1078 2147 1146 qui
2185 1093 2322 1131 nunc
2359 1077 2468 1131 suis

525 1173 889 1241 iniquitatibus
930 1173 1283 1243 obsequuntur
1322 1177 1373 1226 et
1408 1173 1600 1225 favent.
1669 1171 1864 1235 Quodsi
1901 1172 2012 1226 Deo
2050 1173 2341 1243 inspirante
2377 1189 2468 1227 vo-

524 1268 681 1321 luerit
717 1269 1048 1338 resipiscere,
1091 1269 1355 1338 quidquid·
1380 1272 1561 1322 contra
1597 1285 1691 1321 nos
1730 1269 2000 1337 moliatur,
2050 1286 2255 1340 semper
2290 1273 2468 1323 tamen

525 1381 620 1416 nos
662 1364 727 1416 ad
763 1365 1120 1433 recipiendum
1148 1381 1267 1417 eum
1302 1365 1358 1416 in
1385 1369 1616 1417 sanctam
1644 1366 2075 1434 communionem,
2116 1354 2272 1436 prout
2295 1370 2470 1420 vestra

525 1459 714 1512 caritas
752 1460 901 1513 nobis
940 1459 1272 1527 consuluerit,
1311 1455 1522 1529 paratos
1560 1461 1804 1514 inveniet.

532 1614 631 1670 15.
675 1616 925 1667 Omnibus
964 1618 1021 1667 in
1049 1614 1250 1668 Christo
1276 1616 1546 1683 fratribus
1585 1617 1780 1681 scribit,
1823 1617 2040 1669 allatum
2065 1620 2304 1670 nuntiam
2344 1637 2465 1684 esee,

673 1705 982 1756 Heinrieum
1020 1723 1190 1774 reyeqn
1229 1706 1563 1756 concitandae
1598 1706 1731 1756 inter
1758 1724 1839 1756 eos
1866 1723 2017 1774 seque
2043 1707 2334 1759 discordiae
2360 1717 2467 1760 etu-

674 1795 807 1845 dere.
848 1795 1136 1864 Praecipit,
1165 1813 1229 1845 ne
1262 1796 1377 1863 quis
1404 1812 1456 1844 se
1479 1795 1643 1845 inscio
1671 1794 1821 1845 illum
1847 1795 2166 1847 anathemate
2192 1796 2467 1850 absolvat'.

673 1902 952 1970 Gregorius
982 1905 1256 1974 episcopus
1285 1921 1462 1957 servus
1491 1920 1760 1956 servorum
1785 1904 1885 1957 Dei
1916 1905 2154 1958 omnibus
2179 1906 2236 1958 in
2261 1904 2468 1973 Christo

522 1999 790 2067 fratribUS,
830 2000 1087 2069 episcopis
1129 2000 1401 2054 abbatibus
1441 2000 1796 2053 sacerdotibus
1824 2000 2039 2054 ducibus
2071 2005 2122 2054 et
2146 2001 2468 2071 principibus

524 2099 679 2164 atque
724 2095 1005 2164 militibus,
1056 2096 1399 2164 omnibusque
1450 2096 1788 2149 christianam
1833 2095 1988 2149 fidem
2039 2102 2090 2151 et
2135 2097 2276 2151 beati
2323 2097 2468 2152 Petri
2549 2121 2551 2124 ⁴

522 2191 773 2245 honorem
811 2209 867 2244 re
906 2209 1031 2245 vera
1070 2192 1428 2260 diligentibus,
1468 2193 1524 2244 in
1561 2192 1794 2246 Romano
1833 2192 2054 2263 imperio
2094 2193 2466 2261 habitantibus,

524 2287 746 2341 salutem
786 2291 837 2341 et
877 2288 1214 2357 apostolicam
1256 2287 1682 2341 benedictionem.

673 2383 957 2451 Postquam
994 2384 1312 2436 fraternitati
1348 2387 1551 2436 vestrae
1579 2384 1853 2453 epistolam
1881 2384 2183 2451 direximUS,
2224 2401 2355 2453 quae
2392 2385 2469 2438 ita

523 2479 732 2549 incipit:
792 2478 1006 2534 Gratiae
1056 2482 1258 2550 aqimus
1309 2483 1646 2550 omnipotenti
1682 2481 1797 2533 Deo
1811 2475 1844 2545 ⁴¹²,
1897 2497 1927 2532 3
1972 2478 2209 2532 fidelibus
2257 2483 2468 2534 sanctae

525 2574 770 2628 ecclesiae
810 2574 1128 2643 accepimUS,
1180 2575 1317 2642 quod
1361 2592 1456 2628 rex
1504 2592 1834 2645 summopere
1872 2579 2115 2645 procuret
2151 2592 2246 2628 nos
2285 2575 2349 2628 ab
2388 2576 2469 2628 in-

523 2671 691 2725 vicem
730 2671 1000 2738 seiungere
1041 2687 1235 2738 suaque
1282 2671 1464 2724 fraude
1515 2671 1777 2741 decipere,
1825 2671 1979 2723 modo
2027 2688 2121 2740 per
2170 2670 2467 2740 spirituales

524 2766 677 2819 modo
717 2783 812 2836 per
852 2767 1108 2820 seculares
1148 2771 1414 2836 personas,
1479 2767 1705 2820 Proinde
1755 2767 2079 2834 dubitamuS,
2126 2783 2192 2820 ne
2229 2766 2363 2820 forte
2401 2783 2467 2820 ex

523 2863 714 2915 nostris
766 2862 1014 2916 fratribus
1063 2863 1234 2916 minus
1284 2863 1421 2916 cauti
1467 2880 1562 2933 pro
1609 2863 1820 2916 licentia
1859 2880 2014 2931 quam
2054 2862 2290 2920 dedimus
2329 2861 2466 2915 deci-

523 2959 749 3029 piantur.
799 2958 869 3012 Et
905 2959 1021 3012 ideo
1054 2976 1118 3012 ex
1148 2963 1297 3029 parte
1323 2959 1463 3012 beati
1488 2959 1631 3012 Petri
1658 2959 2010 3029 apostolorum
2038 2957 2289 3027 principis
2313 2972 2466 3026 prae-

524 3055 771 3124 cipimus:
812 3060 871 3108 ut
908 3055 1081 3108 nullus
1122 3072 1242 3108 eum
1279 3059 1581 3125 praesumat
1621 3072 1652 3108 a
1677 3055 1881 3108 vinculo
1914 3053 2258 3107 anathematis
2296 3051 2466 3105 absol-

523 3168 661 3218 vere,
703 3167 803 3218 quo
837 3167 1001 3219 usque
1026 3151 1167 3204 illius
1195 3151 1481 3204 satisfactio
1519 3156 1570 3204 et
1594 3151 1884 3220 penitentia
1907 3167 2003 3220 per
2026 3149 2237 3202 idoneos
2262 3151 2464 3202 vestros

523 3246 672 3300 nobis
710 3246 869 3300 fuerit
904 3248 1233 3314 renunciata3
1274 3251 1333 3301 ut
1362 3247 1518 3300 simul
1544 3247 1877 3300 decernentes
1902 3263 1996 3316 per
2019 3245 2215 3311 legatos
2239 3247 2464 3311 nostros,

525 3342 664 3411 quod
702 3359 925 3411 aequum
962 3342 1121 3412 fuerit
1159 3359 1219 3396 ac
1243 3342 1355 3396 Deo
1396 3343 1661 3412 placitum,
1703 3343 1844 3394 omni
1877 3340 2058 3393 fraude
2084 3342 2299 3406 remota,
2340 3354 2465 3408 apo-

526 3438 710 3491 stolica
748 3438 1056 3492 auctoritate
1095 3443 1402 3492 statuamus,
1464 3438 1568 3491 Vos
1596 3442 1771 3491 autem
1797 3436 2071 3503 diligenter
2109 3433 2311 3487 studete
2350 3450 2466 3487 eam

644 3552 677 3577 a.
713 3543 864 3591 Legitur
893 3555 954 3588 ap.
979 3542 1169 3591 Hugonem
1199 3543 1323 3586 Flav„
1352 3544 1455 3578 Mon.
1478 3543 1594 3578 Germ.
1618 3541 1686 3578 SS.
1710 3539 1806 3576 VIII
1830 3537 1918 3574 442.

644 3604 684 3646 1.
718 3605 746 3647 2
767 3604 883 3647 Tim.
904 3604 947 3661 4,
971 3605 1011 3648 1.
1123 3606 1164 3648 2.
1198 3602 1265 3649 Of.
1288 3603 1431 3661 Apoc.
1455 3605 1496 3661 2,
1519 3605 1590 3648 23.
1694 3603 1735 3646 3.
1766 3599 1931 3657 Ephes.
1954 3600 1995 3657 3,
2019 3600 2089 3643 16.
2193 3599 2236 3643 4.
2267 3599 2468 3656 Registri

524 3677 576 3720 L.
598 3677 663 3721 IV
694 3690 763 3732 ep.
789 3679 812 3720 1
845 3690 982 3732 supra
1011 3691 1054 3733 p.
1079 3677 1179 3720 238.
