2730 4198
783 292 1057 331 GREGORII
1095 295 1173 331 vn
1209 293 1473 331 REG1s‘rR1
1511 294 1612 330 v111
1638 293 1685 329 26
1715 290 1779 338 (lx
1798 289 1850 338 3).
2175 278 2283 331 475

490 410 735 464 Preterea
782 410 1094 463 admonendi
1142 415 1264 464 sunt
1301 427 1479 464 omnes
1517 410 1572 463 in
1611 409 1848 480 partibus
1888 408 2075 463 vestris
2114 407 2284 461 Deum
2318 416 2429 459 1081

344 507 586 560 timentes
626 523 685 559 ac
723 523 945 576 sponsae
972 505 1165 559 Christi
1200 506 1497 560 libertatem
1525 505 1823 572 diligentes:
1864 508 2070 572 utnon,
2112 503 2286 572 aliqua

345 602 515 670 gratia
564 602 813 655 suadente
863 606 952 655 aut
997 602 1102 655 ullo
1141 606 1284 655 metu
1323 605 1563 669 cogente,
1611 604 1895 670 properent
1934 617 2050 654 eam
2087 603 2285 653 temere

343 714 618 768 personam
660 697 876 766 eligere,
917 699 1061 751 cuius
1101 714 1272 751 mores
1313 701 1365 750 et
1402 699 1599 762 cetera,
1642 712 1772 764 quae
1811 696 1923 763 regi
1963 699 2168 765 oportet
2204 696 2286 747 in-

345 810 474 861 esse,
515 811 546 846 a
584 794 914 863 suscipienda
952 794 1265 847 christianae
1303 791 1570 858 religionis
1610 791 1909 844 defensione
1948 795 2000 844 et
2030 807 2154 845 cura
2180 791 2287 844 dis-

344 889 573 942 cordent.
633 889 817 944 Melius
858 890 1050 959 quippe
1089 890 1200 942 fore
1240 887 1571 954 arbitramur,
1611 890 1670 939 ut
1709 886 1884 954 aliqua
1922 903 2071 939 mora
2104 903 2286 939 secun-

345 985 468 1038 dum
493 985 665 1039 Deum
693 986 757 1039 ad
782 986 1033 1038 honorem
1059 987 1268 1037 sanctae
1296 982 1542 1036 ecclesiae
1567 999 1662 1035 rex
1689 981 2025 1052 provideatur
2050 982 2284 1051 idoneus,

346 1098 498 1150 quam
547 1082 768 1135 nimium
815 1080 1109 1134 festinando
1158 1079 1213 1131 in
1259 1095 1434 1146 regem
1489 1078 1676 1147 aliquis
1716 1078 1986 1131 ordinetur
2022 1077 2283 1146 indignus,

347 1177 549 1231 Scimus
590 1177 813 1246 quidem,
857 1176 992 1244 quod
1028 1175 1218 1228 fratres
1255 1175 1423 1227 nostri
1459 1174 1615 1242 longo
1655 1174 1937 1227 certamine
1964 1173 2288 1243 diversisque

344 1272 822 1344 perturbationibus
847 1271 1149 1339 fatigantur.
1189 1270 1428 1324 Nobilius
1453 1274 1631 1324 tamen
1659 1287 1771 1324 esse
1792 1270 2093 1338 dinoscitur,
2122 1270 2286 1324 multo

343 1373 578 1438 tempore
615 1385 710 1438 pro
748 1368 988 1421 libertate
1027 1370 1237 1420 sanctae
1277 1367 1524 1420 ecclesiae
1563 1367 1829 1420 decertare
1869 1383 2023 1435 quam
2063 1367 2287 1420 miserae

345 1480 404 1517 ac
452 1464 736 1517 diabolicae
777 1463 1016 1517 servituti
1055 1463 1335 1517 subiacere.
1416 1462 1633 1516 Certant
1668 1479 1895 1532 namque
1932 1462 2137 1530 miseri,
2186 1462 2286 1515 sci-

340 1559 463 1613 licet
501 1559 737 1613 membra
776 1559 985 1628 diaboli,
1026 1563 1084 1612 ut
1122 1559 1353 1613 eiusdem
1391 1560 1586 1613 misera
1617 1559 1867 1612 servitute
1895 1558 2284 1630 opprimantur;

342 1659 545 1710 certant
583 1673 610 1710 e
649 1660 831 1709 contra
868 1655 1104 1709 membra
1130 1655 1341 1724 Christi,
1381 1659 1440 1709 ut
1475 1656 1684 1709 eosdem
1709 1656 1929 1709 miseros
1958 1654 2023 1708 ad
2049 1653 2288 1707 christia-

340 1769 465 1805 nam
502 1751 799 1806 libertatem
835 1752 1103 1805 reducant.

491 1847 819 1918 Quapropter
856 1847 1151 1901 fundendae
1192 1851 1314 1901 sunt
1337 1847 1792 1916 frequentissimae
1821 1847 2082 1901 orationes
2109 1850 2162 1900 et
2185 1846 2288 1900 lar-

343 1943 588 2012 gissimae
626 1943 828 1997 dandae
867 1943 1180 1997 elemosinae
1220 1943 1563 2012 omnibusque
1588 1944 1758 1997 modis
1784 1944 2085 2013 redemptor
2110 1947 2290 1997 noster

344 2040 662 2094 exorandus:
702 2044 762 2093 ut
797 2040 998 2094 inimici
1035 2040 1227 2108 nostri,
1269 2056 1396 2108 quos
1437 2057 1529 2093 suo
1567 2044 1846 2110 praecepto
1886 2039 2167 2108 diligimuS,
2207 2057 2288 2093 re-

343 2136 597 2206 sipiscant
653 2140 704 2189 et
762 2137 828 2189 ad
884 2137 1141 2205 gremium
1198 2140 1408 2190 sanctae
1465 2136 1713 2190 ecclesiae
1760 2135 2000 2203 redeant3
2061 2153 2289 2206 suaeque

343 2249 592 2303 sponsae,
641 2249 738 2302 pro
789 2249 891 2301 qua
938 2233 1073 2285 mori
1122 2232 1364 2300 dignatus
1405 2235 1509 2300 est,
1559 2232 1885 2286 defensorem
1926 2236 1978 2286 et
2013 2237 2286 2301 rectorem,

343 2329 478 2383 sicut
516 2345 633 2382 eam
673 2328 836 2396 decet,
877 2327 1158 2381 clementer
1195 2327 1407 2381 tribuat.
1476 2327 1592 2381 Nisi
1632 2329 1772 2381 enim
1808 2328 1884 2381 ita
1923 2327 2199 2382 oboediens
2239 2333 2291 2383 et

343 2429 553 2478 sanctae
592 2424 838 2500 ecclesiae
864 2424 1131 2477 humiliter
1158 2424 1374 2477 devotus
1402 2440 1462 2477 ac
1486 2424 1647 2492 utilis,
1690 2424 2127 2493 quemadmodum
2153 2424 2290 2477 chri-

345 2520 573 2574 stianum
610 2538 788 2588 regem
826 2524 1033 2591 oportet
1071 2524 1123 2574 et
1160 2520 1294 2574 sicut
1333 2520 1396 2574 de
1428 2519 1693 2587 R(odulfo)
1734 2521 2075 2590 speravimuS,
2114 2521 2288 2588 fuerit,

341 2615 526 2686 procul
564 2616 719 2669 dubio
760 2616 807 2669 ei
845 2633 950 2669 non
987 2616 1142 2670 modo
1184 2620 1366 2671 sancta
1404 2617 1621 2671 ecclesia
1657 2633 1764 2670 non
1789 2616 1986 2670 favebit
2011 2617 2103 2670 sed
2130 2617 2289 2670 etiam

343 2711 676 2765 contradicet.
737 2711 817 2765 De
855 2712 1122 2782 praedicto
1164 2714 1302 2766 enim
1340 2713 1604 2779 R(odulfo)
1643 2730 1766 2781 rege
1806 2713 1930 2782 quid
1969 2716 2151 2766 sancta
2186 2712 2290 2766 Ro-

342 2825 499 2861 mana
538 2807 756 2861 ecclesia
795 2809 1084 2877 speraverit
1122 2813 1174 2862 et
1213 2809 1337 2877 quid
1361 2809 1451 2863 ille
1475 2809 1833 2880 promittebat,
1873 2809 2087 2878 tuipse,
2125 2808 2290 2862 frater

342 2904 635 2972 karissime,
677 2903 804 2957 satis
845 2905 1129 2971 cognoscis.
1188 2904 1574 2958 Providendum
1605 2910 1685 2958 est
1712 2922 1861 2974 ergo:
1902 2909 1961 2958 ut
1984 2922 2089 2958 non
2115 2905 2288 2958 minus

344 3000 407 3054 ab
448 3017 524 3068 e0,
566 3000 654 3068 qui
694 3003 773 3053 est
811 2999 1078 3068 eligendus
1116 3000 1173 3053 in
1210 3017 1404 3068 regem,
1442 3001 1581 3055 inter
1619 3005 1698 3054 tot
1735 3001 1968 3071 pericula
2008 3005 2059 3055 et
2083 3000 2288 3054 labores

343 3113 555 3167 sperare
581 3096 876 3150 debeamus
939 3094 1052 3158 Qua
1078 3096 1140 3150 de
1165 3114 1223 3150 re
1250 3097 1375 3165 quid
1400 3097 1762 3167 promissionis
1788 3097 2081 3150 iuramento
2108 3099 2291 3150 sancta

341 3192 576 3246 Romana
615 3191 833 3246 ecclesia
872 3192 936 3246 ab
974 3191 1063 3245 illo
1102 3193 1351 3261 requirat,
1391 3193 1446 3245 in
1486 3193 1722 3261 sequenti
1762 3192 2141 3261 significamus:

488 3290 574 3342 Ab
613 3291 710 3342 hae
749 3290 880 3342 hora
918 3299 972 3345 et,
1002 3291 1239 3359 deinceps
1265 3290 1443 3357 fidelis
1483 3308 1568 3343 ero
1599 3309 1703 3360 per
1739 3301 1932 3343 rectam
1953 3290 2118 3357 fidem
2143 3290 2287 3342 beato
2317 3306 2569 3365 Iurameptum

342 3386 500 3439 Petro
539 3386 774 3457 apostolo
816 3388 1024 3456 eiusque
1060 3387 1258 3438 vicario
1277 3404 1424 3456 pape
1453 3384 1726 3456 GreyoriO,
1771 3388 1866 3456 qui
1887 3387 2108 3438 nuncin
2134 3404 2290 3438 earne
2390 3367 2491 3404 “³3¹⁸

343 3483 485 3535 vivit.
532 3483 607 3535 Et
640 3484 1001 3552 'quodcumque
1029 3483 1160 3534 mihi
1181 3484 1295 3552 ipse
1323 3501 1476 3553 papa
1512 3483 1852 3555 praeceperit,
1893 3482 1985 3534 sub
2025 3482 2105 3534 his
2143 3483 2287 3535 vide-

346 3576 460 3629 lieet
484 3578 677 3630 verbis:
713 3597 829 3649 per
861 3597 1072 3631 veram
1107 3579 1611 3644 oboedientiam,
1640 3578 1886 3646 fideliter,
1927 3579 2061 3631 sieut
2091 3588 2291 3649 oportet

345 3673 709 3740 christianum,
753 3675 1047 3729 observabo.
1123 3675 1210 3728 De
1249 3676 1577 3729 ordinatione
1613 3692 1733 3729 vero
1773 3674 2104 3728 eeclesiarum
2142 3684 2188 3728 et
2224 3675 2288 3727 de
