2730 4198
353 376 467 421 1079

319 434 428 474 Febr.
449 437 495 474 11

528 240 637 295 354
1045 254 1318 293 ennoean
1354 254 1433 290 v11
1471 253 1733 291 neers'rm
1768 254 1828 290 vr
1862 254 1952 290 1722.

525 374 665 425 reret
702 375 755 425 et
791 370 1137 436 conculcaret3
1182 368 1446 422 neminem
1483 368 1687 422 debitus
1727 368 1892 422 honor
1928 369 2012 423 vel
2048 370 2339 423 reverentia
2377 369 2460 423 vel

527 466 751 534 dignitas
789 469 1045 530 tueretur3
1088 468 1139 517 et
1176 480 1270 517 ceu
1297 462 1421 517 vilia
1444 463 1708 532 mancipia
1731 480 1836 516 non
1865 464 2018 517 modo
2050 465 2343 519 sacerdotes
2371 465 2462 518 sed

527 562 685 615 etiam
725 561 954 630 episcopi
993 563 1071 613 et⁰
1099 558 1475 628 archiepiscopi
1503 562 1811 627 caperentur
1846 559 2167 629 vinculisque
2195 560 2461 630 mancipa-

523 659 703 709 rentur
740 654 1067 725 partimqueb
1106 654 1505 708 trucidarentur.
1565 653 1921 707 Decreverunt
1955 671 2076 722 ergo
2103 672 2259 724 quam
2285 656 2460 726 plures

524 749 746 818 concilii,
785 750 841 802 in
878 749 1018 802 illius
1056 749 1386 819 tyrannidem
1424 748 1657 816 gladium
1693 748 2035 818 apostolicum
2063 750 2249 805 debere
2289 751 2461 819 evagi-

522 845 662 911 nari3
704 845 794 898 sed
833 845 1034 898 distulit
1060 844 1345 915 apostolica
1369 843 1726 897 mansuetudo.
1787 843 2094 897 Iuraverunt
2117 845 2277 912 igitur
2300 845 2460 914 legati

523 939 755 993 Heinrici
792 940 930 1007 regis
968 940 1114 1008 illud,
1154 939 1293 1009 quod
1329 939 1384 992 in
1423 939 1756 1008 sequentibus
1797 939 2046 1009 scriptum
2086 941 2407 1009 repperitur:

763 1049 1246 1104 Sacramentum
1295 1049 1676 1102 nunciorum
1722 1049 1987 1103 Henrici
2034 1050 2224 1117 regis,

668 1146 857 1215 Leyati
910 1148 1112 1198 domini
1154 1148 1257 1197 mei
1300 1148 1436 1214 repis
1484 1147 1555 1198 ad
1602 1165 1691 1198 vos
1739 1148 1942 1198 venient
1987 1146 2135 1214 infra
2186 1148 2460 1198 terminum

521 1243 835 1293 ascensionis
861 1236 1112 1293 Domini¹
1138 1272 1207 1278 —
1248 1243 1470 1310 exceptis
1511 1241 1750 1310 lepitimis
1789 1244 2027 1307 soniis⁰²,
2068 1243 2127 1293 id
2162 1252 2259 1294 est:
2298 1252 2460 1294 morte

518 1335 599 1387 vel
631 1338 790 1404 yravi
823 1337 1121 1402 infirmitate
1158 1337 1238 1388 vel
1276 1338 1511 1405 captione
1545 1337 1736 1405 absque
1762 1337 1880 1388 dolo
1909 1368 1978 1374 -—
2008 1339 2102 1406 qui
2126 1337 2317 1406 Zeyatos
2347 1337 2457 1389 Ro-

517 1448 703 1481 manae
750 1429 916 1482 seclisd
954 1449 1128 1482 secure
1175 1432 1360 1483 ducent
1408 1441 1454 1483 et
1490 1433 1747 1484 reducent.
1812 1432 1885 1484 Et
1921 1433 2139 1484 domnus
2178 1451 2270 1484 rea·
2309 1432 2456 1484 oboe-

517 1526 662 1576 diens
712 1527 810 1577 erit
844 1525 950 1576 illis
988 1527 1046 1577 in
1086 1526 1319 1577 omnibus
1358 1527 1637 1577 secundum
1674 1528 1926 1579 iustitiam
1965 1537 2012 1579 et
2046 1529 2300 1580 iudicium
2336 1527 2455 1579 illo-

514 1637 648 1671 rum.
716 1620 790 1671 Et
834 1620 959 1671 haec
998 1623 1173 1672 omnia
1213 1621 1502 1673 observabit
1539 1621 1732 1690 absque
1769 1622 1888 1673 dolo
1901 1661 1916 1686 ,
1964 1625 2072 1674 nisi
2109 1633 2357 1692 quantum
2396 1641 2457 1674 ex

513 1716 741 1766 iussione
787 1725 954 1766 vestra
1001 1717 1321 1767 remanserit.
1400 1716 1473 1768 Et
1518 1716 1640 1767 haec
1689 1718 1806 1768 iuro
1848 1735 1909 1768 eoe
1943 1728 2217 1787 praecepto
2258 1719 2464 1784 domini*

512 1811 618 1861 mei
649 1811 786 1878 repis
825 1810 1081 1862 Heinrici.

513 1917 670 1972 Item
719 1919 1173 1972 iusiurandum
1216 1919 1601 1972 nunciorum
1638 1918 1903 1972 Rodulfi
1939 1920 2140 1988 regis,
2188 1920 2457 1975 itidem-

966 2031 1083 2083 que
1129 2014 1433 2082 Rodulfi⁰‚
1484 2014 1647 2082 quod
1693 2014 2002 2083 sequitur.

663 2110 730 2164 Si
785 2111 1100 2180 colloquium
1157 2130 1218 2163 ecc
1274 2121 1438 2163 vestro
1491 2121 1768 2180 praecepto
1828 2113 2157 2164 constitutum
2188 2111 2364 2180 fuerit
2398 2114 2456 2163 in

504 2206 748 2276 partibus
795 2206 1106 2271 Teutonicis‚
1150 2207 1259 2258 loco
1301 2217 1349 2259 et
1383 2217 1608 2276 tempore
1646 2227 1679 2258 a
1717 2207 1860 2258 vobis
1900 2207 2105 2272 definito
2145 2217 2263 2258 ante
2290 2225 2453 2276 prae-

511 2304 730 2354 sentiam
785 2313 1007 2354 vestram
1063 2302 1143 2353 vel
1199 2301 1486 2370 Zeyatorum
1530 2312 1814 2353 vestrorum
1861 2303 2099 2353 dominus
2146 2311 2317 2353 noster
2361 2320 2455 2354 rea:

515 2397 778 2465 Rodulfus
816 2397 897 2448 vel
932 2399 1045 2466 ipse
1081 2398 1248 2448 veniet
1283 2397 1364 2448 vel
1401 2398 1667 2466 episcopos
1708 2407 1754 2449 et
1777 2397 1959 2463 fideles
1986 2415 2104 2448 suos
2131 2399 2315 2458 mittet3
2346 2416 2452 2466 pa-

511 2502 759 2561 ratusque
798 2494 909 2556 erit,
951 2494 1220 2556 iudicium,
1265 2493 1406 2560 quod
1443 2502 1623 2544 sancta
1651 2493 1894 2544 Romana
1934 2492 2144 2544 ecclesia
2179 2494 2456 2544 decreverit

513 2588 576 2639 de
614 2605 773 2639 causa
810 2589 976 2656 reyni,
1017 2587 1190 2639 subire
1198 2606 1216 2648 ,·
1254 2587 1500 2656 nulloque
1524 2587 1663 2639 malo
1690 2589 1898 2657 inqenio
1926 2598 2225 2639 conventum
2252 2607 2285 2639 a
2310 2588 2454 2640 vobis

511 2684 618 2734 sive
657 2683 836 2752 Zeqatis
875 2684 1055 2735 vestris
1083 2685 1411 2735 constitutum
1436 2684 1682 2753 impediet
1689 2701 1707 2744 ,·
1746 2693 1793 2735 et
1808 2693 2092 2752 postquam
2118 2693 2309 2735 certum
2333 2684 2455 2735 inde

509 2788 734 2830 vestrum
770 2780 1018 2830 nuncium
1055 2778 1248 2830 videbit
1284 2779 1346 2830 de
1378 2797 1511 2848 pace
1548 2781 1606 2830 in
1642 2798 1801 2849 reqno
1842 2776 2220 2831 constituendaf
2254 2789 2300 2831 et
2329 2796 2450 2830 con-

499 2873 796 2940 firmanda,
846 2874 1068 2926 studebit
1079 2913 1095 2938 ,
1142 2884 1201 2926 ut
1239 2874 1426 2943 Zeyatio
1464 2884 1633 2926 vestra
1663 2877 1944 2944 provenire
1981 2876 2053 2926 ad
2079 2891 2268 2944 pacem
2303 2875 2455 2942 reqni

511 2979 558 3021 et
595 2971 926 3021 concordiam
956 2971 1142 3038 possit.
1202 2969 1347 3021 Haec
1386 2971 1562 3022 omnia
1601 2970 2020 3035 observabuntur,
2061 2971 2169 3021 nisi
2200 2979 2451 3038 quantum

512 3083 572 3116 ex
610 3075 780 3117 vestra
818 3071 984 3116 certag
1013 3064 1220 3116 licentia
1257 3067 1564 3117 remanserit
1590 3066 1671 3117 vel
1697 3073 1786 3117 eacg
1810 3067 2173 3135 impedimento
2202 3064 2446 3133 ZeqitimO,

510 3160 704 3213 scilicet
739 3170 901 3212 morte
938 3160 1018 3211 vel
1053 3162 1210 3228 ¹aravi
1244 3160 1543 3227 infirmitate
1579 3161 1661 3213 vel
1699 3163 1934 3230 captione
1971 3162 2080 3211 sine
2118 3159 2253 3211 dolo.

715 3268 1202 3322 Sacramentum
1249 3269 1733 3340 archiepiscopi
1778 3267 2242 3338 Aquileiensis

656 3362 854 3417 Iuravit
908 3365 1034 3417 item
1093 3364 1274 3417 eodem
1330 3367 1565 3435 tempore
1624 3364 2042 3433 archiepiscopus
2097 3362 2448 3431 Aquileiensis

624 3497 656 3522 a.
685 3488 722 3523 et
749 3501 819 3524 om.
839 3502 869 3524 c.
982 3487 1018 3524 b.
1047 3488 1161 3524 etiam
1189 3488 1282 3525 add.
1303 3489 1338 3524 2.
1451 3499 1483 3525 c.
1510 3488 1665 3536 excepta
1690 3488 1830 3524 maiore
1859 3497 1971 3524 causa
1998 3488 2032 3523 2.
2137 3486 2174 3524 d.
2202 3487 2383 3524 ecclesiae
2411 3488 2447 3525 2.

509 3561 542 3587 e.
568 3553 624 3589 sic
651 3553 736 3588 cod.
830 3580 832 3582 -
864 3552 890 3589 f.
919 3553 1119 3590 statuenda
1145 3555 1181 3589 2.
1310 3564 1345 3599 g.
1374 3567 1442 3590 om.
1463 3555 1498 3590 2.

629 3615 671 3658 1.
717 3615 820 3659 Mai.
844 3616 885 3660 2.
1036 3618 1076 3661 2.
1116 3615 1463 3674 impedimentis.
1503 3616 1559 3662 V.
1580 3616 1800 3672 Ducange
1829 3614 1890 3659 ad
1917 3628 1961 3660 v.
1983 3614 2152 3659 sunnis.
