2730 4198
825 241 1100 280 GREGoRn
1137 241 1217 278 vn
1253 239 1519 279 Bnersrssr
1553 241 1612 276 1v
1639 239 1700 275 28.
2040 214 2044 216 ’
2125 223 2233 276 285

287 362 346 413 in
385 377 584 413 omnem
622 361 854 412 animam
891 361 1114 412 hominis
1155 361 1417 430 operantis
1455 358 1653 410 malum
1668 351 1696 408 ¹.
1771 353 1945 407 Nolite
1985 370 2107 421 ergo
2149 371 2234 406 su—

288 454 448 509 blime
491 450 706 525 sapere2
747 459 860 523 aut,
908 459 1124 525 propter
1162 454 1501 508 eminentiam
1539 450 1830 522 praesentis
1869 449 2091 518 gloriae,
2140 448 2235 501 hu-

289 568 476 605 manae
514 550 848 618 condicionis‚
890 567 1021 619 quae
1059 567 1223 619 aequa
1249 552 1328 602 est
1349 565 1531 616 regum
1559 551 1612 600 et
1635 563 1942 616 pauperum,
1983 545 2233 598 oblivisci.

291 646 411 716 Sed,
453 647 588 701 sicut
624 646 765 699 idem
804 646 1068 716 apostolus
1106 650 1308 698 monet:
1349 643 1702 696 humiliamini
1728 642 1823 695 sub
1850 641 2052 711 potenti
2078 658 2237 695 manu

289 743 406 812 Dei,
445 747 505 797 ut
541 759 634 796 vos
673 742 869 796 exaltet
905 743 961 795 in
998 725 1247 812 tempore
1271 733 1670 793 tribulationis³.
1744 736 1919 790 Nolite
1959 754 2104 808 spem
2143 754 2237 807 po-

289 856 413 894 nere
457 839 514 892 in
560 840 758 892 incerto
799 834 1131 891 divitiarum⁴
1168 836 1321 889 huius
1371 833 1557 902 seculi,
1611 833 1703 886 sed
1750 833 1805 885 in
1853 832 1971 901 illo,
2024 833 2087 886 de
2136 849 2236 901 quo

291 935 542 1006 scriptum
593 939 696 989 est:
747 937 855 988 Per
892 953 971 988 me
1009 936 1144 987 enim
1182 951 1324 1003 reyes
1363 926 1627 1002 reynanffi,
1682 932 1733 982 et
1773 927 1922 981 alibi:
1976 929 2238 996 Quoniam

291 1035 418 1086 data
462 1043 535 1085 est
571 1053 604 1084 a
643 1033 874 1085 Domino
907 1041 1138 1101 potestas
1177 1029 1320 1081 vobis
1335 1068 1349 1093 ,
1401 1039 1448 1080 et
1484 1029 1649 1079 virtus
1688 1025 1752 1078 ab
1795 1025 2065 1078 Altissimo
2079 1065 2094 1090 ‚
2148 1027 2241 1094 qui

290 1129 632 1199 interroqabit
671 1146 830 1199 opera
867 1137 1052 1190 vestra,
1096 1135 1143 1178 et
1179 1126 1513 1194 eoyitationes
1552 1117 1912 1175 scrutabitur⁶.
1973 1119 2030 1174 In
2060 1136 2159 1188 quo
2187 1124 2240 1174 et

290 1224 641 1278 thesaurizate
679 1222 827 1276 vobis
877 1221 1086 1275 divitias
1127 1220 1380 1274 bonorum
1420 1235 1638 1289 operum
1649 1214 1683 1286 ⁷,
1733 1220 2092 1271 construentes
2132 1220 2238 1269 sta-

290 1320 393 1375 bile
449 1313 877 1373 fundamentum⁸
926 1321 978 1371 et
1033 1316 1264 1369 melioris
1323 1320 1478 1384 atque
1524 1311 1870 1367 indeficientis
1917 1312 2239 1366 substantiae

290 1417 674 1488 possessionem
686 1412 722 1484 ⁹,
762 1414 853 1468 ubi
890 1413 1054 1466 vitam
1094 1412 1295 1466 ducatis
1335 1416 1616 1465 aeternam.
1677 1409 1794 1463 Non
1822 1410 1961 1462 enim
1988 1409 2238 1462 habemus

291 1513 375 1566 hic
412 1516 711 1566 manentem
750 1511 1032 1578 civitatem,
1074 1509 1166 1562 sed
1203 1509 1435 1562 futuram
1459 1506 1771 1576 inquirimus
1784 1502 1834 1574 ¹⁰,
1875 1506 2020 1559 cuius
2050 1505 2239 1558 artifex

292 1613 344 1663 et
381 1609 618 1662 conditor
644 1607 787 1661 Deus
800 1604 842 1659 ¹¹.
901 1606 973 1660 Et
1002 1606 1235 1676 profecto
1274 1622 1366 1658 vos
1406 1604 1510 1675 ipsi
1549 1603 1693 1656 scitis
1734 1606 1786 1656 et
1816 1602 2005 1656 cotidie
2031 1602 2238 1670 videtiS‚

293 1722 446 1774 quam
495 1704 639 1758 fluxa
685 1708 737 1757 et
782 1702 982 1770 fragilis
1023 1706 1102 1756 est
1139 1702 1250 1754 vita
1286 1701 1614 1768 mortalium,
1666 1715 1823 1769 quam
1860 1698 2022 1751 fallax
2061 1702 2113 1751 et
2152 1698 2241 1751 de-

293 1802 527 1872 ceptoria
575 1817 694 1871 spes
742 1798 1113 1869 praesentium.
1195 1796 1414 1867 Semper
1453 1797 1590 1850 enim
1630 1795 1864 1849 volentes
1902 1794 2240 1863 nolentesque

295 1898 361 1951 ad
398 1896 556 1951 finem
595 1896 877 1962 currimus3
921 1898 973 1948 et
1011 1894 1105 1947 sub
1145 1898 1253 1948 tam
1293 1897 1432 1947 certo
1472 1891 1701 1963 periculo
1741 1908 2008 1960 nunquam
2045 1894 2239 1958 tamen,

295 2010 452 2064 quam
502 1993 571 2046 sit
607 1992 780 2046 vicina
827 2008 995 2059 mors,
1043 1990 1348 2061 praevidere
1395 2006 1696 2060 possumus3
1747 2004 1843 2041 nec
1881 2003 2112 2056 unquam
2151 1986 2241 2039 diu

294 2094 525 2158 tenetur,
575 2088 819 2158 quicquid
874 2087 937 2141 de
985 2087 1251 2158 praesenti
1307 2086 1416 2139 vita
1471 2085 1554 2138 vel
1613 2083 1786 2138 seculo
1835 2083 2104 2153 quaeritur
2152 2086 2243 2135 aut

293 2186 605 2257 possidetur.
665 2183 832 2248 Quam
858 2184 922 2237 ob
948 2200 1059 2236 rem
1089 2214 1157 2220 —
1183 2186 1464 2253 pensantes
1493 2197 1726 2251 semper:
1769 2197 1900 2249 quae
1936 2179 2042 2232 sint
2067 2178 2242 2231 novis-

295 2282 430 2336 sima
466 2285 657 2349 vestra,
699 2283 993 2349 quantaque
1032 2296 1151 2333 cum
1181 2278 1528 2332 amaritudine
1558 2277 1621 2331 de
1659 2276 1924 2347 praesenti
1952 2275 2124 2328 seculo
2150 2291 2241 2328 ne-

295 2395 451 2448 quam
492 2377 683 2431 exituri
721 2380 774 2431 et
808 2376 863 2429 in
904 2375 1234 2446 putredinem
1272 2378 1445 2428 terrae
1486 2389 1546 2427 ac
1584 2372 1763 2426 sordes
1802 2371 2032 2442 pulveris
2068 2387 2241 2424 rever-

297 2474 406 2526 suri
443 2473 592 2541 estiS,
640 2489 898 2542 quamque
937 2471 1032 2525 sub
1071 2471 1307 2525 districto
1357 2470 1598 2524 examine
1637 2469 1701 2522 de
1737 2468 1890 2522 factis
1929 2468 2118 2521 vestris
2156 2484 2242 2520 ra-

297 2569 493 2621 tionem
528 2569 784 2622 reddituri
822 2569 935 2622 sitis
976 2599 1044 2605 —
1085 2572 1268 2622 contra
1304 2567 1481 2621 futura
1518 2565 1753 2637 pericula
1776 2581 1868 2618 vos
1905 2564 2239 2617 communite.

298 2663 465 2717 Arma
507 2667 683 2717 vestra
727 2680 851 2733 opes
901 2664 1190 2734 potentiam
1227 2680 1333 2718 non
1383 2664 1450 2718 ad
1497 2663 1785 2718 secularem
1832 2677 2082 2732 pompam
2126 2664 2241 2713 tan-

297 2763 435 2828 tum,
478 2759 568 2812 sed
606 2758 672 2812 ad
709 2759 958 2813 honorem
997 2763 1048 2813 et
1086 2760 1356 2814 servitium
1396 2760 1595 2814 aeterni
1631 2758 1788 2827 Regis
1826 2757 2028 2811 vertite.
2088 2755 2242 2809 Com-

298 2855 462 2908 missa
498 2854 644 2908 vobis
690 2855 839 2922 regni
888 2855 1237 2922 gubernacula
1280 2857 1356 2910 ita
1393 2857 1583 2924 gerite,
1634 2855 1708 2908 sic
1749 2853 2134 2920 administrate,
2184 2855 2243 2904 ut

298 2954 502 3004 vestrae
540 2951 748 3004 virtutis
788 2954 839 3004 et
876 2951 1202 3004 rectitudinis
1242 2952 1473 3004 studium
1511 2950 1858 3021 omnipotenti
1883 2949 1994 3002 Deo
2034 2951 2241 3016 gratum

297 3047 529 3100 iustitiae
567 3047 734 3117 possit
773 3064 885 3101 esse
924 3045 1260 3114 sacrificium3
1302 3051 1556 3117 quatenus
1596 3051 1648 3101 et
1685 3063 1777 3100 vos
1804 3045 2002 3115 inipso
2031 3060 2241 3114 sperare

298 3144 529 3214 possitiS,
570 3143 659 3212 qui
698 3143 789 3196 dat
826 3142 1049 3196 salutem
1073 3139 1325 3211 regibus¹²
1360 3147 1412 3198 et
1444 3147 1630 3214 potens
1658 3146 1738 3196 est
1763 3141 1964 3211 eripere
1993 3140 2057 3193 de
2083 3156 2243 3193 manu

299 3240 510 3294 mortis:
549 3243 610 3293 ut
646 3230 988 3310 superinduat
1025 3256 1117 3293 vos
1157 3239 1488 3294 eminentiori
1525 3238 1764 3292 claritate
1798 3240 1851 3290 et
1874 3236 2078 3304 gaudiis
2104 3235 2243 3289 vitae

419 3415 460 3459 1.
489 3415 617 3459 Rom.
640 3416 680 3471 2,
703 3416 834 3459 6—9.
955 3416 997 3459 2.
1031 3416 1056 3459 1
1079 3412 1339 3470 Timoth.6,
1364 3414 1433 3458 17.
1554 3414 1596 3457 3.
1629 3413 1655 3457 1
1676 3412 1796 3456 Petr.
1818 3411 1859 3468 5,
1882 3412 1923 3455 6.
2043 3410 2086 3454 4.
2120 3411 2144 3454 1
2168 3410 2243 3454 Ti-

301 3487 438 3532 moth.
461 3489 510 3544 6,
534 3489 604 3533 17.
752 3489 795 3533 5.
826 3488 959 3533 Prov.
981 3489 1031 3545 8,
1056 3489 1125 3533 15.
1274 3488 1315 3532 6.
1349 3485 1454 3543 Sap.
1478 3487 1526 3543 6,
1546 3486 1591 3531 4.
1741 3486 1782 3529 7.
1815 3482 1883 3529 Cf.
1915 3482 2074 3528 Matth.
2097 3484 2147 3540 6,
2170 3484 2242 3528 20.

301 3561 344 3605 8.
386 3559 453 3606 Of.
488 3563 512 3606 1
534 3561 730 3607 Timoth.
755 3563 832 3620 16,
863 3563 906 3606 9.
1086 3563 1128 3606 9.
1170 3559 1238 3607 Cf.
1270 3559 1408 3606 Hebr.
1432 3561 1509 3617 10,
1539 3559 1610 3604 34.
1792 3558 1861 3602 10.
1901 3556 2039 3603 Hebr.
2062 3558 2139 3614 13,
2172 3557 2243 3602 14.

302 3634 372 3678 11.
403 3633 539 3679 Hebr.
563 3636 632 3692 11,
656 3636 726 3680 10.
877 3636 946 3680 12.
979 3636 1053 3680 Ps.
1077 3635 1175 3692 143,
1200 3636 1269 3680 10.

2282 358 2395 401 1077

2264 417 2343 454 Iun.
2363 419 2411 455 28
