2730 4198
341 391 455 435 1072

331 451 408 488 Ian.
432 453 454 489 7

486 255 595 309 654
976 271 1322 310 BONITHONIS
1362 273 1437 308 AD
1477 271 1705 309 AMICUM
1743 273 1849 309 LIB.
1879 274 1938 310 v1

487 385 673 440 ablatis
730 387 785 440 in
843 388 1057 458 duplum
1115 387 1397 454 restitutiS,
1458 386 1729 440 ecclesiam
1779 390 1832 440 et
1880 387 2133 457 palatium
2183 390 2423 445 obtinuit.

484 480 762 552 Potuitque
801 484 982 537 eodem
1021 483 1104 536 die
1145 483 1338 537 electus
1364 482 1580 536 Domini
1619 483 1730 536 sine
1768 482 1878 536 ulla
1914 484 2322 539 contradictione
2347 486 2427 539 in-

484 579 761 647 tronizari,
820 579 921 632 nisi
978 579 1292 632 sacramenti
1337 578 1603 632 vinculum
1655 578 1956 632 obstitisset.
2108 579 2276 634 Huius
2324 582 2429 635 rei'⁸

484 674 655 741 gratia
680 674 960 727 mittuntur
985 674 1216 742 religiosi
1241 674 1342 727 viri
1367 674 1604 742 Romam,
1646 674 1734 743 qui
1759 674 1887 728 haec
1913 692 2081 746 papae
2106 676 2425 731 intimarent.

485 768 634 832 Quod
678 774 738 823 ut
775 770 974 823 audivit
1010 770 1320 824 venerabilis
1359 770 1686 838 Alexander,
1736 773 1788 823 et
1825 776 2206 825 sacramentum
2246 778 2429 827 contra

484 865 566 918 ius
606 864 1015 919 ecclesiasticum
1050 866 1248 920 factum
1287 866 1422 920 dixit
1458 883 1562 920 non
1599 866 1908 935 tenendum,
1950 871 2001 921 et
2039 868 2301 921 communi
2339 869 2428 923 de-

486 964 627 1014 creto
675 965 786 1014 tam
833 961 1194 1031 episcoporum
1245 962 1588 1017 cardinalium
1640 979 1796 1031 quam
1845 963 2173 1017 sacerdotum
2213 968 2265 1018 et
2300 964 2429 1019 levi-

485 1059 659 1109 tarum
699 1074 818 1110 eum
855 1057 969 1110 iure
1006 1055 1448 1112 Mediolanensem
1488 1058 1710 1112 electum
1746 1058 2010 1113 iudicavit.

632 1150 858 1220 Moxque
895 1151 1098 1206 litteras
1139 1170 1258 1207 suas
1300 1154 1365 1207 ad
1403 1171 1579 1223 regem
1617 1155 1777 1223 misit,
1817 1155 1873 1208 in
1914 1155 2098 1224 quibus
2140 1156 2430 1210 ammonuit

487 1264 606 1301 eum
644 1252 703 1300 ut
739 1246 931 1300 filium:
972 1248 1245 1314 utodium
1285 1267 1553 1304 servorum
1578 1250 1695 1319 Dei,
1736 1251 1872 1319 quod
1901 1251 2074 1304 animo
2102 1255 2427 1322 conceperat,

487 1359 517 1396 a
563 1359 619 1396 se
667 1342 948 1413 proiceret3
999 1347 1051 1397 et
1100 1344 1372 1399 ecclesiam
1418 1345 1886 1400 Mediolanensium
1934 1347 2219 1401 secundum
2256 1347 2428 1402 Deum

484 1437 675 1492 habere
721 1438 1049 1508 permitteret
1095 1440 1413 1511 episcopum.
1492 1441 1640 1506 Quod
1683 1447 1743 1496 ut
1787 1460 1883 1496 rex
1928 1443 2150 1512 audivit,
2200 1461 2324 1498 mox
2350 1460 2429 1526 ‘ex

483 1532 645 1587 latere
684 1550 776 1587 suo
817 1551 937 1588 suos
976 1535 1121 1588 misit
1148 1535 1481 1590 aseeretesffl.
1542 1536 1657 1606 Qui,
1697 1539 1964 1593 venientes
1989 1539 2426 1610 Longobardiam,

482 1628 709 1683 Novarie
749 1629 848 1684 sibi
887 1630 1084 1683 curiam
1115 1632 1454 1701 constituunt,
1496 1637 1548 1687 et
1573 1633 1897 1688 multitudini
1934 1636 2298 1706 episcoporum
2324 1636 2428 1690 col-

482 1724 648 1779 lectae
694 1725 770 1780 ibi
819 1725 940 1779 dato
991 1732 1316 1782 sacramento
1358 1727 1694 1782 confirmant:
1747 1729 1845 1784 hoc
1883 1747 1995 1785 esse
2034 1733 2209 1800 regiae
2245 1733 2431 1786 volun-

483 1821 635 1889 tatiS,
684 1824 743 1874 ut
781 1819 1078 1877 Gotefridus
1120 1829 1526 1879 consecraretur.
1605 1825 1753 1889 Quod
1793 1827 2060 1882 audientes
2098 1827 2431 1896 Longobardi

486 1917 740 1987 episcopi,
788 1916 910 1971 licet
958 1919 1022 1972 ab
1073 1920 1290 1974 ecclesia
1330 1926 1504 1975 essent
1542 1924 2002 1994 excommunicati,
2052 1943 2168 1979 eum
2206 1926 2430 1981 libenter

483 2029 588 2066 non
639 2018 977 2068 sacraverunt
1023 2020 1102 2070 set
1150 2022 1539 2072 execraverunt.
1623 2018 1779 2074 Forte
1828 2020 1950 2074 huic
1999 2023 2316 2076 execrationi
2364 2039 2429 2076 ex

483 2107 860 2163 Mediolanensi
900 2111 1117 2166 ecclesia
1157 2114 1370 2182 quidam
1409 2115 1584 2168 clerici
1622 2115 1929 2185 interfuere,
1972 2135 2037 2170 ex
2075 2135 2294 2187 quorum
2332 2135 2429 2171 nu-

485 2221 628 2258 mero
673 2204 774 2259 fuit
812 2206 1098 2277 Tedaldus,
1150 2209 1239 2278 qui
1289 2227 1348 2264 eo
1394 2211 1601 2265 vivente
1651 2213 1872 2266 eundem
1919 2213 2113 2267 invasit
2160 2215 2429 2284 episcopa-

483 2304 611 2353 tum.
740 2300 889 2364 Quod
925 2307 984 2357 ut
1023 2305 1223 2358 audivit
1260 2306 1571 2360 venerabilis
1613 2306 1734 2360 Otto
1774 2307 2176 2362 Mediolanensis
2217 2310 2426 2378 6166163,

485 2396 550 2449 ad
575 2395 866 2451 Romanam
906 2416 961 2452 se
999 2400 1220 2454 contulit
1246 2401 1423 2455 sedem
1434 2398 1467 2470 ²,
1509 2402 1598 2456 ubi
1626 2420 1805 2457 omnes
1833 2404 2213 2459 ecclesiasticae
2241 2422 2428 2459 causae

483 2492 847 2546 terminantur.

630 2587 782 2656 Hugo
822 2605 943 2643 vero
983 2589 1274 2662 Candidus,
1321 2593 1385 2647 de
1425 2611 1524 2663 quo
1566 2611 1724 2665 supra
1763 2595 2061 2665 retulimuS,
2105 2595 2430 2650 Gallicanam

486 2700 516 2737 a
554 2683 743 2737 domno
790 2701 931 2755 papa
975 2686 1279 2757 impetravit
1322 2689 1662 2758 legationem3
1709 2690 1799 2744 ubi
1837 2691 2004 2745 multa
2041 2696 2222 2746 contra
2257 2692 2340 2746 ius
2379 2695 2432 2746 et

483 2779 562 2833 fas
603 2784 845 2850 operatus
887 2785 980 2850 631,
1023 2783 1162 2851 quod
1199 2802 1292 2838 suo
1333 2786 1514 2839 ordine
1551 2790 1738 2856 postea
1773 2788 2087 2842 narrabitur.

630 2875 832 2930 Eodem
880 2880 1116 2948 tempore
1165 2879 1389 2934 Cadolus
1438 2881 1738 2936 Parmensis
1791 2884 2064 2955 episcopus
2114 2901 2330 2954 corpore
2377 2887 2430 2937 et

486 2971 660 3025 anima
709 2972 982 3027 defunctus
1031 2978 1124 3028 est.
1202 2975 1274 3030 Et
1309 2994 1416 3031 non
1453 2978 1616 3032 multo
1656 2983 1778 3049 post
1813 2979 2087 3034 Ravennas
2128 2974 2427 3050 episcopus³

484 3072 721 3122 mortuus
762 3066 886 3123 est⁴.
2322 3068 2327 3074 '

631 3164 837 3218 Interea
872 3165 1173 3220 Parmensis
1214 3166 1519 3240 GuibertuS,
1569 3171 1632 3225 de
1673 3188 1772 3240 quo
1813 3187 1974 3240 supra
2009 3170 2315 3224 memoriam
2351 3170 2427 3224 fe-

485 3259 667 3329 01111113,
686 3259 1024 3317 Parmensem
1050 3264 1360 3319 mirabiliter
1386 3267 1648 3321 ambiebat
1673 3267 2046 3337 episcopatum.
2086 3265 2220 3319 Nam
2248 3266 2428 3321 adiens

604 3381 638 3407 a.
671 3371 753 3418 regi
779 3386 811 3409 c.
956 3373 991 3410 b.
1029 3358 1174 3412 aseEtes
1202 3390 1234 3412 c.

603 3435 643 3478 1.
676 3434 704 3477 i.
729 3446 768 3478 6.
802 3437 1102 3496 consiliarios;
1135 3439 1181 3483 in
1213 3439 1282 3483 his
1302 3440 1543 3497 Rapotum,
1574 3455 1618 3485 v.
1641 3441 1692 3484 L.
1709 3439 1797 3485 VH
1825 3437 1955 3483 infra.
2096 3440 2137 3484 2.
2168 3444 2274 3497 post
2304 3441 2347 3485 d.
2371 3443 2429 3487 22

485 3503 594 3562 Apr.
628 3507 743 3551 1073
790 3510 1040 3554 secundum
1076 3510 1253 3556 Arnulfi
1293 3512 1435 3557 Gesta
1480 3513 1705 3571 archiepp.
1745 3512 1923 3556 Mediol.
1961 3511 2027 3556 IV
2064 3511 2114 3568 4,
2154 3513 2182 3556 l.
2214 3513 2243 3558 1.
2282 3527 2327 3571 p.
2355 3515 2427 3559 26.

485 3578 527 3622 3.
559 3579 812 3625 Heinricus.
960 3584 1003 3628 4.
1045 3597 1162 3629 anno
1195 3586 1331 3643 1072,
1370 3590 1422 3631 ut
1452 3585 1617 3631 docent
1645 3586 1846 3631 Annales
1875 3584 2146 3631 Altahenses
2177 3587 2248 3631 ed.
2272 3587 2428 3633 Giese·

485 3650 644 3696 brecht
674 3654 732 3697 ad
764 3656 893 3712 1072,
924 3670 968 3712 p.
995 3658 1093 3701 117.
