2722 4172
805 266 1079 305 GREGORII
1115 268 1195 304 vn
1230 266 1493 305 REGISTRI
1528 266 1550 303 1
1576 266 1638 303 60.
2114 251 2182 304 79

247 383 333 438 cui
367 399 694 453 nequaquam
730 382 887 437 fidem
937 384 1377 453 adhibuissemus,
1426 383 1530 437 nisi
1569 382 1707 452 quod
1741 382 1797 435 in
1832 381 2022 434 litteris
2060 382 2182 451 tuiS,

248 495 377 548 quas
415 478 480 533 de
518 495 676 533 causa
700 479 937 533 Ieromiri
961 479 1239 549 Bragensis
1279 483 1331 533 et
1357 479 1600 532 Iohannis
1626 477 1947 532 Moravensis
1987 477 2184 547 episco-

245 591 435 645 porum
470 575 620 629 nobis
661 575 926 645 direxisti,
975 577 1112 630 idem
1132 636 1135 639 ,
1159 577 1216 629 111
1254 576 1487 628 animum
1523 579 1671 627 tuum
1709 578 1761 628 te
1797 573 2067 627 induxisse
2103 574 2184 627 in-

245 670 568 725 telleximus:
607 672 850 727 videlicet
886 676 946 726 ut
981 673 1266 740 negotium,
1307 671 1443 740 quod
1479 671 1583 740 ipsi
1619 669 1813 723 habent
1850 669 1916 722 ad
1942 669 2183 738 invicem,

2246 387 2361 431 1074

2213 447 2320 485 Mart.
2341 449 2389 485 18

245 767 436 822 totiens
473 767 581 822 iam
620 769 686 822 ad
713 768 1050 840 apostolicam
1077 767 1307 822 delatum
1333 767 1668 834 audientiam,
1709 782 1740 818 a
1776 770 1955 819 nostro
1993 766 2185 818 iudicio
2257 817 2262 823 .

247 862 315 917 ad
351 881 572 919 examen
618 867 696 919 tui
744 865 947 920 arbitrii
994 864 1378 918 transferretur.
1457 862 1571 926 Qua
1606 862 1662 914 in
1698 879 1756 915 re
1797 861 2040 930 quoniam
2079 862 2185 915 evi-

246 959 428 1014 denter
475 966 718 1032 apparet,
777 979 934 1031 quam
984 977 1172 1031 parum
1219 958 1539 1012 consultores
1583 957 1663 1011 tui
1706 958 1823 1010 iura
1871 957 2186 1028 apostolicae

247 1058 571 1112 auctoritatis
608 1057 905 1126 intelligant
940 1056 1024 1111 vel
1065 1056 1350 1123 attendant,
1389 1054 1774 1108 fraternitatem
1805 1058 1968 1123 tuam,
2006 1058 2066 1107 ut
2091 1071 2185 1107 no—

244 1153 447 1207 biscum
483 1154 755 1208 canonicas
793 1153 1099 1207 traditiones
1148 1155 1201 1206 et
1238 1152 1447 1206 decreta
1484 1154 1784 1205 sanctorum
1819 1154 2030 1221 patrum
2066 1168 2185 1222 per-

245 1253 437 1318 currat,
475 1250 780 1316 invitamus;
819 1249 877 1302 in
916 1247 1119 1318 quibuS,
1158 1248 1598 1319 praesumptionis
1637 1264 1760 1301 suae
1793 1247 1990 1300 fastum
2017 1247 2184 1301 denuo

243 1361 632 1414 recognoscenS,
672 1345 879 1415 culpam
916 1345 971 1398 in
1011 1362 1066 1398 se
1096 1345 1213 1415 ipsa
1236 1345 1583 1414 negligentiae
1609 1345 1808 1416 pariter
1833 1343 2187 1414 deprehendat

244 1444 296 1495 et
333 1457 505 1494 3118118.
569 1441 730 1510 Nam,
779 1458 897 1496 cum
935 1442 1166 1512 primum
1210 1441 1465 1496 Iohannes
1503 1440 1855 1495 Moravensis³
1894 1441 2183 1511 episcopuS,

243 1536 490 1592 ecclesiae
528 1538 612 1591 cui
646 1542 855 1609 praeest
900 1538 1018 1592 iura
1065 1538 1340 1592 defendere
1386 1538 1593 1606 volens,
1642 1538 1822 1591 multis
1869 1537 2075 1590 iniuriis
2125 1553 2185 1590 ac

241 1634 594 1703 contumeliiS,
649 1633 868 1703 flagellis
917 1635 1077 1688 etiam
1122 1638 1182 1688 ut
1229 1634 1520 1688 audivimus
1571 1633 1864 1688 afficeretur
1911 1637 1964 1686 et
2008 1637 2185 1687 tamen

239 1730 497 1784 iustitiam
533 1747 639 1784 non
675 1735 854 1802 posset
891 1731 1152 1800 consequi,
1191 1735 1282 1784 tua
1318 1731 1500 1799 religio
1539 1731 1740 1784 nullam
1774 1730 1896 1783 inde
1935 1729 2184 1783 sollicitu-

241 1826 443 1896 dinem,
492 1827 692 1881 nullam
728 1828 785 1880 in
823 1828 1150 1881 discutienda
1187 1843 1344 1880 causa
1379 1827 1758 1895 fatigationem·
1779 1827 2067 1896 suscepisse
2105 1827 2183 1880 di-

239 1923 487 1977 noscitur.
564 1923 788 1993 Verum,
838 1928 1117 1995 postquam
1157 1923 1442 1994 apostolica
1480 1924 1656 1992 801108,
1712 1928 1924 1994 accepta
1960 1925 2185 1995 praefati

242 2019 474 2090 episcopi
513 2021 851 2089 querimonia,
893 2038 1049 2092 saepe
1086 2037 1182 2092 per
1221 2020 1494 2091 epistolas,
1545 2020 1856 2089 aliquotiens
1895 2022 2053 2074 etiam
2090 2039 2184 2092 per

239 2115 439 2184 legatos
478 2132 689 2171 causam
726 2118 862 2171 iusto
900 2116 1003 2171 fine
1042 2117 1390 2171 determinare
1428 2120 1480 2170 et
1505 2116 1654 2170 litem
1679 2133 2005 2187 compescere
2033 2118 2183 2171 desu-

239 2211 480 2282 daverat,
528 2217 653 2267 tunc
699 2213 909 2267 demum
956 2213 1208 2282 evigilans
1248 2212 1479 2267 sollertia
1515 2217 1608 2267 tua
1643 2213 1910 2282 negotium
1950 2215 2183 2268 animad-

237 2309 412 2378 vertit,
453 2311 562 2364 suis
597 2309 696 2363 hoc
733 2310 1139 2365 discussionibus
1177 2311 1508 2364 referendum
1535 2327 1647 2364 esse
1673 2310 1949 2378 iudicavit3
1990 2315 2042 2364 et
2077 2311 2182 2365 fra-

238 2409 389 2475 trem,
427 2423 522 2476 per
561 2406 845 2477 apostolica
883 2406 1129 2476 suffragia
1167 2407 1234 2461 ad
1269 2411 1481 2478 portum
1508 2407 1741 2461 iustitiae
1768 2411 1820 2461 et
1845 2407 2034 2477 quietis
2061 2425 2183 2461 ena-

238 2506 453 2572 tantem,
492 2503 549 2557 in
584 2504 899 2574 profundum
938 2504 1091 2558 credo
1129 2503 1458 2558 renovandae
1496 2504 1841 2557 contentionis
1869 2508 1920 2558 et
1944 2503 2182 2558 laborum

237 2599 503 2653 retrahere
539 2599 766 2654 voluisti.
824 2600 1149 2670 Quamquam
1186 2601 1348 2669 igitur
1371 2600 1494 2654 hinc
1529 2600 1686 2654 officii
1710 2601 1790 2654 tui
1813 2601 2016 2655 incuria
2038 2601 2183 2655 illinc

240 2697 482 2766 suscepta
519 2696 765 2750 adversus
806 2697 1145 2768 apostolicam
1183 2697 1388 2766 sedem,
1437 2701 1713 2751 accusante
1756 2702 1834 2767 te,
1885 2699 2182 2766 arrogantia

238 2791 425 2845 merito
470 2792 527 2845 in
572 2796 624 2846 te
671 2793 986 2847 commoveri
1032 2793 1361 2861 deberemus3
1417 2797 1623 2847 utentes
1670 2798 1848 2848 tamen
1896 2794 2182 2865 apostolica

237 2887 662 2957 mansuetudine,
707 2888 913 2960 placido
958 2893 1011 2943 te
1058 2890 1394 2944 admonemus
1443 2889 1658 2945 affatub:
1707 2909 1774 2945 ne
1815 2891 2033 2945 ulterius
2070 2896 2180 2944 tam

236 2983 559 3053 inordinata,
606 2988 717 3038 tam
753 2985 1048 3039 inconsulta
1091 3003 1424 3057 praesumas3
1475 2987 1762 3058 apostolica
1806 2987 2024 3056 iudicia,
2073 3004 2180 3040 non

238 3081 352 3135 dico
390 3067 532 3150 tibi,
561 3081 653 3135 sed
694 3098 791 3135 nec
827 3081 923 3135 ulli
958 3082 1374 3152 patriarcharum
1412 3089 1503 3139 aut
1537 3084 1824 3155 primatum
1860 3083 2180 3137 retractandi

235 3176 502 3232 licentiam
538 3179 649 3232 fore
688 3178 980 3246 existimes3
1031 3195 1098 3232 ne
1137 3183 1318 3233 contra
1356 3185 1564 3234 sanctae
1601 3180 1865 3233 Romanae
1903 3179 2176 3233 ecclesiae⁰

239 3274 515 3344 quicquam
561 3274 660 3328 tibi
698 3274 980 3328 attribuere
1018 3274 1102 3328 vel
1146 3275 1322 3329 moliri
1366 3278 1560 3346 cogites
1573 3317 1588 3345 ,
1637 3277 1748 3330 sine
1795 3276 1941 3329 cuius
1979 3275 2178 3330 habun-

238 3369 385 3424 danti
421 3370 697 3425 clementia
732 3356 829 3426 nec
863 3372 921 3425 in
957 3371 1070 3425 loco
1110 3372 1319 3441 quidem
1355 3376 1470 3442 tuo,
1509 3377 1569 3426 ut
1605 3375 1666 3425 tu
1700 3372 1814 3442 ipse
1851 3372 2016 3441 nosti,
2057 3371 2177 3426 sub-

238 3466 422 3521 sistere
457 3471 623 3538 potes.
681 3468 788 3522 Nos
827 3468 1021 3522 etenim
1060 3468 1336 3522 adiuvante
1363 3468 1474 3522 Deo
1501 3485 1596 3539 per
1636 3468 2000 3522 auctoritatem
2038 3468 2178 3523 beati

238 3560 396 3631 Petri,
435 3564 569 3617 sicut
604 3565 712 3618 iam
750 3565 840 3618 diu
876 3566 932 3618 in
972 3565 1257 3634 apostolica
1291 3565 1411 3619 sede
1438 3565 1703 3619 decretum
1731 3569 1825 3633 est,
1864 3565 2001 3618 inter
2025 3583 2176 3636 prae-

353 3692 386 3717 3.
420 3681 651 3719 Marovensis
678 3698 709 3719 c.
865 3682 904 3720 b.
930 3683 1067 3720 affectu
1094 3698 1126 3720 c.
1279 3693 1311 3720 c.
1345 3683 1428 3720 iura
1454 3684 1640 3721 excidisse
1666 3684 1821 3721 videtur.
