2730 4198
854 251 1126 290 GREGORII
1162 253 1243 289 vn
1279 251 1543 290 REGISTRI
1578 251 1681 288 vm
1706 250 1767 286 21.
2166 235 2274 288 459

339 368 578 437 inferius,
621 386 779 437 quam
817 371 866 420 si
891 370 1103 439 plumbi
1137 370 1400 423 metallum
1439 371 1511 422 acl
1547 371 1670 421 auri
1687 369 1959 438 fulyorem
1986 385 2249 436 compares
2259 387 2276 428 3

339 466 535 534 quippe
583 482 699 515 cum
744 466 921 516 videas
967 484 1146 535 re9um
1196 466 1329 518 colla
1377 477 1424 518 et
1451 468 1761 535 principum
1798 464 2030 516 submitti
2061 462 2277 532 yenibus

337 560 662 611 sacerdotum
700 570 761 624 et,
805 561 1102 614 exosculata
1141 580 1315 613 eorum
1342 563 1569 625 dextera,
1614 560 1936 613 orationibus
1965 577 2140 611 eorum
2167 576 2276 610 cre-

337 656 467 707 dant
490 673 542 707 se
568 659 879 708 communiri
888 676 906 718 ,·
946 659 997 708 et
1022 660 1141 724 post
1166 670 1357 724 pauca:
1397 656 1544 707 Haec
1571 666 1769 720 cuncta,
1785 655 2008 723 fratreS,
2041 655 2156 706 ideo
2183 672 2277 706 nos

327 753 665 819 praemisisse
690 752 878 804 <lebetis
904 770 1220 821 coquoscere,
1249 762 1307 804 ut
1333 753 1737 804 ostenderemus:
1774 750 1938 802 nichil
1963 767 2067 801 esse
2091 751 2149 800 iu
2184 749 2278 800 hoc

335 847 539 898 saeculo
562 848 884 900 excellentius
904 847 1269 911 sacerdotibus,
1291 847 1455 898 nichil
1473 847 1742 898 sublimius
1763 847 2016 914 episcopis
2037 845 2275 913 reperiri.

482 940 784 995 Meminisse
823 943 1010 995 etiam³
1041 940 1194 994 debet
1217 940 1518 993 fraternitas
1545 944 1661 992 tua:
1703 939 1827 1008 quia
1851 939 2019 991 maior
2044 942 2276 1008 potestas

337 1034 653 1091 exorcistae¹
691 1036 1039 1104 concediturb,
1088 1052 1207 1088 cum
1255 1035 1635 1106 spiritualis
1684 1035 2041 1104 imperator
2081 1033 2148 1086 ad
2187 1033 2277 1086 ab-

334 1132 563 1185 iciendos
602 1132 845 1185 demones
885 1131 1216 1184 constituitur
1228 1127 1262 1198 ²,
1303 1148 1460 1200 quam
1499 1131 1656 1184 alicui
1691 1131 1944 1183 laicorum
1983 1145 2140 1183 causa
2165 1145 2277 1182 sae-

335 1227 526 1280 cularis
565 1227 935 1280 dominationis
973 1227 1133 1280 tribui
1170 1227 1352 1296 possit.
1431 1226 1683 1280 Omnibus
1721 1234 1938 1295 nempe⁶
1976 1225 2186 1293 regibus
2226 1228 2278 1278 et

252 1327 254 1331 ’
333 1323 656 1392 principibus
707 1328 904 1390 terrae,
955 1322 1044 1390 qui
1088 1322 1330 1390 religiose
1380 1339 1485 1375 non
1523 1323 1708 1375 vivunt
1746 1326 1799 1375 et
1833 1322 1888 1374 in
1929 1321 2128 1375 actibus
2169 1321 2276 1374 suis

332 1417 504 1471 Deum
541 1422 599 1470 ut
638 1418 872 1487 oportetd
910 1435 1014 1472 non
1053 1422 1307 1486 metuunt,
1349 1418 1594 1471 demones
1629 1418 1730 1471 heu
1766 1418 1898 1488 proh
1925 1418 2072 1470 dolor
2111 1416 2277 1471 domi-

331 1517 524 1567 nantur
563 1518 615 1567 et
652 1514 846 1566 misera
892 1522 1007 1567 608Ε
1048 1515 1296 1568 servitute
1336 1514 1672 1567 confundunt.
1753 1514 1904 1567 Tales
1943 1513 2121 1581 enims,
2171 1530 2276 1566 non

331 1609 508 1663 divino
555 1610 698 1662 ducti
744 1627 919 1663 amore
969 1611 1104 1663 sicut
1152 1610 1384 1678 religiosi
1432 1610 1726 1663 sacerdotes
1776 1610 1842 1662 ad
1888 1610 2139 1662 honorem
2176 1608 2275 1662 Dei

332 1710 384 1759 et
420 1705 733 1759 utilitatemg
761 1706 1070 1774 animarum,
1110 1722 1350 1775 praeesse
1390 1706 1630 1775 cupiunt3
1670 1706 1761 1758 sed
1799 1709 1858 1758 ut
1894 1705 2275 1759 intolerabilem

332 1801 631 1871 superbiam
669 1818 817 1854 suam
858 1801 1146 1854 ostententh
1175 1802 1439 1870 animique
1476 1801 1745 1854 libidinem
1786 1801 2046 1872 expleant,
2087 1801 2274 1855 ceteris

332 1897 591 1950 dominari
631 1896 889 1950 affectant.
948 1896 1029 1951 De
1069 1897 1255 1966 quibus
1294 1897 1476 1950 beatus
1501 1896 1828 1964 Augustinus
1862 1898 1916 1950 in
1942 1897 2076 1951 libro
2102 1897 2274 1967 primo

331 1993 395 2047 de
434 1992 670 2046 doctrina
708 1989 1018 2047 christiana3
1046 1993 1196 2046 dicit:
1238 1993 1365 2046 Cum
1403 2013 1521 2047 vero
1563 1997 1716 2047 etiam
1743 1996 1831 2059 eis,
1875 1996 1970 2064 qui
1993 1995 2096 2046 sibi
2118 2005 2273 2048 natu-

329 2090 512 2143 raliter
544 2108 700 2160 pares
739 2102 875 2155 sunt,
917 2091 1011 2143 hoc
1050 2101 1122 2142 est
1159 2091 1468 2155 hominibus,
1511 2091 1726 2160 quilibet
1759 2091 2027 2142 dominari
2049 2090 2270 2160 affectat,

328 2186 673 2239 intolerabilis
714 2189 921 2239 omnino
961 2187 1205 2256 superbia
1233 2196 1317 2238 est.
1377 2183 1559 2238 Porro¹
1587 2185 1892 2253 exorcistae,
1932 2188 1992 2238 ut
2026 2185 2271 2254 diximUS,

311 2274 486 2350 'super
520 2280 765 2334 demones
795 2297 825 2333 a
850 2280 961 2334 Deo
997 2280 1340 2350 imperium
1366 2279 1646 2346 habentk43
1680 2284 1872 2348 quanto
1899 2281 2060 2348 igitur
2085 2281 2272 2349 magis'

327 2393 485 2447 super
523 2393 628 2444 eOS,
669 2377 758 2445 qui
784 2376 1090 2430 demonibus
1118 2376 1338 2430 subiecti
1373 2380 1426 2430 et
1450 2375 1688 2430 membra
1714 2380 1836 2430 sunt
1861 2377 2155 2430 demonum.
2218 2375 2275 2430 Si

327 2488 449 2540 ergo
476 2472 557 2525 his
583 2476 787 2526 tantum
808 2472 1138 2543 praeminent
1163 2473 1470 2540 exorcistae,
1499 2476 1692 2541 quanto
1717 2472 1941 2542 amplius
1961 2472 2271 2526 sacerdotes.

473 2566 754 2622 Praeterea
793 2568 962 2621 omnis
1001 2585 1095 2622 rex
1135 2568 1447 2622 christianus
1489 2569 1556 2622 ad
1595 2568 1795 2622 exitum
1832 2568 2063 2637 venienS,
2102 2572 2162 2622 ut
2192 2568 2273 2622 in-

326 2662 462 2717 ferni
511 2679 770 2717 carcerem
824 2665 1038 2732 evadat,
1087 2668 1146 2718 ut
1184 2665 1248 2718 de
1286 2664 1516 2718 tenebris
1554 2665 1610 2717 in
1647 2664 1813 2718 lucem
1854 2664 2063 2732 tendat,
2112 2669 2171 2719 ut
2209 2664 2272 2718 de

442 2851 476 2876 a.
503 2839 602 2876 enim
631 2841 666 2876 2.
769 2839 806 2876 b.
837 2840 1081 2877 committitur
1108 2841 1144 2876 3.
1249 2851 1281 2876 c.
1309 2841 1448 2889 quippe
1470 2842 1506 2877 2.
1611 2841 1648 2878 d.
1677 2841 1810 2889 opinor
1837 2842 1872 2877 3.
1977 2852 2008 2877 6.
2038 2851 2103 2877 eos
2132 2841 2275 2878 addidi

325 2920 373 2942 ex
400 2907 434 2942 3.
538 2905 564 2942 f.
591 2905 706 2952 igitur
733 2905 768 2941 3.
874 2916 908 2952 g.
937 2905 1095 2942 salutem
1123 2907 1159 2943 2.
1268 2906 1307 2943 11.
1336 2906 1539 2944 ostendant
1566 2908 1601 2944 2.
1705 2907 1730 2944 i.
1758 2906 1873 2943 Porro
1902 2908 2025 2943 autem
2052 2917 2138 2944 cum
2166 2918 2270 2944 exor-

325 2971 422 3008 cista
448 2973 483 3008 3.
639 2971 678 3008 k.
713 2970 851 3008 habeat
877 2972 913 3008 3.
1067 2971 1093 3008 l.
1127 2972 1246 3018 magis
1282 2992 1319 2997 —
1351 2973 1577 3018 exorcistae,
1608 2973 1748 3021 quanto
1776 2986 1845 3009 om.
1871 2974 1906 3009 2.

444 3050 483 3093 1.
525 3050 776 3093 exorcistae
816 3049 926 3093 ordo
967 3052 1038 3093 est
1074 3049 1235 3093 tertius
1276 3062 1334 3094 ex
1364 3055 1557 3106 quatuor
1586 3049 1834 3095 minoribus
1865 3049 2097 3094 ordinibus
2128 3051 2269 3095 eccle—

323 3122 517 3167 siasticis
548 3124 628 3173 (sc.
652 3123 844 3179 ostiarii,
876 3122 1077 3178 lectoris,
1111 3123 1382 3179 exorcistae,
1414 3124 1645 3181 acolythi).
1825 3124 1866 3166 2.
1907 3121 2111 3179 pontifex
2149 3124 2269 3168 enim

324 3197 571 3240 exorcistas
601 3196 836 3240 ordinans:
872 3195 1055 3252 „Deum
1085 3195 1295 3252 patrem“
1329 3197 1475 3252 inquit
1507 3196 1849 3253 „deprecemur,
1882 3199 1933 3239 ut
1963 3195 2044 3240 hos
2075 3195 2268 3240 famulos

324 3282 430 3314 suos
459 3268 729 3314 benedicere
769 3269 981 3325 dignetur
1019 3268 1066 3312 in
1106 3267 1304 3312 officium
1336 3270 1684 3326 exorcistarum,
1725 3274 1777 3313 ut
1806 3269 1897 3314 sint
1927 3269 2266 3325 spirituales

323 3343 696 3399 imperatores
728 3342 785 3386 ad
817 3339 1077 3386 abiciendos
1109 3340 1397 3386 daemones“.
1444 3343 1502 3388 V.
1523 3341 1787 3387 Pontificale
1810 3343 2077 3398 Romanum,
2109 3341 2167 3386 de
2197 3354 2266 3386 or-

323 3415 552 3460 dinatione
582 3416 921 3460 exorcistarum.
1102 3415 1143 3458 3.
1175 3414 1274 3459 Lib.
1296 3415 1319 3459 I
1349 3427 1387 3459 c.
1411 3416 1481 3459 23.
1522 3415 1633 3471 Opp.
1658 3414 1703 3459 S.
1722 3414 1967 3471 Augustini
1998 3415 2069 3459 ed.
2094 3415 2266 3460 Caillau

322 3487 388 3533 IV
416 3488 518 3533 435.
695 3489 739 3532 4.
786 3486 1013 3545 pontificis
1051 3488 1300 3532 exorcistas
1339 3487 1590 3532 ordinantis
1630 3487 1744 3532 haec
1782 3488 1918 3532 etiam
1957 3487 2098 3533 verba
2137 3492 2264 3533 sunt:

327 3560 553 3616 „Domine
584 3586 639 3593 -
670 3560 938 3606 benedicere
969 3560 1158 3617 dignare
1193 3560 1275 3605 hos
1306 3559 1498 3605 famulos
1527 3564 1632 3605 tuos
1665 3585 1719 3592 ——
1751 3564 1803 3604 ut
1839 3561 2140 3618 imperium
2170 3561 2263 3606 ha-

322 3631 493 3677 beant
522 3633 705 3690 spiritus
734 3633 991 3679 immundos
1022 3633 1310 3679 coercendi“.
1357 3634 1414 3680 V.
1445 3632 1707 3679 Pontificale
1736 3634 1990 3679 Romanum
2019 3634 2048 3679 l.
2069 3635 2098 3678 1.

2338 372 2450 415 1081

2305 430 2414 468 Mart.
2434 433 2482 470 15
