2722 4172
301 387 416 432 1074

293 448 380 485 Mai.
400 450 423 486 6

295 2221 411 2265 1074

293 2282 380 2319 Mai.
400 2282 422 2319 8

458 249 562 303 102
960 262 1231 303 GREGoRn
1266 261 1346 299 vn
1382 259 1644 300 REG1s'rm
1679 260 1701 298 1
1727 259 1788 297 81.
1814 260 1876 298 82.

456 380 728 451 quillitatis
765 383 1014 451 tempore,
1055 382 1246 449 quanto
1284 394 1371 432 eos
1403 376 1657 432 violenter
1694 376 1954 447 astrinxit,
1991 381 2175 449 postea
2212 378 2379 432 autin

453 481 708 531 conventu
761 477 1121 545 religiosorum
1176 475 1537 546 episcoporum
1583 476 1675 527 aut
1718 473 1775 526 in
1819 475 2116 544 praesentia
2159 473 2380 528 Romani

451 571 728 643 pontificiS,
770 589 900 642 quae
927 571 1008 626 sui
1030 572 1160 625 iuris
1187 571 1441 639 aestimat,
1482 569 1716 623 ordinate
1739 570 1986 638 requirat.
2035 569 2215 640 Neque
2241 570 2381 624 enim

453 669 520 723 ad
563 669 661 722 hoc
703 668 926 739 praelati
964 685 1167 737 sumuS,
1214 671 1274 721 ut
1308 670 1518 721 nostrae
1554 666 1857 720 commissos
1893 666 2250 736 providentiae
2285 683 2380 737 po-

450 768 622 818 tenter
666 765 833 833 magis
873 781 1030 834 quam
1065 765 1202 818 iuste
1237 767 1533 818 tractemus
1591 762 1666 816 At
1703 762 1748 815 si
1783 761 1873 815 ille
1908 761 2037 816 haec
2074 770 2165 815 ex·
2201 765 2382 816 nostra

449 864 599 930 parte
637 861 963 931 procuranda
1006 861 1206 914 monita
1249 859 1532 929 adimplere
1570 858 1850 930 spreverit,
1900 857 1998 911 tibi
2032 857 2378 926 iniungimust

450 959 524 1025 ut,
565 957 849 1027 apostolica
885 956 1045 1010 fultus
1086 957 1407 1024 auctoritate,
1447 972 1552 1009 una
1590 972 1707 1009 cum
1734 952 2108 1008 confratribqu
2133 953 2236 1008 tuis
2262 957 2382 1007 ante

451 1053 712 1121 signatum
749 1052 922 1106 locum
961 1052 1024 1107 ab
1064 1053 1205 1106 omni
1240 1052 1600 1107 interdictione
1639 1056 1691 1106 et
1727 1049 2258 1106 excommunicatione
2293 1049 2383 1103 ab·

451 1149 620 1202 solvas
669 1153 744 1218 et,
794 1149 974 1203 eadem
1025 1149 1329 1203 auctoritate
1372 1148 1690 1219 presbyteris
1734 1147 1929 1201 ibidem
1983 1145 2383 1201 consistentibus

451 1246 517 1299 ad
554 1245 920 1300 celebrandum
957 1245 1190 1299 divinum
1229 1244 1456 1299 officium
1479 1245 1753 1313 roboratiS,
1793 1244 2111 1314 episcopum,
2148 1248 2209 1296 111
2232 1241 2382 1296 nobis

451 1342 514 1395 de
550 1342 840 1412 pertinacia
877 1359 972 1396 sua
1006 1346 1058 1396 et
1083 1345 1383 1412 contemptu
1407 1344 1583 1395 nostro
1608 1340 1938 1411 respondeat,
1979 1357 2044 1394 ex
2067 1342 2217 1411 parte
2242 1339 2384 1393 beati

447 1437 590 1492 Petri
641 1442 693 1492 01
739 1442 920 1492 nostra
965 1455 1060 1509 per
1103 1438 1253 1492 illum
1300 1438 1583 1509 apostolica
1628 1437 1992 1507 praeceptione
2036 1452 2380 1491 commoneas,

447 1533 556 1588 Has
594 1551 716 1588 vero
754 1535 957 1589 litteras
994 1538 1201 1588 nostras
1238 1535 1424 1588 iccirco
1465 1537 1642 1605 aperte
1669 1533 1865 1602 signari
1888 1533 2122 1602 fecimuS,
2159 1536 2234 1602 ut,
2271 1536 2383 1587 tam

448 1630 763 1685 Virdunensi
803 1648 959 1700 quam
997 1631 1182 1685 ceteris
1222 1631 1479 1701 episcopis
1516 1634 1769 1698 ostensae,
1810 1629 2116 1683 commissae
2139 1629 2237 1683 tibi
2261 1645 2383 1700 pro-

449 1726 729 1781 curationis
769 1731 821 1781 et
860 1726 1182 1780 auctoritatis
1221 1727 1583 1781 certitudinem
1607 1726 1908 1797 praebeant.
1965 1725 2105 1801 Data
2127 1725 2323 1780 Romae
2347 1726 2381 1780 2

447 1823 622 1878 Nonas
659 1822 804 1893 Maii,
841 1822 1126 1877 indictione
1168 1824 1250 1877 12.
1302 1820 1310 1823 ⁷

448 1996 474 2058 I
508 2000 609 2059 82.
651 2003 969 2056 Monasterii
990 2001 1274 2073 Auyiensis
1302 2002 1455 2074 bona,
1491 2019 1591 2071 per
1617 1999 1899 2053 Robertum
1924 1998 2158 2052 abbatem
2182 2000 2384 2071 disper-

652 2102 764 2166 tita,
805 2100 1017 2153 Ecardo
1058 2099 1236 2152 abbati
1272 2119 1306 2151 α
1342 2116 1447 2150 sese
1484 2107 1776 2150 consecrato
1814 2098 2020 2149 restitui
2053 2096 2206 2150 iubet.

599 2208 878 2282 Gregorius
918 2209 1173 2278 0100111118,
1215 2209 1281 2262 ad
1319 2225 1445 2278 quos
1483 2207 1689 2261 litterae
1725 2206 1859 2260 istae
1895 2206 2242 2276 pervenerint.

599 2306 923 2375 Quamquam
973 2306 1038 2360 ad
1080 2304 1461 2376 propulsandas
1500 2304 1733 2357 omnium
1771 2302 2105 2356 ecclesiarum
2142 2305 2195 2356 et
2228 2318 2383 2357 vene-

449 2403 696 2458 rabilium
739 2402 974 2456 locorum
1018 2402 1237 2456 iniurias
1287 2418 1352 2455 ex
1398 2401 1571 2455 debito
1619 2398 1776 2452 officii
1812 2399 1979 2452 nostri
2017 2403 2068 2452 et
2103 2397 2385 2453 universali

449 2499 805 2571 providentia,
856 2516 1013 2568 quam
1057 2515 1153 2569 per
1200 2498 1410 2552 beatum
1446 2496 1662 2550 Petrum
1705 2494 2058 2566 apostolorum
2093 2495 2385 2566 principem

449 2597 572 2651 licet
615 2595 817 2663 indigni
865 2595 1212 2665 suscepimUS,
1263 2593 1480 2648 sollicite
1523 2593 1671 2647 nobis
1708 2591 2085 2660 invigilandum
2123 2596 2176 2646 et
2211 2591 2385 2646 elabo-

450 2693 674 2748 randum
712 2708 823 2745 esse
860 2708 1161 2759 noscamuS,
1216 2690 1297 2743 his
1334 2693 1510 2743 tamen
1546 2689 1672 2743 locis
1712 2688 2025 2760 apostolicae
2061 2688 2384 2743 auctoritatis

454 2806 607 2860 opem
646 2792 698 2842 01
736 2791 939 2841 scutum
975 2786 1261 2857 impensius
1299 2785 1631 2840 circumferre
1669 2785 1982 2857 duppliciter
2008 2770 2383 2855 quodammodo

453 2885 830 2956 compellimur,
863 2901 993 2953 quae
1019 2887 1071 2937 01
1094 2883 1150 2936 10
1175 2883 1404 2951 generali
1430 2887 1637 2938 sanctae
1661 2882 1925 2937 Romanae
1951 2881 2197 2936 ecclesiae
2220 2897 2383 2934 mem-

451 2984 665 3038 brorum
717 2980 1036 3036 continentia
1079 2979 1264 3033 ceteris
1302 2983 1651 3048 coaequantur
1689 2982 1741 3033 et
1786 2978 2061 3048 singularis
2107 2976 2384 3048 patrocinii

452 3079 728 3150 privilegia
773 3094 901 3148 prae
951 3076 1135 3131 ceteris
1185 3076 1485 3130 sortiuntur.
1550 3075 1595 3129 E
1637 3076 1822 3145 quibus
1861 3075 2105 3144 quoniam
2141 3073 2383 3141 Augense

453 3176 828 3230 monasterium
864 3173 985 3227 huic
1022 3175 1231 3226 sanctae
1270 3176 1322 3225 et
1358 3173 1670 3243 apostolicae
1707 3173 1819 3226 sedi
1855 3170 2076 3241 quadam
2105 3168 2384 3240 principali

457 3277 508 3327 et
542 3272 811 3326 individua
847 3270 1087 3324 cohaeret
1121 3269 1286 3338 linea,
1336 3269 1401 3323 de
1439 3269 1760 3340 dispersione
1795 3268 2049 3322 bonorum
2086 3266 2196 3319 eius
2231 3265 2383 3320 valde

457 3368 704 3437 dolentes,
733 3367 857 3437 quid
882 3366 1120 3420 dominus
1147 3368 1198 3419 01
1224 3369 1516 3420 antecessor
1539 3369 1716 3420 noster
1738 3363 2037 3418 Alexander
2060 3362 2383 3416 venerandae

457 3466 737 3519 memoriae
774 3481 914 3535 papa
937 3463 1058 3517 inde
1084 3462 1311 3516 decrevit
1334 3462 1576 3531 recolere,
1616 3465 1668 3515 et
1698 3459 2007 3526 sententiam
2030 3461 2238 3512 nostrae
2261 3474 2382 3512 con-

457 3560 764 3615 firmationis
802 3560 858 3613 in
893 3560 949 3613 id
985 3560 1158 3630 ipsum
1184 3558 1437 3628 omnibuS,
1478 3559 1544 3612 ad
1570 3574 1697 3628 quos
1724 3557 1876 3611 huius
1903 3554 2151 3627 epistolae
2174 3557 2384 3609 nostrae

575 3690 606 3716 a.
641 3690 684 3716 ex
713 3678 861 3716 addidi.
1015 3677 1052 3713 b.
1084 3676 1261 3714 fratribus
1289 3677 1324 3713 2.
