2730 4198
345 426 460 470 1078

324 485 432 523 Mart.
453 487 477 524 3

519 291 625 344 308
1044 302 1319 342 GREGORH
1357 302 1434 339 vn
1470 301 1735 340 REGISTRI
1770 303 1806 339 v
1840 301 1929 339 148..

663 422 955 492 Episcopos
991 438 1136 485 vero,
1180 423 1287 489 qui,
1330 422 1550 490 acceptis
1590 419 1817 489 epistolis
1854 423 2044 473 nostris
2083 430 2174 472 aut
2213 422 2448 490 coqnitis,

518 535 680 587 neque
715 536 816 587 per
853 535 905 568 se
942 533 1104 584 neque
1137 534 1234 585 per
1272 517 1576 567 canonicam
1615 517 1991 568 excusationem
2028 517 2101 568 ad
2130 526 2453 586 praesentem

518 614 772 683 synodum
809 621 1077 676 venerunt,
1130 611 1193 663 ab
1235 610 1522 680 episcopali
1557 611 1918 680 suspendimus
1958 610 2144 679 officio.
2222 611 2296 663 Et
2333 613 2450 680 qui-

519 725 717 776 cunque
755 725 945 771 eorum,
986 725 1075 758 seu
1113 709 1382 776 episcopus
1421 708 1526 757 sive
1543 705 1832 775 presbyter,
1866 707 2152 774 praedictis
2178 706 2449 758 Norman-

517 805 624 868 nis,
677 804 837 855 donec
885 804 1313 854 excommunicati
1332 802 1567 870 fuerint,
1620 802 1856 852 divinum
1895 800 2124 869 officium
2145 802 2364 870 fecerit,
2418 821 2452 854 a

517 898 828 950 sacerdotali
865 898 1035 967 officio
1075 905 1214 949 eum'
1251 908 1499 967 perpetuo
1539 915 1925 948 summovemus,

664 993 862 1046 Abbati
884 993 1136 1061 Farfensi
1150 988 1161 1011 ¹
1189 1003 1296 1045 octo
1336 993 1574 1045 similiter
1612 994 1813 1044 dierum
1837 994 2070 1044 indutias
2098 994 2420 1044 concedimus
2433 1012 2450 1054 ,-

507 1099 633 1158 post
658 1107 807 1158 quem
833 1091 1107 1142 terminum
1133 1095 1290 1153 eum⁰,
1332 1091 1440 1140 nisi
1471 1090 1542 1140 ad
1572 1090 1975 1140 emendationem
1999 1090 2208 1152 venerit,
2250 1106 2451 1140 excom-

514 1187 837 1236 municamus
878 1195 923 1237 et
962 1187 1009 1236 ei
1045 1202 1231 1253 corpus
1271 1195 1318 1236 et
1353 1187 1658 1254 sanquinem
1685 1184 1910 1236 Domini
1944 1185 2315 1248 interdicimus,
2358 1184 2450 1235 ab-

515 1280 747 1350 batisque
786 1281 966 1332 ordine
1002 1283 1059 1332 in
1088 1290 1399 1350 perpetuum
1436 1299 1609 1332 carere
1649 1298 1763 1332 eum
1800 1298 2073 1331 censemus.

662 1377 735 1428 Et
768 1378 1015 1444 quoniam
1039 1376 1149 1427 Dei
1183 1377 1378 1427 iudicio
1416 1376 1692 1427 nonnullos
1730 1375 2012 1445 naufraqio
2045 1378 2224 1445 perire
2262 1392 2451 1444 coqno-

515 1473 702 1523 scimus
742 1481 788 1523 et
824 1489 932 1535 eos,
986 1473 1141 1539 quasi
1177 1471 1335 1540 leqali
1369 1473 1478 1547 iam
1514 1473 1651 1535 iure,
1695 1471 1951 1523 diabolico
1991 1473 2146 1523 immo
2184 1473 2449 1535 instinctu,

515 1566 577 1617 ab
605 1566 701 1630 his,
727 1564 790 1617 ab
813 1567 998 1634 quibus
1024 1568 1424 1618 misericorditer
1449 1567 1710 1618 sublevari
1733 1577 1780 1619 et
1804 1568 2066 1619 consolari
2088 1567 2338 1631 deberent,
2362 1558 2451 1618 de—

509 1661 766 1730 praedari
801 1663 1170 1731 conspicimus,
1222 1664 1492 1714 statuimus
1533 1673 1580 1714 et
1614 1663 1706 1714 sub
1747 1664 2086 1715 anathematis
2123 1662 2355 1726 vinculo,
2395 1673 2455 1714 ut

514 1776 548 1807 a
577 1757 1062 1826 praedecessoribus
1101 1759 1292 1809 nostris
1331 1767 1579 1810 statutum
1605 1767 1691 1822 est,
1734 1759 1990 1810 iubemus:
2029 1769 2101 1823 ut,
2145 1760 2454 1827 quicumque

513 1852 834 1922 naufraqum
884 1853 1156 1922 quemlibet
1203 1863 1256 1905 et·
1298 1853 1433 1906 bona
1476 1853 1620 1905 illius
1658 1855 1934 1919 invenerit,
1986 1872 2159 1906 secure
2196 1863 2303 1905 tam
2341 1870 2454 1904 eum

516 1965 674 2017 quam
714 1949 888 2000 omnia
925 1967 1023 1999 sua
1062 1950 1301 2001 dimittat.

665 2043 1063 2096 Ordinationes⁰
1110 2062 1228 2096 vero
1285 2045 1522 2110 illorum,
1583 2047 1678 2114 qui
1721 2045 1785 2097 ab
1836 2046 2286 2097 excommunicatis
2335 2054 2456 2096 sunt

516 2141 770 2204 ordinati,
812 2149 1108 2191 sanctorum
1137 2151 1355 2209 patrum
1392 2150 1654 2209 sequentes
1691 2142 1923 2210 vestiqia,
1965 2142 2146 2192 irritas
2171 2140 2300 2206 fieri
2336 2158 2451 2191 cen-

513 2254 678 2286 semus
689 2233 725 2286 ‘¹.
802 2235 1039 2299 Iterume,
1081 2232 1405 2287 sanctorum²
1435 2238 1894 2305 praedecessorum
1929 2245 2224 2287 nostrorum
2261 2245 2454 2287 statuta

514 2341 749 2395 tenentes,
792 2348 892 2395 eos,
936 2332 1029 2399 qui
1065 2329 1540 2383 eaeoommum'catisf
1565 2332 1818 2398 fidelitate
1856 2341 1948 2382 aut
1973 2341 2293 2383 sacramento
2329 2348 2451 2382 con-

514 2428 683 2477 stricti
691 2432 710 2460 ⁸
747 2435 890 2489 sunt,
943 2426 1231 2494 apostolica
1270 2428 1572 2478 auctoritate
1609 2446 1643 2478 a
1680 2436 1998 2478 sacramento
2038 2426 2350 2478 absolvimus
2388 2435 2449 2489 et,

514 2539 578 2572 ne
615 2520 718 2571 sibi
740 2520 1048 2586 fidelitatem
1088 2521 1364 2585 observent,
1408 2522 1642 2573 omnibus
1681 2523 1849 2573 modis
1886 2516 2260 2591 prohibemus3.

662 2616 737 2667 Et
774 2611 1049 2684 quoniam4
1086 2617 1289 2680 multos,
1328 2619 1551 2686 peccatis
1577 2619 1767 2669 nostris
1796 2618 2128 2686 exiqentibus,
2161 2635 2267 2686 pro
2295 2634 2454 2668 causa

517 2713 1056 2763 excommunicationis
1112 2714 1285 2780 perire
1341 2714 1527 2764 cotidie
1585 2715 1839 2765 cernimus
1886 2715 2085 2783 partim
2131 2714 2449 2782 iqnorantia,

506 2808 709 2876 partim
749 2808 901 2858 etiam
943 2808 1109 2858 nimia
1147 2807 1498 2876 simplicitate,
1541 2811 1738 2878 partim
1776 2811 1984 2874 timore,
2028 2810 2232 2878 partim
2270 2805 2451 2860 etiamh

514 2904 824 2966 necessitate,
867 2903 1053 2954 devicti
1087 2904 1462 2968 misericordia,
1506 2905 1845 2956 anathematis
1883 2906 2184 2957 sententiam
2222 2904 2294 2954 ad
2326 2912 2450 2954 tem-

505 3016 630 3066 pus,
662 3007 830 3067 prout
860 3015 1153 3067 possumus,
1197 3009 1448 3067 oportune
1481 3009 1835 3069 temperamus.
1894 2999 2202 3070 Apostolica
2225 2996 2451 3066 nanque⁵

630 3124 663 3149 a.
691 3125 776 3150 eum
804 3114 954 3150 addidi.
1057 3114 1094 3150 b.
1123 3125 1145 3150 a
1172 3114 1322 3150 addidi.
1427 3125 1458 3150 c.
1488 3114 1749 3151 Ordinationes
1774 3114 1875 3150 —in
1901 3114 2061 3150 ecclesia
2078 3113 2219 3149 domini
2247 3111 2451 3150 Salvatoris

515 3179 686 3228 leguntur
712 3181 823 3215 etiam
858 3177 895 3225 2)
922 3194 983 3227 ap.
1002 3182 1147 3229 [lugon.
1170 3180 1391 3222 Flaviniac„
1423 3183 1524 3216 Mon.
1545 3183 1661 3217 Germ.
1681 3183 1748 3218 SS.
1771 3181 1868 3217 VIII
1891 3179 1977 3216 442.
2108 3178 2145 3214 d.
2174 3178 2386 3215 censuimus
2414 3180 2450 3214 2.

517 3255 549 3280 e.
578 3258 647 3281 om.
667 3245 703 3281 2.
830 3244 856 3281 f.
883 3245 1099 3282 iuraverunt
1125 3245 1219 3281 add.
1238 3245 1273 3280 2.
1403 3255 1437 3291 g.
1466 3246 1660 3282 constricti
1690 3265 1731 3269 —
1762 3245 1993 3282 sacramento
2022 3258 2090 3280 om.
2111 3245 2147 3280 2.
2271 3242 2310 3279 h.
2337 3243 2453 3279 nimia

518 3310 611 3346 add.
631 3311 667 3346 2.
796 3310 820 3346 i.
847 3310 975 3358 itaque
1002 3312 1037 3347 2.

636 3381 676 3424 1.
718 3381 920 3425 Berardo
950 3381 984 3425 I.
1107 3382 1148 3425 2.
1189 3380 1315 3438 „Nos
1347 3385 1604 3425 sanctorum
1637 3407 1690 3412 —
1722 3378 2044 3437 prohibemus“
2076 3380 2286 3434 leguntur
2315 3380 2450 3423 etiam

516 3453 562 3496 in
593 3453 788 3498 Decreto
810 3453 1026 3509 Gratiani,
1057 3454 1106 3497 P.
1129 3454 1172 3496 II
1203 3466 1240 3496 c.
1266 3454 1321 3496 15
1352 3466 1425 3508 qu.
1450 3455 1476 3498 6
1507 3467 1604 3498 can.
1627 3455 1670 3498 4.
1790 3454 1830 3496 3.
1862 3453 1908 3496 in
1940 3452 2143 3496 Gratiani
2173 3453 2339 3496 decret.
2370 3453 2450 3497 l.1.

519 3525 673 3569 addita
702 3525 816 3570 haec
845 3530 972 3571 sunt:
1008 3538 1275 3583 „quousque
1305 3526 1391 3581 ipsi
1415 3526 1474 3569 ad
1494 3525 1847 3570 satisfactionem
1867 3524 2103 3569 veniant“.
2220 3527 2264 3569 4.
2300 3526 2451 3583 „Quo-

517 3598 638 3641 niam
677 3599 842 3644 multos
874 3625 929 3631 —
960 3612 1051 3644 non
1087 3597 1410 3655 prohibemus“
1451 3600 1662 3656 leguntur
1700 3599 1746 3642 in
1787 3597 1989 3643 Gratiani
2020 3598 2139 3642 decr.
2179 3599 2228 3643 P.
2251 3598 2295 3642 II
2325 3611 2363 3643 c.
2386 3598 2453 3642 XI

519 3683 592 3726 qu.
616 3672 644 3714 3
675 3684 773 3716 can.
797 3674 895 3719 103.
