2730 4198
303 410 416 453 1078

470 272 576 324 342
1004 283 1278 322 GREGoRn
1314 283 1393 319 v11
1431 281 1694 320 REGISTRI
1730 283 1788 320 vl
1816 284 1875 320 12.

469 403 631 456 frater
655 400 926 468 Landulfe,
955 404 1013 452 ut
1039 399 1327 467 ecclesiam,
1356 398 1441 452 cui
1466 398 1577 452 Deo
1605 398 1810 453 volente
1837 416 2079 470 praeesse
2107 401 2408 470 dinosceris,

273 470 367 507 Nov.
391 471 440 508 30
502 500 512 509 .

470 515 680 567 elusque
729 498 866 550 bona
906 495 996 548 ab'¹
1037 495 1454 548 adversariorum
1499 494 1700 564 impetu
1744 499 1796 548 et
1831 495 2164 551 infestatione
2201 501 2410 551 nostrae

469 593 782 664 apostolicae
822 591 1145 644 auctoritatis
1185 590 1470 643 munimine
1508 594 1792 659 tueremur,
1831 591 2069 645 inclinati
2103 592 2255 646 iustis
2292 609 2411 663 pre-

468 690 612 743 cibus
651 688 771 756 tuis,
811 687 1141 740 concessione
1170 686 1459 756 praesentis
1485 685 1747 756 privilegii
1774 685 2140 742 confirmamus
2166 688 2263 742 tibi
2301 689 2411 759 epi-

469 789 738 854 scopatum
784 783 1081 854 praedictae
1119 781 1340 836 Pisanae
1390 781 1636 836 ecclesiae
1685 798 1802 835 cum
1852 783 1994 835 omni
2039 783 2153 838 iure
2201 785 2411 854 suisque

469 880 812 951 pertinentiis,
871 879 942 932 Et
981 879 1102 947 quia
1127 878 1320 931 Pisana
1359 878 1592 947 ecclesia,
1633 894 1765 946 quae
1802 878 1858 930 in
1893 866 2284 948 praeficiendisb
2312 880 2413 934 sibi

467 975 763 1046 pastoribus
804 992 835 1028 a
872 974 1327 1028 constitutionibus
1368 978 1666 1027 sanctorum
1704 977 1915 1044 patrum
1945 974 2259 1043 deviaverat,
2297 980 2412 1030 tan-

470 1072 588 1125 dem
636 1088 733 1142 pro
782 1071 1111 1125 restitutione
1150 1070 1394 1138 antiquae
1432 1069 1688 1123 libertatis
1729 1086 1852 1123 suae
1893 1069 2099 1124 salubre
2139 1070 2412 1125 consilium

468 1167 651 1220 matris
691 1184 815 1220 suae
855 1171 1063 1220 sanctae
1101 1165 1366 1219 Romanae
1405 1166 1651 1220 ecclesiae
1691 1165 1919 1236 suscepit
1956 1166 2057 1235 ita,
2097 1170 2156 1219 ut
2191 1170 2268 1235 te,
2308 1183 2414 1220 non

471 1263 678 1316 aliunde
717 1262 806 1316 sed
854 1279 949 1332 per
997 1263 1188 1315 ostium
1238 1262 1374 1330 quod
1421 1261 1658 1315 Christus
1708 1266 1788 1315 est
1832 1262 2141 1331 intrantem,
2190 1262 2414 1331 gaudeat

468 1358 617 1412 nobis
645 1358 1003 1411 ordinantibus
1030 1357 1220 1411 habere
1239 1362 1530 1427 pastorem3
1553 1357 1881 1425 indulgemus
1903 1358 2232 1412 concedimus
2260 1363 2415 1428 atque

467 1454 736 1507 firmamus
775 1454 874 1507 sibi
911 1457 1022 1506 tam
1061 1469 1138 1520 ea,
1179 1470 1310 1521 quae
1350 1453 1413 1506 ab
1454 1454 1681 1523 antiquis
1707 1454 2030 1524 temporibus
2064 1455 2200 1509 iuste
2226 1455 2416 1509 collata

469 1554 605 1618 sunt,
635 1567 790 1618 quam
817 1566 894 1617 ea,
923 1565 1055 1617 quae
1082 1549 1259 1602 divina
1283 1550 1451 1619 pietas
1477 1566 1571 1619 per
1598 1550 1984 1603 serenissimam
2002 1549 2162 1603 filiam
2181 1555 2415 1605 nostram

467 1645 764 1699 Mathildim
800 1662 896 1715 pro
936 1645 1164 1698 remedio
1205 1645 1408 1698 animae
1447 1645 1630 1698 matris
1670 1662 1793 1699 suae
1808 1642 1838 1714 ¹,
1884 1646 1940 1698 in
1979 1646 2161 1699 eadem
2199 1646 2416 1700 ecclesia

470 1741 719 1812 sepultae,
740 1741 1021 1794 concedere
1042 1741 1255 1808 dignata
1277 1744 1356 1793 est
1377 1770 1444 1776 —
1462 1740 1703 1794 videlicet
1725 1740 1914 1809 locum,
1937 1741 2025 1810 qui
2045 1741 2234 1796 dicitur
2255 1742 2415 1796 Scan-

468 1837 665 1890 nellum
692 1853 810 1890 cum
838 1836 1064 1889 castellis
1093 1840 1144 1890 et
1162 1836 1493 1906 pertinentiis
1516 1837 1624 1890 suis
1646 1866 1711 1872 —
1738 1840 1790 1890 et
1810 1836 1929 1905 alia,
1952 1838 2158 1906 quaein
2182 1838 2417 1891 futurum

468 1934 580 1988 Deo
631 1937 840 1986 auctore
880 1950 911 1985 a
947 1931 1185 1986 fidelibus
1232 1932 1471 2000 legaliter
1518 1932 1831 1986 conferenda
1868 1938 2003 1987 sunt.
2153 1932 2416 2002 Preterea,

468 2029 590 2084 fidei
631 2034 682 2083 et
718 2028 985 2097 religionis
1033 2033 1154 2083 tuae
1204 2032 1412 2097 gratum
1456 2029 1511 2082 in
1550 2033 1603 2082 te
1638 2029 1866 2083 fructum
1906 2029 2191 2083 exuberare
2229 2045 2417 2098 cogno-

471 2130 698 2194 scenteS,
750 2126 1125 2179 committimus
1175 2125 1271 2179 tibi
1309 2126 1516 2194 tuisque
1556 2125 1939 2179 successoribus
1977 2126 2145 2180 vicem
2183 2130 2417 2181 nostram

469 2223 525 2275 in
552 2222 763 2275 Corsica
800 2222 972 2274 insula
998 2252 1067 2257 —
1096 2222 1141 2274 si
1178 2226 1356 2274 tamen
1395 2221 1498 2291 ipsi
1536 2237 1793 2275 consensu
1816 2220 2039 2275 Romani
2077 2222 2338 2292 pontificis
2365 2227 2418 2277 et

472 2318 749 2372 electionec
775 2317 955 2371 Pisani
992 2317 1173 2387 populi
1210 2317 1286 2370 ita
1324 2317 1569 2371 canonice
1606 2317 1935 2385 intraverint,
1976 2317 2111 2371 sicut
2136 2322 2188 2372 te
2214 2323 2419 2373 constat

471 2415 696 2467 intrasse
723 2444 790 2450 —
821 2417 895 2482 ut,
936 2414 1219 2467 secundum
1259 2413 1395 2482 quod
1422 2412 1565 2466 Deus
1600 2412 1698 2466 tibi
1734 2413 1968 2482 tradidit,
2010 2431 2141 2483 quae
2180 2415 2246 2468 ad
2283 2415 2418 2469 chri-

473 2510 695 2562 stianam
736 2509 1044 2577 religionem
1080 2510 1342 2580 pertinere
1380 2509 1637 2577 videntur,
1677 2508 1917 2576 vigilanti
1943 2510 2113 2563 studio
2146 2510 2417 2581 episcopos

474 2605 685 2658 clericos
724 2605 1079 2675 populumque
1119 2605 1350 2659 eiusdem
1387 2605 1590 2658 insulae
1629 2604 1814 2658 doceas
1851 2610 2005 2674 atque
2030 2622 2235 2659 morum
2259 2606 2419 2661 hone-

475 2705 608 2754 state
664 2700 963 2769 confirmeS,
1014 2701 1168 2754 iuxta
1224 2701 1588 2771 propheticum
1645 2717 1937 2755 sermonem
2004 2705 2064 2755 ut
2121 2702 2312 2756 evellas
2368 2707 2421 2757 et

475 2797 728 2866 destruaS,
770 2796 1007 2850 aedifices
1048 2802 1099 2851 et
1136 2796 1341 2867 plantes
1354 2794 1387 2850 2.
1455 2797 1596 2860 Quae
1633 2797 1882 2850 nimirum
1918 2797 2107 2867 insula,
2148 2815 2179 2852 a
2214 2799 2329 2853 iure
2367 2803 2420 2853 et

474 2893 702 2946 dominio
752 2897 961 2947 sanctae
1007 2892 1272 2946 Romanae
1328 2893 1575 2947 ecclesiae
1622 2910 1717 2963 per
1767 2894 2092 2963 quorundam
2135 2912 2419 2965 pravorum

473 2990 742 3042 hominum
778 2990 1103 3043 invasionem
1141 2989 1429 3057 subtracta,
1478 2993 1537 3043 ut
1574 2989 1883 3059 prudentiae
1920 2994 2042 3044 tuae
2080 2990 2277 3059 studi0,
2328 3008 2417 3045 ex-

474 3085 630 3139 clusis
654 3086 1000 3154 invasoribuS,
1042 3085 1326 3139 secundum
1353 3085 1626 3154 antiquum
1651 3103 1850 3140 morem
1878 3086 1945 3140 ad
1970 3086 2256 3140 dominium
2282 3086 2418 3141 eius-

475 3182 591 3236 dem
623 3181 888 3236 Romanae
927 3182 1174 3236 ecclesiae
1211 3185 1504 3249 revocetur3
1546 3182 1874 3236 concedimus
1912 3181 2010 3235 tibi
2035 3211 2104 3218 -
2130 3199 2226 3252 per
2264 3199 2419 3252 quem

473 3278 666 3331 Pisana
713 3279 930 3332 ecclesia
978 3278 1044 3331 ad
1095 3278 1365 3347 antiquum
1414 3278 1497 3331 sui
1543 3278 1782 3332 decorem
1819 3278 2034 3350 reducta
2077 3281 2181 3347 est,
2231 3282 2283 3333 et
2329 3279 2419 3349 qui

474 3374 620 3443 prius
658 3374 714 3427 in
749 3375 1078 3429 restitutione
1108 3374 1405 3444 praedictae
1430 3374 1633 3428 insulae
1664 3373 2019 3428 elaboraturus
2046 3390 2100 3427 es
2127 3403 2194 3410 —
2224 3375 2419 3429 medie-

475 3473 638 3522 tatem
676 3471 910 3524 omnium
945 3471 1268 3539 reddituum,
1317 3474 1368 3524 et
1411 3471 1572 3524 totius
1614 3469 1772 3540 pretii
1800 3469 2137 3523 'medietatem
2177 3487 2310 3540 quae
2355 3471 2420 3525 de

595 3604 627 3629 a.
664 3594 709 3629 ab
737 3608 808 3630 om.
829 3595 912 3631 cod.
1042 3595 1080 3631 b.
1112 3595 1352 3643 perficiendis
1379 3596 1464 3632 cod.
1593 3605 1625 3631 c.
1662 3593 1844 3630 electione
1871 3593 1955 3629 cod.

595 3671 635 3714 1.
666 3671 899 3716 Beatricis.
1048 3674 1088 3716 2.
1120 3673 1280 3717 Ierem.
1305 3674 1344 3730 1,
1369 3672 1439 3717 10.
