2782 4198
814 309 1090 349 GREGORII
1125 312 1205 348 vn
1241 311 1506 350 Rnorsrssr
1543 313 1585 349 11
1612 311 1675 348 το.
1702 311 1764 348 71.
2158 299 2262 352 193

322 425 461 496 quod
499 441 652 479 suum
690 430 796 494 est,
847 424 1135 481 terminum
1170 428 1401 482 iustitiae
1448 445 1553 481 non
1591 422 1850 497 transeat,
1899 430 2096 481 metam
2133 424 2266 483 bone

320 521 708 576 consuetudinis
755 539 860 575 non
909 523 1148 590 excedat3
1209 524 1385 593 sicque
1443 524 1540 577 sit⁸
1589 525 1646 577 in
1698 540 1826 594 pace
1881 523 2267 578 nobilissimum

319 634 539 686 regnum
572 617 861 687 Ungariae,
903 620 1042 689 quod
1079 619 1328 673 hactenus
1365 636 1461 689 per
1500 636 1556 673 se
1580 613 1945 690 principaliter
1978 621 2169 689 viguit,
2208 624 2268 674 ut

318 730 415 768 rex
437 713 528 782 ibi,
554 730 660 766 non
684 714 895 782 regulus
925 714 1033 768 fiat.
1074 713 1298 769 Verumh
1324 714 1414 767 ubi
1434 744 1504 751 —
1525 711 1823 785 contempto
1847 715 2012 770 nobili
2037 710 2266 771 dominio

320 808 459 864 beati
482 808 626 863 Petri
651 810 1005 880 apostolorum
1042 811 1311 881 principiS,
1351 811 1497 864 cuius
1534 827 1754 878 regnum
1793 827 1907 864 esse
1931 812 2267 881 prudentiam

319 910 466 960 tuam
489 905 654 959 latere
678 923 784 959 non
811 906 1096 960 credimus⁰
1118 936 1188 942 —
1214 923 1309 959 rex
1325 902 1338 927 ¹
1371 906 1603 960 subdidit
1627 924 1682 960 se
1709 907 1992 960 Teutonico
2018 903 2175 977 regi²,
2217 914 2269 963 et

319 1001 487 1070 reguli
523 1018 715 1055 nomen
754 1002 992 1056 obtinuit.
1050 1000 1307 1054 Dominus
1348 1006 1550 1071 autem,
1599 1002 1847 1056 iniuriam
1895 1019 1988 1056 suo
2031 1004 2268 1058 illatamd

320 1097 547 1168 principi
584 1098 860 1168 pervidens
872 1106 905 1166 ⁰,
944 1101 1258 1167 potestatem
1295 1097 1442 1166 regni
1470 1114 1562 1150 suo
1592 1095 1658 1150 ad
1683 1102 1734 1152 te
1760 1099 1953 1153 iudicio
1979 1101 2265 1154 transtulit.

319 1192 392 1247 Et
435 1193 512 1246 ita
559 1194 971 1261 consanguineus
1019 1198 1139 1247 tuus
1155 1192 1184 1262 ‘,
1234 1194 1279 1246 si
1329 1194 1454 1262 quid
1498 1194 1554 1246 in
1603 1194 1882 1248 obtinendo
1931 1212 2092 1264 regno
2138 1190 2268 1251 iuris

321 1286 466 1359 prius
504 1288 702 1357 habuit,
743 1297 833 1342 eo⁸
859 1305 914 1342 se
953 1288 1208 1357 sacrilega
1235 1290 1574 1360 usurpatione
1599 1290 1843 1360 privavit.
1902 1291 2088 1346 Petrus
2129 1293 2268 1347 enim

321 1398 353 1438 a
389 1383 541 1438 firma
577 1388 728 1455 petra
765 1385 982 1454 dicitur,
1024 1402 1156 1454 quae
1194 1390 1373 1456 portas
1411 1386 1566 1439 inferi
1605 1387 1910 1456 confringit,
1952 1393 2106 1458 atque
2146 1390 2270 1444 ada-

319 1482 553 1534 mantino
578 1481 750 1549 rigore
776 1480 998 1534 destruit
1025 1486 1077 1535 et
1102 1482 1341 1552 dissipat,
1376 1482 1622 1551 quicquid
1649 1483 1870 1538 obsistit.
1922 1483 2268 1556 Quapropter,

320 1577 366 1630 si
413 1576 538 1646 quid
586 1577 692 1645 viS,
742 1577 787 1630 si
836 1577 961 1647 quid
1005 1575 1213 1632 habere
1247 1595 1278 1632 a
1316 1577 1552 1632 Romana
1600 1579 1819 1632 ecclesia
1866 1579 2022 1648 digne
2069 1598 2267 1652 speraS,

318 1672 467 1726 nobis
505 1671 824 1726 confidenter
862 1674 1101 1727 volumus
1149 1679 1208 1728 ut
1247 1675 1477 1745 aperias3
1529 1679 1580 1728 et
1628 1692 1760 1744 quae
1793 1675 1902 1728 ⁴tua
1947 1677 2017 1730 sit
2062 1673 2267 1732 devotio

318 1786 444 1837 erga
479 1768 828 1823 universalem
877 1773 1101 1823 matrem
1141 1771 1429 1839 qualiterve
1466 1771 1545 1824 illi
1583 1772 1828 1825 statueris
1869 1771 2111 1828 oboedire
2150 1791 2270 1828 san—

317 1869 558 1934 ctamque
595 1865 944 1919 reverentiam
983 1865 1244 1935 exhibere,
1282 1867 1524 1937 operibus
1565 1868 1700 1922 sicut
1735 1871 1789 1921 te
1823 1868 1971 1922 decet
2008 1871 2267 1924 ostendas,

318 1961 460 2024 Quae
488 1961 663 2015 autem
688 1961 772 2014 hic
797 1962 970 2015 minus
998 1962 1319 2032 scripsimus,
1347 1963 1534 2016 horum
1559 1964 1901 2033 portitoribus
1928 1964 2026 2018 tibi
2052 1965 2270 2020 dicenda

318 2057 650 2127 reliquimus,
702 2057 826 2127 quia
873 2058 936 2111 de
984 2058 1194 2111 illorum
1238 2058 1488 2113 fidelitate
1528 2061 1655 2113 satis
1694 2059 2018 2115 confidimus.
2089 2061 2270 2116 Omni-

318 2158 502 2224 potens
541 2153 701 2222 DeuS,
744 2154 832 2222 qui
869 2153 1021 2206 beato
1057 2153 1211 2207 Petro
1254 2159 1566 2225 potestatem
1602 2156 1802 2224 ligandi
1841 2161 1996 2227 atque
2035 2158 2270 2212 solvendi

318 2250 678 2321 principaliter
717 2249 929 2317 tribuit,
971 2249 1081 2303 eius
1121 2250 1361 2319 precibus
1401 2257 1452 2305 te
1490 2256 1711 2322 tuosque
1748 2253 1805 2307 in
1845 2252 2051 2307 Christo
2090 2253 2268 2309 fideles

320 2363 351 2400 a
388 2347 586 2400 cunctis
625 2347 852 2417 peccatis
882 2345 1118 2400 absolvat
1143 2352 1195 2400 et
1220 2347 1286 2400 ad
1312 2347 1476 2401 vitam
1510 2349 1764 2418 perducat
1789 2353 2071 2404 aeternam.
2131 2351 2271 2405 Data

317 2441 479 2496 Rome
523 2445 587 2496 18
627 2442 889 2497 Kalendas
928 2442 1101 2512 Maiih,
1141 2442 1425 2497 indictione
1470 2445 1551 2498 13.

319 2613 369 2674 II
404 2618 504 2674 71.
546 2620 884 2674 Wratizlaum
910 2621 982 2675 II
999 2624 1180 2675 ducem
1206 2624 1490 2676 Bokemiae
1514 2635 1682 2694 royat,
1711 2635 1768 2678 ut
1792 2625 2067 2678 Friderico
2093 2627 2272 2696 nepoti

539 2727 629 2769 aut
640 2720 1022 2787 patrimonium
1041 2730 1134 2772 aut
1152 2720 1302 2772 aliud
1321 2721 1616 2789 beneficium
1636 2722 1846 2774 tribuat.
1877 2722 2072 2788 Monet,
2080 2741 2268 2792 pacem

542 2812 694 2878 eolat,
739 2816 1060 2883 maximeque
1098 2834 1214 2867 cum
1238 2817 1505 2886 Praqensi
1540 2827 1587 2869 et
1627 2817 1958 2870 Olomueensi
1994 2820 2265 2889 episcopis.

467 2920 747 2990 Gregorius
788 2923 1062 2993 episcopus
1113 2912 1291 2979 servus
1338 2943 1604 2980 servorum
1647 2927 1747 2981 Dei
1784 2924 2098 2983 Wratizla0³
2136 2927 2268 2982 Boe-

318 3017 543 3071 miorum
583 3018 702 3072 duci
741 3018 963 3072 salutem
1003 3023 1055 3073 et
1093 3021 1434 3090 apostolicam
1471 3022 1903 3078 benedictionem.

465 3111 816 3183 Fredericus⁴,
855 3132 1018 3185 nepos
1057 3119 1230 3169 vester
1269 3121 1320 3170 et
1355 3117 1622 3173 Romanae
1660 3120 1909 3173 ecclesiae
1946 3118 2131 3188 fidelis,
2171 3136 2267 3173 nos

317 3208 624 3264 humillimis
661 3211 901 3292 precibus
940 3210 1220 3279 flagitavit,
1274 3215 1516 3281 quatinus
1555 3220 1676 3269 tuae
1715 3215 2003 3269 nobilitatis
2040 3216 2268 3286 pruden-

433 3368 467 3394 a.
505 3357 555 3394 sit
588 3360 728 3407 scripsi
755 3373 826 3406 pro
862 3359 930 3396 fiat
957 3375 988 3396 c.
1117 3359 1154 3396 b.
1190 3359 1330 3396 Verum
1362 3380 1403 3385 —
1434 3361 1612 3409 quicquid
1639 3361 1791 3399 obsistit
1825 3364 1960 3413 legitur
1986 3365 2094 3399 etiam
2137 3363 2174 3410 2)
2205 3378 2266 3411 ap.

318 3423 528 3460 Deusdedit
567 3422 728 3475 (Borgia
763 3427 878 3462 Breve
915 3428 1045 3463 istoria
1081 3426 1144 3463 del
1178 3426 1342 3462 dominio
1377 3429 1601 3475 temporale,
1637 3428 1805 3475 Append.
1830 3442 1871 3476 p.
1892 3426 1968 3474 14).
2125 3439 2157 3465 c.
2190 3440 2267 3466 non

318 3487 411 3524 latet
436 3490 459 3525 2
483 3503 552 3537 pro
579 3489 695 3527 latere
723 3502 799 3527 non
827 3492 1024 3528 credimus.
1156 3491 1192 3528 d.
1227 3491 1333 3528 illata
1360 3507 1392 3529 c.
1523 3505 1555 3530 e.
1589 3493 1791 3541 previdens
1827 3509 1857 3530 c.
1888 3501 1923 3530 et
1949 3495 1985 3531 2.
2114 3494 2140 3532 f.
2177 3506 2266 3532 con-

320 3554 544 3600 sanguineus
570 3556 658 3592 tuus
687 3571 757 3593 om.
778 3571 832 3602 c.,·
858 3559 981 3605 recepi
1004 3572 1051 3593 ex
1079 3558 1115 3594 2.
1252 3568 1286 3603 g.
1317 3568 1338 3594 a
1365 3572 1396 3594 c.
1423 3565 1458 3594 et
1485 3559 1519 3595 2.
1643 3557 1682 3595 11.
1709 3561 1765 3596 sic
1791 3567 1846 3597 est
1872 3559 1970 3597 Iunii
1996 3574 2088 3597 corr.
2116 3562 2153 3597 in
2181 3562 2265 3598 cod.

439 3626 480 3670 1.
511 3624 738 3671 Salomon.
874 3628 916 3672 2.
947 3628 1162 3673 Heinrico
1191 3628 1271 3675 IV.
1407 3629 1449 3673 3.
1481 3629 1539 3674 H.
1673 3630 1717 3674 4.
1749 3633 1912 3687 postea
1940 3631 1986 3676 Π
2012 3632 2268 3689 patrIarcha

319 3695 634 3753 Aquileiensis.

393 3776 522 3820 Just,
550 3777 785 3817 Bibliotheca
810 3783 855 3817 11.
1857 3787 1912 3831 13

2322 435 2436 478 1075

2295 495 2383 543 Apr.
2405 496 2455 534 14

2326 2940 2441 2983 1075

2297 3000 2388 3049 Apr.
2410 3001 2459 3038 14
