2730 4198
793 285 1066 324 GREGORII
1105 286 1182 322 VII
1220 283 1482 322 REGISTRI
1520 284 1599 320 VH
1626 282 1687 319 18.
1715 281 1775 319 19.
2140 267 2248 320 409

314 423 379 461 ex
416 404 570 472 longo
609 407 846 473 tempore
883 402 1121 456 invasam
1160 401 1358 456 detinet
1396 399 1684 469 ecclesiam,
1724 399 1854 453 iuris
1891 397 2073 452 itidem
2110 397 2250 451 beati

311 500 455 555 Petri
492 499 584 553 sed
620 498 856 569 praefato
896 498 1212 551 monasterio
1239 496 1600 550 Aureliacensi
1639 511 1953 563 concessam,
1995 510 2126 563 quae
2158 510 2252 546 no-

310 596 540 650 minatur
581 594 771 648 Sancta
808 593 977 647 Maria
1014 592 1335 646 Dalmairaci
1351 588 1378 645 ¹.
1457 591 1570 654 Qua
1615 591 1671 643 in
1716 607 1773 644 re
1813 594 2062 659 quantam
2099 589 2252 644 beato

309 691 466 746 Petro
503 690 852 745 reverentiam
890 689 1160 757 habueris,
1207 689 1262 741 in
1300 687 1399 740 1100
1437 686 1702 740 evidenter
1743 689 1987 756 apparet,
2028 685 2166 755 quod
2205 690 2257 739 et

309 787 522 840 invasor
573 786 843 840 ecclesiam
891 784 1247 854 calumpniose
1296 781 1465 835 adhuc
1511 797 1765 851 occupare
1811 797 1917 834 non
1965 781 2158 835 desinit
2205 785 2258 835 et

309 882 606 954 praedictus
647 882 806 937 abbas
844 880 1231 935 Aureliacensis
1271 877 1582 948 apostolicas
1623 893 1775 930 aures
1814 876 1878 930 ob
1917 876 1972 929 id
2008 876 2256 947 interpel-

308 977 419 1032 lare
457 978 813 1049 compellitur3
855 975 1165 1047 praesertim
1191 990 1308 1027 cum
1336 991 1495 1043 supra
1519 973 1818 1026 nominatus
1843 971 2159 1026 Pezanensis
2188 1003 2255 1010 ——

310 1074 577 1128 convictus
627 1077 677 1127 et
725 1091 756 1127 a
801 1072 987 1140 legatis
1037 1070 1231 1124 nostris
1285 1068 1548 1139 Stephano
1607 1068 1870 1122 cardinale
1927 1072 1978 1122 et
2024 1067 2257 1123 Gerardo

309 1170 579 1224 Hostiensi
605 1170 909 1239 coepiscopo
937 1167 1278 1234 adiudicatus,
1320 1166 1508 1220 debere
1544 1164 1690 1218 illam
1731 1164 2004 1218 ecclesiam
2040 1165 2258 1219 reddere

311 1295 381 1303 -—
422 1266 545 1336 quia
581 1283 687 1319 non
717 1264 915 1332 fecerit,
957 1262 1549 1317 excommunicationem
1575 1260 1870 1314 incurrerit.
1931 1260 2259 1331 Quapropter

310 1361 641 1416 dilectionem
682 1365 828 1414 tuam
865 1376 1137 1413 monemus
1165 1362 1217 1412 et
1244 1357 1530 1428 apostolica
1556 1357 1863 1411 auctoritate
1888 1357 2257 1427 praecipimuS,

308 1462 369 1512 ut
406 1475 562 1529 saepe
602 1458 800 1511 dictum
824 1455 1179 1509 Pezanensem
1219 1455 1460 1508 abbatem
1499 1470 1669 1522 cogaS,
1710 1452 2070 1506 Aureliacensi
2107 1470 2259 1523 prae—

308 1553 466 1608 fixam
510 1553 797 1620 ecclesiam,
837 1552 976 1605 unde
1012 1551 1077 1605 113
1106 1555 1200 1620 est,
1240 1551 1517 1604 restituere
1545 1554 1596 1604 et
1621 1549 1880 1618 condigna
1905 1549 2259 1603 satisfactione

309 1650 486 1721 ipsum
535 1650 635 1703 sibi
682 1649 992 1720 placabilem
1036 1648 1269 1702 reddere.
1349 1646 1546 1710 Quodsi
1583 1646 1717 1699 forte
1758 1646 1947 1716 spiritu
1986 1645 2259 1716 superbiae

310 1746 587 1800 induratus
628 1745 954 1816 acquiescere
992 1744 1235 1812 noluerit,
1275 1747 1328 1797 et
1363 1742 1682 1796 monasterio
1720 1741 1814 1811 illi,
1857 1742 1995 1810 quod
2018 1742 2259 1795 invasum

313 1846 408 1910 est,
450 1840 677 1895 officium
718 1841 954 1894 divinum
992 1844 1044 1893 et
1079 1840 1310 1893 invasori
1348 1843 1529 1892 nostra
1567 1838 1875 1892 auctoritate
1902 1838 2070 1891 omnis
2099 1837 2259 1891 eccle-

315 1938 423 1991 siae
461 1937 743 1991 interdicas
781 1936 1070 1990 introitum.
1129 1934 1265 1988 Nam
1303 1951 1408 1987 non
1447 1933 1614 1987 solum
1653 1943 1786 1987 non⁰
1823 1935 1961 1988 inter
1986 1934 2258 2002 religiosos

313 2033 594 2087 monachos
634 2033 725 2087 sed
761 2049 857 2086 nec
891 2032 1028 2085 inter
1053 2031 1214 2084 laicos
1242 2030 1395 2084 debet
1425 2031 1774 2099 annumerari,
1815 2030 1903 2100 qui
1930 2030 2258 2099 sacrilegium

311 2133 617 2201 perpetrare
655 2146 761 2182 non
799 2129 966 2183 timet.
1025 2127 1167 2181 Data
1191 2125 1386 2180 Romae
1425 2127 1457 2180 2
1483 2125 1603 2180 Idus
1630 2125 1848 2197 Aprilis,
1887 2126 2171 2181 indictione
2206 2127 2255 2180 3.

310 2298 417 2362 VH
447 2303 544 2360 19.
586 2305 1030 2369 Βίΐανίσθηδίόαε,
1071 2303 1528 2369 Narbonensibm,
1570 2303 2044 2374 Burdiqalensibus
2092 2306 2258 2374 siqni-

483 2402 630 2470 ficat‚
673 2420 725 2453 se
762 2402 1069 2453 monasterii
1101 2399 1489 2452 Aureliacensis
1524 2402 1871 2470 possessiones
1912 2400 2255 2468 confirmasse,

497 2498 801 2567 ablatasque
837 2499 1044 2550 restitui
1078 2498 1304 2548 iussisse.
1627 2495 1640 2524 '

460 2591 741 2661 Gregorius
781 2593 1055 2663 episcopus
1096 2606 1276 2645 servus
1315 2605 1582 2644 servorum
1611 2590 1712 2645 Dei
1750 2590 1991 2645 omnibus
2029 2591 2085 2644 in
2109 2590 2258 2645 Bitu-

311 2689 503 2743 ricensi
527 2688 858 2742 Narbonensi
893 2705 984 2742 seu
1009 2686 1384 2755 Burdegalensi
1421 2687 1705 2758 provinciis
1744 2687 2041 2741 constitutis
2069 2717 2138 2724 —-
2168 2704 2258 2741 ex-

311 2786 477 2856 ceptis
514 2785 615 2852 his,
657 2785 746 2853 qui
784 2784 1069 2854 apostolica
1108 2783 1643 2838 excommunicatione
1668 2787 1911 2838 tenentur
1937 2813 2005 2821 ——
2036 2783 2258 2838 salutem

312 2885 365 2936 et
402 2880 742 2951 apostolicam
778 2879 1207 2933 benedictionem.

460 2976 670 3031 Clamor
711 2971 944 3030 abbatis²
970 2975 1357 3028 Aureliacensis
1389 2975 1590 3029 cenobii
1629 3005 1697 3012 —-
1740 2975 1877 3043 quod
1902 2974 2104 3044 proprii
2128 2974 2257 3027 iuris

311 3072 451 3126 beati
488 3071 633 3126 Petri
678 3072 1009 3126 concessione
1055 3070 1372 3139 fundatoriS,
1423 3071 1622 3132 scilicet
1657 3071 1799 3125 beati
1838 3066 2094 3138 Geraldi³,
2145 3087 2257 3124 esse

311 3168 601 3222 dinoscitur
639 3198 708 3204 —
751 3167 960 3221 auribus
988 3167 1182 3220 nostris
1208 3166 1456 3235 insonuit,
1495 3166 1737 3220 videlicet
1763 3183 1920 3236 super
1947 3165 2257 3235 quibusdam

311 3265 574 3336 personiS,
617 3265 705 3334 qui
742 3264 936 3317 iniuste
975 3263 1209 3317 detinent
1244 3261 1496 3316 beneficia
1531 3262 1787 3332 praedicti
1823 3262 2153 3330 monasterii,
2193 3261 2255 3316 ab

312 3360 799 3431 praedecessoribus
851 3353 1122 3413 suis⁴sub
1174 3357 1424 3412 fidelitate
1464 3361 1516 3412 et
1553 3357 1784 3411 hominio
1820 3374 1917 3428 pro
1957 3357 2257 3411 defensione

433 3474 465 3500 a.
502 3462 623 3500 solum
649 3474 725 3500 non
753 3463 903 3500 addidi.
1057 3461 1093 3498 b.
1132 3461 1233 3509 apud
1260 3476 1291 3498 c.

433 3527 474 3569 1.
506 3525 763 3583 Almayrac,
796 3525 853 3570 ab
883 3524 1021 3570 Albia
1051 3525 1110 3569 ad
1140 3524 1496 3582 septemtriones.
1646 3525 1688 3567 2.
1719 3523 1856 3567 Petri.
2005 3523 2047 3567 3.
2079 3523 2256 3568 comitis

311 3596 663 3643 Aureliacensis.
711 3597 778 3644 Cf.
811 3598 981 3644 Odonis
1010 3598 1152 3644 vitam
1183 3596 1229 3643 S.
1252 3597 1434 3643 Geraldi
1474 3610 1573 3654 cap.
1594 3597 1624 3641 4
1655 3597 1780 3654 1555,
1819 3595 1939 3642 Acta
1970 3595 2050 3642 SS.
2074 3595 2254 3642 Octobr.

314 3670 368 3715 T.
385 3671 451 3716 VI
479 3685 523 3728 p.
547 3672 647 3716 316.
795 3671 839 3716 4.
871 3671 1064 3717 abbatis.

2298 404 2412 447 1080

2280 464 2369 512 Apr.
2391 464 2439 500 12

2307 2605 2422 2649 1080

2287 2666 2379 2713 Apr.
2399 2667 2448 2703 12
