2644 4166
885 266 1160 307 GREeonn
1197 268 1276 306 vn
1311 265 1642 305 REGISTRUM
2205 248 2237 301 3

293 389 421 440 citas
461 386 795 457 epistolarum
831 388 889 439 in
916 387 1010 439 hoc
1038 406 1189 458 opere
1214 386 1598 439 collocatarum.
1662 381 1793 449 Quis
1834 382 1969 434 enim
1996 381 2235 445 crederet,

290 485 519 555 potuisse
558 485 849 553 continqere
880 481 1134 554 Greqorio
1173 482 1288 536 VII
1301 481 1539 552 pontifici
1561 481 1840 550 imperium
1876 477 2241 546 ecclesiamque

293 581 541 632 acerrime
588 582 920 646 concutienti,
978 590 1037 632 ut
1090 579 1170 631 vel
1216 588 1318 631 toto
1371 579 1518 630 tertio
1559 575 1895 646 pontificatus
1945 591 2083 626 anno
2135 590 2241 624 non

294 677 569 729 dimitteret
603 676 724 747 plus
764 695 923 746 quam
962 695 1064 741 eas,
1107 693 1241 745 quae
1277 676 1334 726 in
1372 675 1519 726 tertio
1559 674 1771 742 reqistri
1803 671 1956 723 huius
1985 670 2117 722 libro
2157 671 2241 722 in-

293 783 436 838 sunt,
487 762 730 844 epistolas
779 775 970 842 viqinti
1015 790 1200 835 unam,
1251 770 1332 822 vel
1369 779 1556 839 quarto
1598 786 1735 820 anno
1780 785 1887 819 non
1918 766 2044 837 plus
2086 783 2244 835 quam

295 869 421 922 libri
457 872 636 940 quarti
673 870 916 940 epistolas
955 869 1145 939 viqinti
1182 876 1291 919 octo
1308 861 1335 918 ¹.

445 966 584 1020 Sunt
607 977 777 1019 autem
800 968 857 1018 in
875 958 1130 1036 promptu
1155 964 1356 1016 indicia
1381 979 1715 1031 nequaquam
1741 959 2048 1024 dubitanda,
2071 960 2243 1010 minus

297 1064 438 1134 quod
473 1065 724 1116 remansit
761 1081 890 1133 opus
919 1062 1224 1133 provenisse
1263 1078 1325 1112 ecc
1363 1061 1480 1130 ipso
1518 1059 1723 1129 perdito
1769 1058 1988 1127 reqistro
2027 1057 2241 1107 maiore.

303 1159 450 1213 Talis
490 1161 625 1212 enim
662 1162 719 1211 in
757 1159 851 1211 hoc
889 1160 1022 1210 inest
1059 1158 1284 1209 varietas
1338 1155 1675 1226 epistolarum
1723 1171 1910 1223 eaeque
1955 1152 2246 1223 plurimum

296 1266 416 1309 sunt
451 1266 558 1308 tam
595 1255 882 1325 aequaliter
920 1264 966 1307 et
1004 1255 1244 1306 continue
1274 1271 1377 1323 per
1410 1262 1646 1322 tempora
1673 1251 1974 1321 dispositae,
2018 1259 2076 1302 ut
2114 1266 2245 1319 opus

294 1355 412 1424 ipso
451 1352 652 1404 saeculo
692 1351 788 1404 XI
805 1383 874 1390 ——
903 1369 1005 1421 quo
1046 1351 1255 1420 quidem
1295 1350 1588 1420 expeditum
1627 1365 1748 1414 esse,
1789 1349 1902 1399 iam
1935 1365 1995 1399 em
2032 1347 2242 1410 codicis,

297 1451 442 1502 cuius
468 1467 633 1520 supra
657 1449 844 1500 mentio
868 1447 1028 1516 facta
1055 1457 1142 1510 est,
1185 1456 1348 1499 aetate
1379 1445 1714 1515 intelliqimus
1743 1476 1810 1482 —
1841 1443 2054 1496 aliunde
2082 1461 2245 1514 pror-

295 1564 383 1598 sus
421 1564 526 1598 non
556 1546 791 1616 potuerit
828 1543 979 1614 efflei.
1043 1544 1334 1613 Eidemque
1374 1544 1545 1614 operis
1586 1543 1726 1594 ortui
1749 1541 1914 1609 fidem
1953 1539 2104 1611 affert
2141 1549 2249 1592 tum

299 1642 594 1712 Reqistri
638 1641 843 1706 titulus,
896 1659 921 1693 e
967 1642 1166 1693 maiore
1213 1658 1432 1711 corpore
1478 1639 1788 1703 translatus,
1840 1648 1948 1691 tum
1996 1637 2250 1690 librorum

297 1740 488 1792 annuis
525 1740 712 1809 spatiis
751 1739 1260 1807 circumscriptorum
1298 1737 1577 1789 distinctio·

446 1835 519 1888 Et
554 1835 611 1888 in
652 1835 810 1887 libros
852 1835 1084 1904 quidem,
1139 1851 1322 1903 eosque
1368 1834 1439 1885 ad
1485 1834 1792 1884 indictiones
1841 1832 2090 1900 diqestos,
2140 1831 2250 1882 iam

305 1929 552 2002 Greqorii
590 1931 629 1983 I
666 1941 888 2001 reyesta,
941 1948 1074 2000 quae
1116 1950 1224 1982 una
1263 1940 1380 1982 ante
1423 1927 1734 1999 Greqorium
1771 1927 1886 1980 VII
1914 1927 2065 1998 plene
2101 1926 2249 1979 salva

301 2028 579 2092 habentur,
633 2028 911 2080 distributa
959 2045 1063 2079 esse
1111 2028 1326 2091 scimus,
1378 2036 1437 2079 ut
1484 2028 1540 2078 in
1590 2043 1792 2095 quoque
1833 2024 1964 2076 libro
2005 2025 2248 2094 temporis

302 2127 470 2177 annui
506 2125 702 2176 litterae
738 2125 861 2176 inde
898 2144 932 2176 a
957 2125 1041 2175 die
1068 2122 1098 2176 1
1127 2142 1194 2174 m.
1227 2121 1542 2193 Septembris
1569 2123 1641 2174 ad
1666 2123 1802 2174 diem
1827 2120 1897 2173 31
1925 2139 1992 2172 m.
2021 2119 2252 2190 Auqusti

301 2239 462 2295 usque
486 2222 722 2273 inessent.
789 2218 1036 2290 Greqorii
1063 2219 1178 2272 VII
1195 2229 1365 2271 aute-m
1393 2219 1534 2288 quod
1550 2219 1730 2289 periit,
1759 2219 2035 2287 reqistrum
2058 2218 2246 2281 maius,

304 2318 736 2388 quemadmodum
775 2335 799 2369 e
835 2318 1036 2368 minore
1085 2334 1377 2367 censeamus
1429 2325 1650 2386 oportet,
1696 2332 1798 2384 per
1837 2331 2001 2366 annos
2038 2313 2249 2384 pontifi-

304 2425 446 2468 catus
484 2434 518 2466 a
555 2415 639 2466 die
677 2415 1077 2466 consecrationis
1118 2411 1178 2478 (a
1214 2413 1297 2465 die
1322 2411 1395 2466 30
1432 2431 1500 2462 m.
1531 2411 1702 2466 Iunii)
1743 2412 1953 2463 initium
1992 2411 2250 2480 capientes

303 2511 528 2563 divisum
566 2520 698 2576 erat,
750 2520 955 2580 excepto
999 2520 1044 2562 et
1074 2511 1254 2581 primo
1296 2508 1428 2561 libro
1469 2508 1725 2579 ampliore
1764 2507 1827 2560 ab
1869 2507 2127 2559 electionis
2167 2507 2252 2558 die

306 2605 366 2672 (a
403 2607 486 2659 die
523 2606 597 2659 22
631 2625 700 2658 m.
728 2605 962 2677 Aprilis)
1005 2608 1298 2659 exordiente
1349 2615 1394 2658 et
1429 2606 1710 2656 novissimo
1753 2604 1884 2656 libro
1926 2603 2157 2656 breviore
2194 2605 2252 2655 in

306 2705 390 2756 die
433 2705 614 2755 mortis
666 2701 750 2767 (in
798 2704 882 2755 die
919 2703 992 2756 25
1030 2703 1173 2756 Maii
1209 2724 1258 2756 a.
1292 2701 1461 2768 1085)
1509 2703 1798 2754 terminato.
1869 2699 2144 2770 Sequitur,
2196 2710 2254 2752 ut

305 2801 489 2853 amissi
532 2800 744 2870 reqistri
785 2801 1003 2852 maioris
1035 2799 1248 2868 fuerint
1304 2799 1428 2852 libri
1483 2799 1779 2863 duodecim,
1837 2797 1961 2850 haec
2018 2807 2271 2868 tempora

305 2897 585 2968 complexi:
673 2933 677 2939 -

424 3011 463 3055 1.
495 3011 591 3056 Nec
621 3022 729 3054 vero
759 3009 877 3053 iuste
907 3022 1018 3054 usus
1049 3013 1119 3054 est
1147 3010 1198 3054 in·
1225 3010 1603 3054 commentatione
1634 3023 1678 3066 p.
1701 3009 1788 3053 403
1810 3008 2063 3054 Willelmus
2095 3007 2249 3052 Giese-

305 3083 463 3129 brecht
492 3085 684 3141 epistola
716 3085 771 3128 16
801 3083 903 3127 libri
922 3083 1022 3140 VH,
1054 3082 1133 3127 ubi
1162 3082 1328 3128 referre
1360 3083 1628 3140 Gregorium
1658 3082 1862 3139 rebatur,
1895 3094 1951 3125 ea
1981 3082 2027 3126 in
2057 3082 2250 3138 registro

307 3159 474 3216 scripta
504 3171 619 3215 esse,
651 3160 766 3215 quae
796 3158 843 3201 in
874 3169 1009 3214 opere
1042 3161 1223 3202 servato
1253 3170 1344 3202 non
1373 3157 1667 3214 reperiantur.
1719 3157 1806 3214 „In
1835 3156 2027 3212 registro
2058 3154 2246 3200 nostro“

306 3233 425 3277 enim
464 3233 609 3289 inquit
650 3231 894 3288 Gregorius
932 3232 979 3275 in
1019 3231 1211 3287 epistola
1248 3231 1324 3275 illa
1363 3231 1423 3275 ad
1462 3231 1714 3275 Hubertum
1755 3230 2016 3286 episcopum
2047 3230 2248 3274 Tarvan-

306 3318 492 3350 nensem
523 3307 684 3350 missa:
727 3305 945 3364 „legitur,
977 3308 1023 3348 te
1056 3304 1113 3348 ab
1143 3304 1383 3359 H(ubert0)
1413 3304 1546 3349 huius
1579 3308 1762 3349 sanctae
1795 3304 1916 3347 sedis
1945 3304 2096 3360 legato
2128 3303 2250 3360 apud

307 3379 671 3425 Monasteriolum
701 3379 949 3424 hereticum
973 3377 1152 3435 publice
1174 3379 1429 3423 convictum
1445 3377 1482 3423 “.
1529 3378 1660 3431 Quod
1681 3377 1863 3434 quidem
1883 3378 1929 3421 in
1949 3378 1999 3422 L.
2017 3378 2083 3423 IV
2103 3389 2174 3434 ep.
2193 3378 2250 3421 10

309 3453 369 3496 ad
397 3453 578 3498 Adilam
609 3454 885 3498 comitissam
915 3465 1076 3509 reapse
1105 3452 1332 3496 invenitur
1361 3453 1449 3496 sic:
1484 3465 1665 3509 „neque
1685 3451 1878 3496 Huberti
1908 3450 2210 3496 archidiaconi
2225 3449 2246 3472 “

310 3527 429 3582 (post
457 3527 674 3585 episcopi)
709 3527 875 3585 „verba
905 3526 1160 3583 suscipiatis
1187 3551 1256 3583 —-,
1289 3526 1407 3582 quia,
1437 3530 1490 3570 ut
1514 3526 1783 3582 audivimus,
1814 3526 1862 3569 in
1880 3524 2075 3569 heresim
2094 3525 2250 3582 lapsus

311 3603 380 3643 est
409 3625 464 3631 -
496 3605 543 3644 et
573 3601 629 3645 ab
658 3601 862 3646 Huberto
892 3601 1044 3657 legato
1075 3600 1207 3644 huius
1239 3603 1423 3644 sanctae
1453 3600 1684 3644 Romanae
1720 3599 1841 3643 sedis
1871 3590 1994 3656 apud
2025 3599 2248 3643 Monaste-

310 3672 467 3718 riolum
495 3674 674 3731 publice
705 3679 775 3720 est
805 3674 1090 3720 convictus“.

1825 3752 1898 3799 143·
