2730 4198
524 254 631 309 692

523 447 809 492 Mandamus
839 447 982 504 vobis,
1014 450 1065 491 ut
1111 479 1120 488 .
1185 479 1193 488 .
1258 479 1266 488 .
1330 479 1337 488 .

520 519 760 565 Manifesta
790 521 981 577 apostoli
1035 552 1337 561 .....

520 593 817 650 Meminimus,
850 593 1133 636 dilectionem
1184 625 1191 632 .
1257 625 1265 633 .

519 667 775 711 Meminisse
807 665 994 722 debetis,
1026 668 1195 721 quanta
1257 697 1265 707 .
1330 698 1336 706 .

518 740 775 784 Meminisse
805 738 993 794 debetis,
1026 738 1232 794 quotiens
1257 771 1265 780 .

518 813 775 857 Meminisse
805 811 942 855 debet
972 810 1182 855 nobilitas
1257 845 1263 852 .
1329 844 1337 853 .

518 886 774 930 Meminisse
803 886 927 929 valet
955 884 1196 941 prudentia
1257 918 1264 926 .
1329 918 1336 926 .

518 957 739 1002 Michahel
767 957 1006 1016 presbyter
1037 991 1336 1001 .....

517 1032 732 1075 Miramur
761 1034 808 1074 et
837 1032 1027 1074 multum
1107 1065 1115 1071 .
1180 1064 1188 1073 .
1254 1065 1261 1072 .
1328 1064 1336 1072 .

516 1105 743 1160 Miramur,
774 1102 1066 1147 fraternitatis
1097 1107 1204 1147 tuae
1234 1116 1337 1160 pru-

576 1177 774 1221 dentiam
806 1176 895 1219 ad.
960 1210 967 1217 .
1033 1209 1051 1239 ‚¹
1107 1210 1114 1218 .
1182 1211 1189 1218 .
1254 1210 1261 1218 .
1328 1211 1334 1218 .

515 1250 740 1305 Miramur,
777 1248 1069 1293 fraternitatis
1098 1253 1205 1293 tuae
1235 1262 1338 1305 pru-

573 1322 770 1366 dentiam
801 1321 943 1365 verba
960 1354 1334 1364 ......

514 1396 728 1439 Miramur
757 1395 944 1438 nimium
977 1398 1022 1438 et
1107 1428 1115 1436 .
1180 1429 1187 1436 .
1254 1429 1261 1436 .

513 1469 736 1523 Miramur,
768 1467 1053 1523 prudentiam
1084 1471 1211 1512 tuam
1254 1502 1261 1509 .
1327 1501 1335 1510 .

512 1541 726 1586 Miramur
756 1541 881 1597 satie,
914 1541 1036 1596 quod
1067 1541 1123 1586 de
1181 1575 1187 1583 .
1252 1574 1262 1584 .

512 1615 726 1658 Miramur
754 1614 1056 1658 temeritatem
1104 1649 1112 1658 .

512 1688 663 1732 Mirari
692 1686 825 1731 valde
858 1683 1166 1743 compellimur
1253 1721 1260 1728 .
1323 1722 1330 1729 .

510 1760 714 1804 Misimus
743 1758 870 1803 fratri
899 1764 1054 1805 nostro
1102 1795 1110 1802 .
1174 1794 1184 1804 .
1250 1795 1256 1803 .

510 1833 695 1877 Misistis
727 1833 784 1876 ad
815 1846 898 1877 nos
930 1833 1183 1889 quendam.
1248 1868 1256 1876 .

510 1907 713 1951 Moerore
744 1907 907 1950 mentis
937 1910 1044 1951 tuae
1101 1940 1108 1949 .
1174 1941 1183 1949 .
1249 1941 1256 1949 .
1323 1942 1329 1949 .

509 1980 678 2024 Multae
709 1993 761 2023 ac
793 1979 1000 2024 diversae
1025 2013 1332 2023 .....

509 2054 650 2098 Multa
678 2053 997 2109 interrogando
1029 2067 1057 2098 a
1101 2088 1107 2095 .
1174 2087 1182 2096 .
1247 2087 1256 2096 .

510 2126 742 2171 Nobilitas
771 2130 851 2170 tua
880 2126 966 2170 hoc
996 2127 1043 2171 in
1099 2161 1106 2169 .
1172 2160 1180 2169 .
1246 2162 1254 2170 .
1320 2161 1327 2170 .

509 2200 611 2245 Non
642 2200 853 2243 admirari
883 2204 929 2244 te
954 2233 1329 2244 ......

509 2274 610 2319 Non
641 2274 865 2318 credimus
895 2274 1036 2317 latere
1099 2307 1106 2316 .
1172 2309 1179 2316 .

509 2347 610 2391 Non
642 2346 915 2403 dubitamus,
948 2347 1007 2390 ad
1025 2380 1327 2390 .....

507 2419 609 2464 Non
640 2419 912 2475 dubitamus,
945 2418 1113 2463 famam
1173 2454 1179 2461 .
1245 2454 1254 2463 .
1318 2454 1327 2463 .

507 2492 608 2537 Non
640 2492 912 2548 dubitamus,
944 2492 1237 2537 fraternitatis

508 2564 609 2610 Non
639 2564 815 2609 dubitet
843 2566 1084 2622 prudentia
1171 2599 1181 2609 .
1246 2600 1254 2609 .

612 2639 713 2683 Non
743 2643 861 2695 eget,
894 2652 920 2683 o
951 2638 1014 2683 fili
1097 2673 1103 2680 .
1169 2673 1176 2681 .
1242 2673 1250 2682 .
1316 2673 1323 2682 .

506 2711 607 2757 Non
627 2712 806 2768 ignorat
825 2712 1065 2768 prudentia
1083 2716 1176 2769 tua,
1197 2712 1328 2758 nobis

505 2785 607 2830 Non
636 2786 842 2841 ignorare
875 2785 1098 2830 credimus
1123 2784 1327 2831 fraterni—

563 2862 704 2902 tatem
735 2863 947 2915 vestram,
981 2860 1174 2915 qualiter
1240 2894 1248 2902 .

504 2932 605 2977 Non
634 2932 842 2988 ignorare
874 2932 1099 2976 credimus
1122 2931 1325 2977 fraterni-

561 3009 702 3049 tatem
732 3009 943 3061 vestram,
977 3005 1140 3061 quibus
1167 3039 1175 3048 .
1239 3039 1248 3048 .

503 3078 605 3123 Non
634 3079 842 3134 ignorare
873 3078 1099 3123 credimus
1128 3081 1322 3136 pruden-

560 3152 671 3195 tiam
703 3156 827 3195 tuam
870 3185 1320 3196 .......

502 3225 603 3269 Non
632 3225 839 3280 ignorare
871 3225 1095 3270 credimus
1125 3226 1319 3283 pruden-

558 3297 669 3341 tiam
698 3302 896 3342 vestram

500 3370 602 3415 Non
630 3371 838 3427 ignorare
868 3375 915 3416 te
944 3405 1319 3416 ......

500 3442 602 3488 Non
630 3444 838 3500 ignorare
867 3458 951 3490 vos
972 3446 1210 3504 credimus,
1243 3447 1320 3492 do-

559 3517 728 3561 minum

500 3588 601 3633 Non
621 3589 828 3646 ignorare
847 3605 931 3637 vos
953 3592 1190 3651 credimus,
1213 3607 1320 3650 qua-

556 3662 659 3707 liter

718 3696 1317 3710 .........

1331 625 1338 633 .
1401 592 1485 635 201

1331 771 1337 780 .
1400 738 1487 782 288

1328 1428 1335 1436 .
1397 1396 1485 1439 380

1326 1575 1334 1582 .
1399 1543 1482 1586 177

1251 1647 1259 1656 .
1325 1648 1332 1655 .
1396 1614 1484 1658 364

1323 1795 1331 1803 .
1394 1761 1481 1805 530

1323 1868 1331 1876 .
1394 1835 1478 1879 247

1322 2089 1329 2097 .
1381 2055 1477 2099 ,241

1245 2275 1478 2319 ..253

1321 2527 1327 2535 .
1390 2495 1476 2538 389

1319 2601 1327 2608 .
1389 2567 1476 2610 499

1315 2894 1323 2903 .
1386 2861 1472 2905 252

1314 3041 1322 3049 .
1385 3009 1471 3052 262

1401 394 1488 428 pag.
2427 395 2513 431 pag.

1403 447 1486 489 161
1547 445 1648 489 Non
1664 445 1870 500 ignorare
1880 457 1963 489 vos
1974 445 2211 503 credimus,
2229 459 2367 503 quan-

1400 519 1485 562 251
1605 521 1699 561 tam
1771 550 2364 562 .........
2427 521 2516 564 320

1547 590 1647 634 Non
1662 590 1869 645 ignorare
1879 603 1962 635 vos
1973 592 2210 648 credimus,
2228 604 2366 648 quan-

1401 665 1487 708 282
1605 667 1701 706 tum
1768 696 2365 707 .........
2427 665 2516 709 290

1546 736 1647 781 Non
1667 737 1847 792 ignorat
1864 737 2102 794 prudentia
2119 741 2211 795 tua,
2233 751 2366 782 cano-

1431 812 1486 855 78
1604 810 1751 853 nicam
1843 843 2364 853 ........
2427 811 2516 855 504

1429 885 1487 928 64
1515 901 1518 906 ·
1545 884 1646 927 Non
1656 882 2082 940 ignoratprudentia
2092 883 2368 939 tua,mentiri
2425 884 2515 928 470

1429 958 1485 1001 86
1545 957 1645 1001 Non
1675 957 1953 1012 incognitum
1983 956 2114 1001 vobis
2145 969 2246 1001 esse
2285 990 2292 999 .
2358 990 2365 998 .
2457 958 2512 1002 61

1428 1031 1485 1075 28
1545 1030 1646 1074 Non
1675 1030 1814 1073 latere
1844 1043 1928 1074 vos
1959 1030 2184 1074 credimus
2207 1063 2216 1072 .
2281 1063 2289 1072 .
2355 1063 2364 1072 .
2458 1031 2514 1075 16

1545 1103 1646 1147 Non
1677 1103 1915 1146 mediocris
1945 1105 1991 1145 te
2065 1136 2365 1145 .....
2457 1104 2512 1148 71

1398 1178 1486 1221 394
1545 1176 1646 1220 Non
1676 1177 1860 1219 minima
1889 1175 2185 1220 admiratione
2210 1209 2216 1217 .
2282 1209 2291 1218 .
2355 1209 2363 1218 .
2454 1176 2513 1221 49

1545 1250 1645 1293 Non
1678 1250 1862 1293 miretur
1891 1253 2045 1293 vestra
2075 1248 2284 1294 nobilitas
2356 1283 2363 1291 .
2457 1251 2514 1294 70

1398 1322 1485 1366 534
1544 1323 1645 1367 Non
1675 1323 1902 1367 modicum
1934 1322 2185 1367 offendistis
2211 1357 2217 1364 .
2281 1356 2290 1365 .
2356 1356 2364 1365 .
2425 1323 2514 1367 362

1543 1396 1768 1440 Nonnulla
1798 1396 1927 1440 nobis
1958 1395 2096 1439 frater
2137 1429 2144 1437 .
2211 1429 2218 1438 .
2283 1428 2292 1438 .
2357 1430 2364 1438 .
2455 1397 2513 1441 23

1396 1468 1484 1511 408
1543 1469 1644 1513 Non
1674 1483 1832 1525 parum
1864 1469 1920 1512 de
1951 1468 2083 1513 vobis
2135 1502 2144 1511 .
2208 1502 2217 1511 .
2281 1503 2290 1511 .
2355 1503 2363 1512 .
2425 1469 2514 1514 210

1542 1542 1643 1587 Non
1673 1555 1756 1587 vos
1786 1542 1915 1599 fugit,
1947 1543 2098 1587 varios
2132 1576 2140 1584 .
2279 1576 2288 1584 .
2354 1577 2361 1584 .
2425 1544 2512 1587 122

1544 1615 1651 1671 Nos,
1685 1619 1731 1659 et
1758 1616 1933 1671 indigni
1963 1620 2009 1660 et
2061 1648 2362 1658 .....
2424 1617 2512 1661 543

1395 1687 1483 1731 564
1545 1689 1711 1733 Notum
1744 1702 1844 1732 esse
1876 1690 2100 1733 credimus
2135 1723 2142 1730 .
2279 1722 2288 1731 .
2352 1721 2363 1731 .
2426 1690 2512 1750 152

1543 1762 1709 1806 Notum
1741 1774 1842 1805 esse
1872 1761 2143 1806 fraternitati
2208 1796 2216 1803 .
2281 1795 2290 1803 .
2354 1795 2363 1805 .
2423 1763 2514 1807 450

1544 1835 1711 1879 Notum
1743 1848 1843 1879 esse
1874 1836 2140 1892 prudentiae
2207 1868 2216 1877 .
2355 1868 2363 1877 .
2422 1836 2512 1880 435

1422 1908 1479 1951 89
1544 1908 1710 1953 Notum
1743 1921 1843 1952 esse
1874 1909 1956 1953 tibi
1987 1910 2122 1954 credo
2208 1942 2216 1950 .
2280 1942 2289 1951 .
2355 1943 2363 1951 .
2423 1909 2513 1953 414

1395 1981 1478 2025 157
1544 1981 1712 2026 Notum
1744 1994 1844 2025 esse
1874 1983 2084 2026 volumus
2115 1983 2291 2027 caritati
2353 2017 2361 2025 .
2423 1984 2510 2028 267

1540 2055 1707 2100 Notum
1730 2067 1830 2099 esse
1852 2057 2073 2113 volumus,
2108 2061 2363 2101 controver-
2549 2089 2551 2092 ι

1392 2129 1478 2172 236
1598 2129 1711 2172 siam
1767 2162 2359 2173 .........
2420 2130 2508 2174 405

1392 2202 1478 2246 279
1539 2202 1706 2246 Notum
1748 2214 1847 2245 esse
1885 2203 2093 2246 volumus
2134 2203 2362 2248 dilectioni
2420 2204 2509 2248 544

1536 2275 1703 2319 Notum
1736 2278 1806 2318 est
1834 2287 1949 2330 pene
1984 2309 2357 2318 ......
2419 2277 2508 2320 200

1389 2349 1475 2392 447
1536 2348 1703 2392 Notum
1735 2351 1805 2391 est
1833 2347 1963 2391 vobis
1981 2381 2356 2391 ......
2419 2351 2506 2394 266

1421 2422 1477 2464 12
1535 2421 1702 2465 Notum
1733 2419 1924 2464 facimus
1955 2420 2085 2465 vobis
2128 2458 2134 2464 .
2201 2456 2210 2464 .
2273 2455 2282 2465 .
2348 2454 2357 2464 .
2418 2423 2506 2467 503

1535 2494 1702 2538 Notum
1733 2493 1829 2537 fieri
1860 2493 1990 2538 vobis
2056 2528 2355 2537 .....
2418 2496 2504 2540 277

1534 2568 1701 2611 Notum
1731 2566 1829 2610 fieri
1858 2568 2067 2611 volumus
2130 2601 2137 2609 .
2202 2602 2209 2609 .
2274 2602 2282 2610 .
2347 2601 2355 2610 .
2419 2569 2505 2613 136

1389 2640 1475 2684 548
1535 2640 1703 2685 Notum
1734 2641 1793 2684 sit
1823 2640 2051 2684 dilectioni
2128 2674 2135 2683 .
2201 2675 2209 2683 .
2273 2675 2283 2684 .
2346 2674 2356 2685 .
2415 2642 2504 2686 436

1388 2714 1473 2758 501
1537 2714 1703 2758 Notum
1737 2714 1794 2757 sit
1823 2713 1968 2770 vobis,
2000 2727 2083 2758 nos
2126 2747 2134 2756 .
2200 2748 2208 2756 .
2272 2747 2282 2758 .
2346 2749 2354 2757 .
2414 2715 2504 2759 482

1533 2787 1701 2831 Notum
1731 2791 1825 2830 tam
1856 2787 2170 2843 praesentibus
2198 2820 2207 2830 .
2273 2821 2280 2830 .
2345 2821 2354 2830 .
2416 2788 2503 2833 335

1532 2861 1699 2905 Notum
1730 2860 1810 2904 tibi
1843 2873 1945 2904 esse
1975 2873 2065 2905 non
2096 2860 2356 2906 dubitamus
2415 2862 2501 2906 567

1534 2934 1701 2978 Notum
1731 2933 1862 2977 vobis
1895 2946 1995 2977 esse
2027 2935 2280 2979 credimus.
2343 2968 2352 2977 .
2414 2935 2501 2979 216

1530 3007 1699 3052 Notum
1730 3006 1861 3051 vobis
1892 3020 1994 3051 esse
2025 3008 2278 3052 credimus.
2340 3041 2350 3050 .
2412 3008 2502 3052 444

1530 3081 1697 3126 Notum
1727 3080 1857 3124 vobis
1890 3093 1990 3125 esse
2021 3094 2111 3126 non
2193 3114 2201 3123 .
2267 3114 2274 3122 .
2340 3114 2348 3123 .
2410 3082 2499 3126 498

1413 3156 1470 3200 60
1528 3155 1695 3200 Notum
1715 3154 1846 3199 vobis
1868 3167 1968 3199 esse
1988 3156 2209 3211 volumus,
2230 3154 2350 3199 hunc

1587 3227 1772 3271 fratrem
1826 3260 2347 3270 ........
2413 3228 2500 3273 104

1382 3302 1468 3345 283
1528 3301 1695 3346 Notum
1716 3300 1847 3345 vobis
1869 3314 1969 3345 esse
1989 3301 2213 3357 volumus,
2234 3300 2352 3345 hunc

1383 3375 1469 3419 185
1585 3375 1732 3418 virum
1823 3407 2347 3417 ........
2439 3374 2496 3419 69

1527 3448 1693 3492 Notum
1715 3447 1845 3492 vobis
1867 3461 1968 3492 esse
1983 3449 2206 3505 volumus,
2230 3448 2352 3504 quod
2441 3448 2499 3492 74

1383 3523 1467 3566 129
1528 3521 1695 3566 Notum
1716 3521 1846 3566 vobis
1868 3525 1949 3577 est,
1972 3521 2094 3577 quod
2113 3522 2350 3565 Rainerius
2411 3522 2497 3565 162

1527 3595 1692 3639 Notum
1724 3594 1855 3639 vobis
1886 3598 1968 3652 est,
2006 3595 2140 3652 quod,
2173 3607 2349 3639 succre-

1380 3667 1466 3712 248
1586 3671 1739 3712 scente
1824 3700 2346 3712 ........
2410 3667 2497 3713 154

1214 268 1391 305 ΙΝΙΤῙΑ
1428 267 1824 305 EPISTOLALUM
