2722 4172
817 280 1090 319 GREGoRn
1126 280 1206 318 vn
1241 279 1504 319 REGISTRI
1539 279 1583 316 11
1610 279 1644 316 7.
1674 279 1709 316 s.
2126 263 2225 314 121

297 398 610 468 suffragante
648 398 798 452 beato
823 397 977 451 Petro
1011 397 1268 468 apostolo,
1310 414 1340 450 a
1376 401 1706 468 peccatorum
1744 398 1952 448 tuorum
1990 397 2042 447 te
2082 393 2231 448 abso-

293 497 462 550 lutum
498 495 719 549 vinculis
760 495 824 548 ad
863 495 1052 563 gaudia
1089 498 1300 548 aeterna
1323 494 1588 564 perducat.
1647 492 1786 546 Data
1809 490 2002 544 Romae
2035 492 2101 544 10
2126 490 2230 544 Ka-

293 592 472 646 lendas
512 591 765 660 OctobriS,
805 592 1086 645 indictione
1131 592 1211 643 13.

293 763 343 824 ῙῙ
377 769 433 826 8.
494 770 778 822 Iohannem
818 772 1114 841 episcopum
1150 769 1547 830 Moraviensem‚
1589 766 1652 818 ab
1694 769 1931 836 episcopo
1971 767 2233 836 Prayensi

495 869 705 919 iniuriis
745 867 1006 936 affectum,
1056 865 1364 917 consolatur.
1432 863 1518 915 De
1557 863 1784 933 epistolis
1824 864 1895 914 ad
1933 863 2146 914 eundem
2185 873 2232 916 et

497 965 567 1016 ad
605 963 943 1016 Wratizlaum
981 962 1052 1014 II
1081 962 1260 1013 ducem
1297 960 1580 1012 Bohemiae
1617 961 1788 1011 missis
1828 960 1992 1011 addit.

440 1073 718 1142 Gregorius
759 1074 1030 1143 episcopus
1059 1087 1238 1124 servus
1274 1087 1542 1124 servorum
1567 1069 1667 1123 Dei
1692 1069 1908 1123 Iohanni
1935 1069 2230 1123 Marovensi

294 1171 536 1241 episcopo
576 1170 794 1223 salutem
835 1173 886 1222 et
924 1167 1261 1239 apostolicam
1299 1166 1725 1220 benedictionem.

439 1266 722 1320 Caritatem
760 1270 905 1318 tuam
941 1265 1103 1317 frater
1132 1281 1256 1332 erga
1283 1280 1378 1317 nos
1407 1266 1702 1333 promptam
1731 1266 1784 1316 et
1821 1263 2077 1316 sinceram
2117 1280 2229 1317 esse

291 1367 680 1431 cognoscenteS,
731 1361 931 1415 debitas
978 1361 1075 1414 tibi
1124 1364 1296 1428 grates
1343 1359 1676 1431 rependimus
1723 1360 1929 1429 tuisque
1966 1360 2228 1429 fatigatio-

288 1459 440 1512 nibus
464 1459 692 1512 sraterno
720 1458 872 1511 corde
899 1458 1158 1528 compassi
1185 1474 1379 1510 sumus.
1421 1455 1623 1510 Scimus
1650 1457 1805 1526 enim,
1829 1461 2023 1526 quanta
2046 1457 2228 1511 fraude

287 1554 564 1623 Bragensis
614 1555 885 1625 episcopus
931 1558 983 1608 te
1032 1554 1386 1608 circumvenit.
1454 1552 1552 1617 Qui
1598 1558 1775 1607 tamen
1812 1571 1915 1607 non
1955 1554 2123 1607 solum
2163 1555 2229 1608 ad

286 1655 403 1705 tuas
444 1652 550 1720 sed,
592 1652 654 1706 de
692 1651 840 1705 nobis
879 1652 1175 1705 mentiendo
1216 1655 1267 1705 et
1306 1651 1454 1720 quasi
1493 1667 1558 1704 ex
1585 1655 1764 1704 nostra
1790 1652 2118 1704 concessione
2143 1669 2227 1704 ra-

285 1749 562 1819 pacitatem
615 1765 763 1802 suam
809 1748 1128 1817 roborand0‚
1180 1748 1245 1802 ad
1291 1751 1496 1801 nostras
1537 1748 1694 1800 etiam
1732 1748 1948 1802 iniurias
1986 1752 2227 1818 patenter

287 1845 474 1916 erupit.
535 1845 647 1909 Qua
685 1845 748 1898 de
785 1862 842 1898 re
883 1862 1039 1914 quam
1077 1845 1306 1913 graviter
1345 1845 1589 1898 commoti
1629 1845 1790 1898 simus
1819 1844 1903 1898 vel
1942 1845 2067 1914 quid
2103 1845 2225 1899 inde

286 1942 654 2011 censuerimus,
695 1942 779 1995 hic
816 1942 1036 1995 nuncius
1075 1946 1195 1995 tuus
1224 1942 1345 1995 viva
1374 1958 1500 1995 voce
1538 1941 1636 1995 tibi
1671 1942 1900 1995 indicare
1925 1942 2133 2012 poterit,
2174 1946 2227 1995 et

285 2043 342 2093 tu
379 2040 492 2110 ipse
529 2040 584 2092 in
620 2039 827 2107 litteris,
868 2055 996 2107 quas
1022 2038 1155 2107 duci,
1198 2043 1250 2092 et
1274 2038 1511 2108 exemplo
1537 2037 1847 2107 litterarum,
1890 2056 2017 2108 quas
2057 2039 2225 2093 eidem

286 2135 526 2206 episcopo
553 2136 807 2204 misimus,
848 2135 1071 2206 pleniter
1097 2152 1404 2203 cognoscere
1429 2139 1594 2205 potes,
1653 2134 1724 2188 Et
1750 2140 1807 2189 tu
1834 2136 2044 2204 quidem
2068 2137 2224 2190 nimis

284 2232 590 2302 simpliciter
629 2233 797 2301 egisti,
839 2233 977 2301 quod
1013 2249 1109 2285 nos
1147 2236 1328 2285 contra
1354 2232 1561 2285 decreta
1584 2236 1764 2285 nostra
1789 2250 2000 2301 surgere
2031 2237 2083 2287 et
2109 2251 2224 2287 sen-

282 2329 499 2382 tentiam
539 2333 769 2382 nostram
795 2333 905 2382 tam
930 2329 1114 2383 leviter
1139 2332 1342 2382 mutare
1367 2329 1582 2399 putasti,
1623 2330 1739 2398 qui*¹
1766 2346 1828 2383 ea
1862 2330 2052 2398 omnia,
2094 2348 2225 2400 quae

282 2424 419 2478 inter
465 2430 516 2479 te
557 2430 608 2479 et
643 2426 794 2479 illum
840 2426 894 2479 in
938 2426 1030 2480 lite
1070 2429 1214 2494 sunt,
1263 2442 1427 2495 usque
1480 2425 1546 2479 ad
1590 2426 1820 2479 futuram
1869 2427 2126 2498 synodum
2173 2431 2225 2481 et

283 2520 441 2574 totius
481 2521 815 2576 dissensionis
841 2527 1045 2577 vestrae
1073 2522 1446 2576 discussionem
1473 2523 1577 2576 tuis
1605 2523 2020 2593 possessionibus
2047 2524 2222 2578 decre-

284 2616 444 2685 visse,
491 2634 738 2687 praesens
785 2620 1135 2674 intellexeras.
1202 2619 1354 2673 Nunc
1391 2620 1552 2688 igitur
1591 2620 1875 2690 apostolica
1914 2622 2221 2675 auctoritate

282 2712 454 2766 iussus
495 2717 649 2783 atque
688 2713 942 2785 suffultuS‚
982 2721 1210 2770 castrum
1251 2720 1303 2770 et
1339 2717 1384 2770 si
1412 2734 1543 2786 quae
1575 2716 1704 2770 aliab
1731 2717 1997 2787 praefatus
2024 2718 2221 2789 episco-

281 2826 379 2879 pus
418 2810 513 2863 tibi
553 2810 766 2864 abstulit
803 2812 913 2865 sine
951 2830 1098 2867 mora
1134 2818 1357 2885 repetas.
1417 2813 1571 2866 Illum
1604 2831 1829 2883 namque
1857 2814 2220 2869 admonuimus

280 2904 615 2976 firmiterque,
655 2907 751 2961 tibi
790 2925 852 2960 ea
890 2909 1064 2962 omnia
1104 2910 1214 2963 sine
1249 2910 1656 2964 contradictione
1681 2911 1914 2980 reddere,
1953 2912 2220 2982 praecepi-

279 3019 410 3056 mus,
470 3002 669 3057 Ducem
707 3021 829 3058 vero
866 3005 1188 3072 rogavimus:
1239 3011 1320 3076 ut,
1371 3007 1416 3060 si
1455 3007 1728 3078 episcopus
1767 3009 1916 3062 nobis
1955 3026 2060 3062 non
2099 3008 2219 3063 obe-

280 3099 414 3152 diret
426 3109 459 3168 ὓ,
501 3118 620 3154 eum
659 3101 721 3154 de
761 3104 929 3154 castro
970 3101 1254 3171 expelleret
1292 3107 1357 3173 et,
1398 3104 1652 3158 restitutis
1692 3104 1787 3158 tibi
1826 3105 2081 3173 omnibuS‚
2120 3122 2216 3175 pro

279 3213 454 3250 amore
491 3197 590 3251 Dei
629 3201 680 3251 te
720 3201 772 3251 et
808 3198 945 3251 bona
983 3198 1255 3267 ecclesiae,
1302 3200 1386 3253 cui
1420 3217 1622 3270 praees,
1661 3201 1772 3255 Deo
1813 3201 2090 3255 adiuvante
2128 3202 2216 3256 de-

275 3293 525 3348 fenderet.
585 3293 697 3347 Hoc
736 3295 875 3348 enim
913 3294 1267 3349 indubitanter
1305 3297 1455 3366 scias,
1497 3298 1619 3366 quia
1655 3314 1822 3367 neque
1846 3299 1902 3351 in
1927 3298 2024 3351 hac
2048 3316 2216 3368 neque

276 3389 331 3442 in
369 3389 471 3443 alia
496 3408 552 3443 re
580 3391 645 3444 ad
671 3391 1024 3445 defensionem
1049 3392 1279 3446 iustitiae
1304 3397 1425 3447 tuae
1451 3394 1735 3464 apostolica
1758 3394 1870 3462 tibi,
1908 3395 2215 3464 providente

275 3484 404 3554 Dec,
445 3486 766 3541 sollicitudod
806 3489 973 3542 deerit
1009 3489 1092 3542 vel
1132 3490 1428 3543 auctoritas
1486 3489 1825 3561 Omnipotens
1850 3491 1993 3546 Deus
2030 3493 2084 3545 in
2123 3497 2215 3547 tua

390 3645 423 3670 a.
451 3649 500 3671 an
527 3637 662 3683 quem?
690 3651 739 3672 an
766 3637 830 3684 qui
855 3638 952 3675 nos?
1067 3637 1104 3674 b.
1133 3638 1165 3674 si
1192 3638 1256 3685 qui
1283 3637 1408 3686 aliqua
1434 3653 1465 3675 c.
1583 3649 1615 3675 c.
1643 3642 1807 3689 sequitur
1832 3642 1957 3677 iterum
1985 3642 2027 3678 ut
2060 3643 2095 3678 in
2126 3642 2212 3678 cod.

276 3698 312 3735 d.
340 3702 375 3736 in
404 3701 486 3737 cod.
517 3703 678 3751 seqnitur
703 3713 791 3739 non.

2292 398 2406 442 1074

2261 458 2363 507 Sept.
2383 461 2431 496 22

2292 1081 2406 1124 1074

2259 1140 2362 1189 Sept.
2382 1143 2429 1178 22
