<?xml version="1.0" encoding="UTF-8"?>
<!DOCTYPE html PUBLIC "-//W3C//DTD XHTML 1.0 Transitional//EN"
    "http://www.w3.org/TR/xhtml1/DTD/xhtml1-transitional.dtd">
<html xmlns="http://www.w3.org/1999/xhtml" xml:lang="en" lang="en">
 <head>
  <title>
</title>
<meta http-equiv="Content-Type" content="text/html;charset=utf-8" />
  <meta name='ocr-system' content='tesseract 3.04.00' />
  <meta name='ocr-capabilities' content='ocr_page ocr_carea ocr_par ocr_line ocrx_word'/>
</head>
<body>
  <div class='ocr_page' id='page_1' title='image "bibliothecarerum02wattuoft_0387.png"; bbox 0 0 2730 4198; ppageno 0'>
   <div class='ocr_carea' id='block_1_1' title="bbox 802 277 2207 329">
    <p class='ocr_par' dir='ltr' id='par_1_1' title="bbox 802 277 2207 329">
     <span class='ocr_line' id='line_1_1' title="bbox 802 277 2207 329; baseline 0.001 -2"><span class='ocrx_word' id='word_1_1' title='bbox 802 288 1077 328; x_wconf 79' lang='lat' dir='ltr'><strong>GREGORII</strong></span> <span class='ocrx_word' id='word_1_2' title='bbox 1115 291 1193 327; x_wconf 87' lang='lat' dir='ltr'>vn</span> <span class='ocrx_word' id='word_1_3' title='bbox 1230 289 1493 328; x_wconf 75' lang='lat' dir='ltr'>REG1s⁷rm</span> <span class='ocrx_word' id='word_1_4' title='bbox 1532 291 1588 327; x_wconf 91' lang='lat' dir='ltr'>v1</span> <span class='ocrx_word' id='word_1_5' title='bbox 1616 290 1678 326; x_wconf 87' lang='lat'>34.</span> <span class='ocrx_word' id='word_1_6' title='bbox 2107 277 2207 329; x_wconf 80' lang='lat'>371</span> 
     </span>
    </p>
   </div>
   <div class='ocr_carea' id='block_1_2' title="bbox 261 404 2216 3455">
    <p class='ocr_par' dir='ltr' id='par_1_2' title="bbox 261 404 2216 3455">
     <span class='ocr_line' id='line_1_2' title="bbox 271 404 2210 476; baseline -0.001 -16"><span class='ocrx_word' id='word_1_7' title='bbox 271 406 467 473; x_wconf 80' lang='lat' dir='ltr'>derint,</span> <span class='ocrx_word' id='word_1_8' title='bbox 515 422 619 458; x_wconf 90' lang='lat' dir='ltr'>non</span> <span class='ocrx_word' id='word_1_9' title='bbox 659 404 826 458; x_wconf 88' lang='lat' dir='ltr'>solum</span> <span class='ocrx_word' id='word_1_10' title='bbox 864 407 1150 476; x_wconf 92' lang='lat' dir='ltr'>primatum</span> <span class='ocrx_word' id='word_1_11' title='bbox 1187 407 1339 460; x_wconf 90' lang='lat' dir='ltr'>huius</span> <span class='ocrx_word' id='word_1_12' title='bbox 1381 407 1676 476; x_wconf 75' lang='lat' dir='ltr'>dignitatis⁸</span> <span class='ocrx_word' id='word_1_13' title='bbox 1716 423 1821 460; x_wconf 90' lang='lat' dir='ltr'>non</span> <span class='ocrx_word' id='word_1_14' title='bbox 1861 406 2210 474; x_wconf 79' lang='lat' dir='ltr'>concedimuS,</span> 
     </span>
     <span class='ocr_line' id='line_1_3' title="bbox 271 501 2216 571; baseline 0.001 -17"><span class='ocrx_word' id='word_1_15' title='bbox 271 517 448 555; x_wconf 85' lang='lat' dir='ltr'>verum</span> <span class='ocrx_word' id='word_1_16' title='bbox 504 501 662 555; x_wconf 89' lang='lat' dir='ltr'>etiam</span> <span class='ocrx_word' id='word_1_17' title='bbox 721 503 862 555; x_wconf 90' lang='lat' dir='ltr'>omni</span> <span class='ocrx_word' id='word_1_18' title='bbox 917 503 1111 557; x_wconf 82' lang='lat' dir='ltr'>honore</span> <span class='ocrx_word' id='word_1_19' title='bbox 1168 503 1504 557; x_wconf 90' lang='lat' dir='ltr'>ecclesiastici</span> <span class='ocrx_word' id='word_1_20' title='bbox 1551 503 1821 571; x_wconf 87' lang='lat' dir='ltr'>regiminis</span> <span class='ocrx_word' id='word_1_21' title='bbox 1871 502 2114 570; x_wconf 87' lang='lat' dir='ltr'>indignos</span> <span class='ocrx_word' id='word_1_22' title='bbox 2165 506 2216 555; x_wconf 90' lang='lat' dir='ltr'>et</span> 
     </span>
     <span class='ocr_line' id='line_1_4' title="bbox 271 597 2214 667; baseline 0.001 -17"><span class='ocrx_word' id='word_1_23' title='bbox 271 597 466 650; x_wconf 88' lang='lat' dir='ltr'>alienos</span> <span class='ocrx_word' id='word_1_24' title='bbox 503 598 613 650; x_wconf 90' lang='lat' dir='ltr'>fore</span> <span class='ocrx_word' id='word_1_25' title='bbox 652 598 1027 652; x_wconf 76' lang='lat' dir='ltr'>adjudicamus,</span> <span class='ocrx_word' id='word_1_26' title='bbox 1157 598 1458 652; x_wconf 86' lang='lat' dir='ltr'>Provincias</span> <span class='ocrx_word' id='word_1_27' title='bbox 1500 603 1674 651; x_wconf 91' lang='lat' dir='ltr'>autem</span> <span class='ocrx_word' id='word_1_28' title='bbox 1712 598 1856 666; x_wconf 82' lang='lat' dir='ltr'>illas,</span> <span class='ocrx_word' id='word_1_29' title='bbox 1898 615 2027 667; x_wconf 90' lang='lat' dir='ltr'>quas</span> <span class='ocrx_word' id='word_1_30' title='bbox 2067 598 2214 651; x_wconf 90' lang='lat' dir='ltr'>vobis</span> 
     </span>
     <span class='ocr_line' id='line_1_5' title="bbox 270 692 2212 762; baseline 0 -16"><span class='ocrx_word' id='word_1_31' title='bbox 270 692 652 762; x_wconf 83' lang='lat' dir='ltr'>confirmamuS,</span> <span class='ocrx_word' id='word_1_32' title='bbox 694 694 913 747; x_wconf 79' lang='lat' dir='ltr'>dicimus</span> <span class='ocrx_word' id='word_1_33' title='bbox 952 694 1352 762; x_wconf 78' lang='lat' dir='ltr'>Lugdunensem</span> <span class='ocrx_word' id='word_1_34' title='bbox 1390 694 1827 761; x_wconf 87' lang='lat' dir='ltr'>Rotomagensem</span> <span class='ocrx_word' id='word_1_35' title='bbox 1859 694 2212 746; x_wconf 88' lang='lat' dir='ltr'>Turonensem</span> 
     </span>
     <span class='ocr_line' id='line_1_6' title="bbox 270 788 2214 858; baseline -0.001 -16"><span class='ocrx_word' id='word_1_36' title='bbox 270 788 725 856; x_wconf 82' lang='lat' dir='ltr'>etSenonensem3</span> <span class='ocrx_word' id='word_1_37' title='bbox 766 795 825 844; x_wconf 92' lang='lat' dir='ltr'>ut</span> <span class='ocrx_word' id='word_1_38' title='bbox 861 790 958 843; x_wconf 92' lang='lat' dir='ltr'>hae</span> <span class='ocrx_word' id='word_1_39' title='bbox 997 789 1238 843; x_wconf 88' lang='lat' dir='ltr'>videlicet</span> <span class='ocrx_word' id='word_1_40' title='bbox 1274 789 1574 858; x_wconf 87' lang='lat' dir='ltr'>provinciae</span> <span class='ocrx_word' id='word_1_41' title='bbox 1600 789 1911 856; x_wconf 74' lang='lat' dir='ltr'>condignam</span> <span class='ocrx_word' id='word_1_42' title='bbox 1939 789 2214 856; x_wconf 79' lang='lat' dir='ltr'>oboedien-</span> 
     </span>
     <span class='ocr_line' id='line_1_7' title="bbox 268 883 2213 953; baseline -0.001 -15"><span class='ocrx_word' id='word_1_43' title='bbox 268 884 398 938; x_wconf 87' lang='lat' dir='ltr'>tiam</span> <span class='ocrx_word' id='word_1_44' title='bbox 422 884 759 953; x_wconf 89' lang='lat' dir='ltr'>Lugdunensi</span> <span class='ocrx_word' id='word_1_45' title='bbox 798 886 1052 940; x_wconf 87' lang='lat' dir='ltr'>ecclesiae</span> <span class='ocrx_word' id='word_1_46' title='bbox 1084 885 1380 953; x_wconf 81' lang='lat' dir='ltr'>exhibeant,</span> <span class='ocrx_word' id='word_1_47' title='bbox 1421 888 1473 938; x_wconf 90' lang='lat' dir='ltr'>et</span> <span class='ocrx_word' id='word_1_48' title='bbox 1502 885 1769 952; x_wconf 78' lang='lat' dir='ltr'>honorem,</span> <span class='ocrx_word' id='word_1_49' title='bbox 1811 901 1965 953; x_wconf 90' lang='lat' dir='ltr'>quem</span> <span class='ocrx_word' id='word_1_50' title='bbox 1990 883 2213 937; x_wconf 86' lang='lat' dir='ltr'>Romani</span> 
     </span>
     <span class='ocr_line' id='line_1_8' title="bbox 269 979 2213 1050; baseline 0 -17"><span class='ocrx_word' id='word_1_51' title='bbox 269 980 539 1050; x_wconf 89' lang='lat' dir='ltr'>pontifices</span> <span class='ocrx_word' id='word_1_52' title='bbox 587 982 907 1035; x_wconf 90' lang='lat' dir='ltr'>reddendum</span> <span class='ocrx_word' id='word_1_53' title='bbox 949 991 1061 1035; x_wconf 80' lang='lat' dir='ltr'>esse</span> <span class='ocrx_word' id='word_1_54' title='bbox 1100 981 1308 1050; x_wconf 90' lang='lat' dir='ltr'>scriptis</span> <span class='ocrx_word' id='word_1_55' title='bbox 1347 981 1575 1050; x_wconf 89' lang='lat' dir='ltr'>propriis</span> <span class='ocrx_word' id='word_1_56' title='bbox 1617 979 1995 1050; x_wconf 88' lang='lat' dir='ltr'>praefixerunt,</span> <span class='ocrx_word' id='word_1_57' title='bbox 2044 981 2213 1033; x_wconf 89' lang='lat' dir='ltr'>humi-</span> 
     </span>
     <span class='ocr_line' id='line_1_9' title="bbox 269 1076 2214 1147; baseline 0.001 -18"><span class='ocrx_word' id='word_1_58' title='bbox 269 1076 390 1131; x_wconf 86' lang='lat' dir='ltr'>liter</span> <span class='ocrx_word' id='word_1_59' title='bbox 428 1081 480 1131; x_wconf 88' lang='lat' dir='ltr'>et</span> <span class='ocrx_word' id='word_1_60' title='bbox 518 1077 701 1131; x_wconf 88' lang='lat' dir='ltr'>devote</span> <span class='ocrx_word' id='word_1_61' title='bbox 739 1076 1062 1147; x_wconf 83' lang='lat' dir='ltr'>persolvant3</span> <span class='ocrx_word' id='word_1_62' title='bbox 1103 1076 1249 1129; x_wconf 87' lang='lat' dir='ltr'>salva</span> <span class='ocrx_word' id='word_1_63' title='bbox 1273 1076 1327 1128; x_wconf 87' lang='lat' dir='ltr'>in</span> <span class='ocrx_word' id='word_1_64' title='bbox 1356 1076 1595 1130; x_wconf 91' lang='lat' dir='ltr'>omnibus</span> <span class='ocrx_word' id='word_1_65' title='bbox 1624 1076 1941 1146; x_wconf 88' lang='lat' dir='ltr'>apostolicae</span> <span class='ocrx_word' id='word_1_66' title='bbox 1968 1077 2105 1130; x_wconf 90' lang='lat' dir='ltr'>sedis</span> <span class='ocrx_word' id='word_1_67' title='bbox 2132 1094 2214 1130; x_wconf 88' lang='lat' dir='ltr'>re-</span> 
     </span>
     <span class='ocr_line' id='line_1_10' title="bbox 270 1170 2213 1243; baseline 0 -18"><span class='ocrx_word' id='word_1_68' title='bbox 270 1173 504 1226; x_wconf 86' lang='lat' dir='ltr'>verentia</span> <span class='ocrx_word' id='word_1_69' title='bbox 551 1177 602 1227; x_wconf 90' lang='lat' dir='ltr'>et</span> <span class='ocrx_word' id='word_1_70' title='bbox 651 1173 974 1226; x_wconf 88' lang='lat' dir='ltr'>auctoritate.</span> <span class='ocrx_word' id='word_1_71' title='bbox 1050 1170 1329 1225; x_wconf 89' lang='lat' dir='ltr'>Praeterea</span> <span class='ocrx_word' id='word_1_72' title='bbox 1375 1172 1524 1225; x_wconf 88' lang='lat' dir='ltr'>iuxta</span> <span class='ocrx_word' id='word_1_73' title='bbox 1571 1178 1806 1226; x_wconf 89' lang='lat' dir='ltr'>tenorem</span> <span class='ocrx_word' id='word_1_74' title='bbox 1846 1172 2213 1243; x_wconf 79' lang='lat' dir='ltr'>postulationis</span> 
     </span>
     <span class='ocr_line' id='line_1_11' title="bbox 270 1267 2212 1338; baseline 0.001 -17"><span class='ocrx_word' id='word_1_75' title='bbox 270 1273 389 1322; x_wconf 92' lang='lat' dir='ltr'>tuae</span> <span class='ocrx_word' id='word_1_76' title='bbox 443 1269 689 1323; x_wconf 89' lang='lat' dir='ltr'>ecclesiae</span> <span class='ocrx_word' id='word_1_77' title='bbox 738 1278 859 1322; x_wconf 88' lang='lat' dir='ltr'>tuae</span> <span class='ocrx_word' id='word_1_78' title='bbox 905 1267 1203 1320; x_wconf 88' lang='lat' dir='ltr'>huiusmodi</span> <span class='ocrx_word' id='word_1_79' title='bbox 1251 1268 1525 1338; x_wconf 85' lang='lat' dir='ltr'>privilegia</span> <span class='ocrx_word' id='word_1_80' title='bbox 1572 1269 1839 1338; x_wconf 77' lang='lat' dir='ltr'>praesenti</span> <span class='ocrx_word' id='word_1_81' title='bbox 1887 1269 2212 1322; x_wconf 84' lang='lat' dir='ltr'>auctoritatis</span> 
     </span>
     <span class='ocr_line' id='line_1_12' title="bbox 269 1363 2212 1434; baseline 0.001 -18"><span class='ocrx_word' id='word_1_82' title='bbox 269 1367 477 1417; x_wconf 87' lang='lat' dir='ltr'>nostrae</span> <span class='ocrx_word' id='word_1_83' title='bbox 533 1364 739 1418; x_wconf 91' lang='lat' dir='ltr'>decreto</span> <span class='ocrx_word' id='word_1_84' title='bbox 785 1363 1113 1431; x_wconf 89' lang='lat' dir='ltr'>indulgemus</span> <span class='ocrx_word' id='word_1_85' title='bbox 1164 1364 1493 1417; x_wconf 87' lang='lat' dir='ltr'>concedimus</span> <span class='ocrx_word' id='word_1_86' title='bbox 1544 1369 1700 1434; x_wconf 89' lang='lat' dir='ltr'>atque</span> <span class='ocrx_word' id='word_1_87' title='bbox 1752 1364 2047 1433; x_wconf 81' lang='lat' dir='ltr'>firmamuS,</span> <span class='ocrx_word' id='word_1_88' title='bbox 2107 1369 2212 1418; x_wconf 85' lang='lat' dir='ltr'>sta-</span> 
     </span>
     <span class='ocr_line' id='line_1_13' title="bbox 268 1457 2213 1530; baseline 0.001 -18"><span class='ocrx_word' id='word_1_89' title='bbox 268 1463 496 1512; x_wconf 87' lang='lat' dir='ltr'>tuentes:</span> <span class='ocrx_word' id='word_1_90' title='bbox 527 1460 729 1512; x_wconf 90' lang='lat' dir='ltr'>nullum</span> <span class='ocrx_word' id='word_1_91' title='bbox 753 1476 932 1527; x_wconf 87' lang='lat' dir='ltr'>regem</span> <span class='ocrx_word' id='word_1_92' title='bbox 963 1457 1097 1527; x_wconf 78' lang='lat' dir='ltr'>[velb</span> <span class='ocrx_word' id='word_1_93' title='bbox 1123 1459 1512 1530; x_wconf 86' lang='lat' dir='ltr'>imperatorem,</span> <span class='ocrx_word' id='word_1_94' title='bbox 1541 1461 1830 1515; x_wconf 88' lang='lat' dir='ltr'>antistitem</span> <span class='ocrx_word' id='word_1_95' title='bbox 1857 1461 2059 1515; x_wconf 89' lang='lat' dir='ltr'>nullum</span> <span class='ocrx_word' id='word_1_96' title='bbox 2087 1478 2213 1530; x_wconf 89' lang='lat' dir='ltr'>qua-</span> 
     </span>
     <span class='ocr_line' id='line_1_14' title="bbox 267 1555 2209 1626; baseline 0.002 -18"><span class='ocrx_word' id='word_1_97' title='bbox 267 1571 467 1624; x_wconf 87' lang='lat' dir='ltr'>cunque</span> <span class='ocrx_word' id='word_1_98' title='bbox 505 1555 760 1623; x_wconf 87' lang='lat' dir='ltr'>dignitate</span> <span class='ocrx_word' id='word_1_99' title='bbox 797 1555 1096 1625; x_wconf 86' lang='lat' dir='ltr'>praeditum</span> <span class='ocrx_word' id='word_1_100' title='bbox 1134 1556 1217 1609; x_wconf 90' lang='lat' dir='ltr'>vel</span> <span class='ocrx_word' id='word_1_101' title='bbox 1257 1573 1570 1626; x_wconf 88' lang='lat' dir='ltr'>quemquam</span> <span class='ocrx_word' id='word_1_102' title='bbox 1612 1558 1773 1611; x_wconf 90' lang='lat' dir='ltr'>alium</span> <span class='ocrx_word' id='word_1_103' title='bbox 1804 1558 1994 1611; x_wconf 88' lang='lat' dir='ltr'>audere</span> <span class='ocrx_word' id='word_1_104' title='bbox 2022 1558 2086 1611; x_wconf 90' lang='lat' dir='ltr'>de</span> <span class='ocrx_word' id='word_1_105' title='bbox 2112 1558 2209 1626; x_wconf 92' lang='lat' dir='ltr'>his,</span> 
     </span>
     <span class='ocr_line' id='line_1_15' title="bbox 267 1651 2211 1723; baseline 0.002 -19"><span class='ocrx_word' id='word_1_106' title='bbox 267 1668 398 1720; x_wconf 91' lang='lat' dir='ltr'>quae</span> <span class='ocrx_word' id='word_1_107' title='bbox 449 1651 616 1705; x_wconf 92' lang='lat' dir='ltr'>eidem</span> <span class='ocrx_word' id='word_1_108' title='bbox 664 1652 912 1705; x_wconf 89' lang='lat' dir='ltr'>ecclesiae</span> <span class='ocrx_word' id='word_1_109' title='bbox 951 1669 982 1705; x_wconf 93' lang='lat' dir='ltr'>a</span> <span class='ocrx_word' id='word_1_110' title='bbox 1020 1652 1339 1721; x_wconf 87' lang='lat' dir='ltr'>quibuslibet</span> <span class='ocrx_word' id='word_1_111' title='bbox 1386 1653 1683 1707; x_wconf 89' lang='lat' dir='ltr'>hominibus</span> <span class='ocrx_word' id='word_1_112' title='bbox 1735 1654 1798 1706; x_wconf 89' lang='lat' dir='ltr'>de</span> <span class='ocrx_word' id='word_1_113' title='bbox 1845 1654 2058 1723; x_wconf 87' lang='lat' dir='ltr'>proprio</span> <span class='ocrx_word' id='word_1_114' title='bbox 2097 1654 2211 1708; x_wconf 88' lang='lat' dir='ltr'>iure</span> 
     </span>
     <span class='ocr_line' id='line_1_16' title="bbox 266 1747 2210 1818; baseline 0.002 -18"><span class='ocrx_word' id='word_1_115' title='bbox 266 1747 557 1801; x_wconf 89' lang='lat' dir='ltr'>condonata</span> <span class='ocrx_word' id='word_1_116' title='bbox 606 1752 729 1801; x_wconf 90' lang='lat' dir='ltr'>sunt</span> <span class='ocrx_word' id='word_1_117' title='bbox 766 1748 849 1801; x_wconf 89' lang='lat' dir='ltr'>vel</span> <span class='ocrx_word' id='word_1_118' title='bbox 895 1748 951 1800; x_wconf 92' lang='lat' dir='ltr'>in</span> <span class='ocrx_word' id='word_1_119' title='bbox 998 1748 1234 1801; x_wconf 88' lang='lat' dir='ltr'>futurum</span> <span class='ocrx_word' id='word_1_120' title='bbox 1272 1749 1383 1802; x_wconf 91' lang='lat' dir='ltr'>Deo</span> <span class='ocrx_word' id='word_1_121' title='bbox 1432 1749 1715 1802; x_wconf 83' lang='lat' dir='ltr'>miserante</span> <span class='ocrx_word' id='word_1_122' title='bbox 1763 1749 1953 1803; x_wconf 89' lang='lat' dir='ltr'>collata</span> <span class='ocrx_word' id='word_1_123' title='bbox 1998 1750 2210 1818; x_wconf 86' lang='lat' dir='ltr'>fuerint,</span> 
     </span>
     <span class='ocr_line' id='line_1_17' title="bbox 265 1844 2211 1914; baseline 0.002 -18"><span class='ocrx_word' id='word_1_124' title='bbox 265 1844 440 1914; x_wconf 76' lang='lat' dir='ltr'>prius⁰</span> <span class='ocrx_word' id='word_1_125' title='bbox 472 1844 535 1897; x_wconf 90' lang='lat' dir='ltr'>de</span> <span class='ocrx_word' id='word_1_126' title='bbox 575 1844 745 1897; x_wconf 88' lang='lat' dir='ltr'>causis</span> <span class='ocrx_word' id='word_1_127' title='bbox 783 1861 878 1914; x_wconf 92' lang='lat' dir='ltr'>pro</span> <span class='ocrx_word' id='word_1_128' title='bbox 919 1861 1042 1897; x_wconf 92' lang='lat' dir='ltr'>suae</span> <span class='ocrx_word' id='word_1_129' title='bbox 1083 1844 1335 1898; x_wconf 86' lang='lat' dir='ltr'>avaritiae</span> <span class='ocrx_word' id='word_1_130' title='bbox 1374 1845 1708 1899; x_wconf 88' lang='lat' dir='ltr'>excusatione</span> <span class='ocrx_word' id='word_1_131' title='bbox 1749 1846 2043 1900; x_wconf 88' lang='lat' dir='ltr'>concedere.</span> <span class='ocrx_word' id='word_1_132' title='bbox 2109 1846 2211 1900; x_wconf 87' lang='lat' dir='ltr'>Sed</span> 
     </span>
     <span class='ocr_line' id='line_1_18' title="bbox 267 1939 2209 2011; baseline 0.002 -19"><span class='ocrx_word' id='word_1_133' title='bbox 267 1943 469 2008; x_wconf 88' lang='lat' dir='ltr'>cuncta,</span> <span class='ocrx_word' id='word_1_134' title='bbox 511 1956 643 2008; x_wconf 91' lang='lat' dir='ltr'>quae</span> <span class='ocrx_word' id='word_1_135' title='bbox 680 1940 754 1993; x_wconf 91' lang='lat' dir='ltr'>ibi</span> <span class='ocrx_word' id='word_1_136' title='bbox 793 1939 966 1992; x_wconf 92' lang='lat' dir='ltr'>oblata</span> <span class='ocrx_word' id='word_1_137' title='bbox 993 1944 1114 1993; x_wconf 88' lang='lat' dir='ltr'>sunt</span> <span class='ocrx_word' id='word_1_138' title='bbox 1142 1941 1223 1994; x_wconf 90' lang='lat' dir='ltr'>vel</span> <span class='ocrx_word' id='word_1_139' title='bbox 1250 1940 1424 1994; x_wconf 87' lang='lat' dir='ltr'>offerri</span> <span class='ocrx_word' id='word_1_140' title='bbox 1451 1942 1741 2009; x_wconf 87' lang='lat' dir='ltr'>contigerit,</span> <span class='ocrx_word' id='word_1_141' title='bbox 1781 1946 1891 1995; x_wconf 84' lang='lat' dir='ltr'>tam</span> <span class='ocrx_word' id='word_1_142' title='bbox 1919 1960 1949 1995; x_wconf 93' lang='lat' dir='ltr'>a</span> <span class='ocrx_word' id='word_1_143' title='bbox 1974 1946 2026 1996; x_wconf 87' lang='lat' dir='ltr'>te</span> <span class='ocrx_word' id='word_1_144' title='bbox 2054 1960 2209 2011; x_wconf 89' lang='lat' dir='ltr'>quam</span> 
     </span>
     <span class='ocr_line' id='line_1_19' title="bbox 268 2035 2209 2109; baseline 0.002 -20"><span class='ocrx_word' id='word_1_145' title='bbox 268 2035 332 2089; x_wconf 90' lang='lat' dir='ltr'>ab</span> <span class='ocrx_word' id='word_1_146' title='bbox 371 2036 462 2104; x_wconf 83' lang='lat' dir='ltr'>eiS,</span> <span class='ocrx_word' id='word_1_147' title='bbox 504 2037 592 2104; x_wconf 93' lang='lat' dir='ltr'>qui</span> <span class='ocrx_word' id='word_1_148' title='bbox 629 2036 684 2088; x_wconf 94' lang='lat' dir='ltr'>in</span> <span class='ocrx_word' id='word_1_149' title='bbox 722 2041 812 2089; x_wconf 93' lang='lat' dir='ltr'>tuo</span> <span class='ocrx_word' id='word_1_150' title='bbox 853 2035 1021 2089; x_wconf 87' lang='lat' dir='ltr'>officio</span> <span class='ocrx_word' id='word_1_151' title='bbox 1060 2036 1274 2106; x_wconf 88' lang='lat' dir='ltr'>locoque</span> <span class='ocrx_word' id='word_1_152' title='bbox 1314 2038 1676 2105; x_wconf 89' lang='lat' dir='ltr'>successerint,</span> <span class='ocrx_word' id='word_1_153' title='bbox 1716 2039 1936 2108; x_wconf 88' lang='lat' dir='ltr'>perenni</span> <span class='ocrx_word' id='word_1_154' title='bbox 1973 2043 2209 2109; x_wconf 89' lang='lat' dir='ltr'>tempore</span> 
     </span>
     <span class='ocr_line' id='line_1_20' title="bbox 265 2131 2210 2204; baseline 0.002 -20"><span class='ocrx_word' id='word_1_155' title='bbox 265 2131 466 2185; x_wconf 88' lang='lat' dir='ltr'>illibata</span> <span class='ocrx_word' id='word_1_156' title='bbox 513 2136 565 2185; x_wconf 89' lang='lat' dir='ltr'>et</span> <span class='ocrx_word' id='word_1_157' title='bbox 611 2132 723 2185; x_wconf 90' lang='lat' dir='ltr'>sine</span> <span class='ocrx_word' id='word_1_158' title='bbox 770 2131 1129 2200; x_wconf 91' lang='lat' dir='ltr'>inquietudine</span> <span class='ocrx_word' id='word_1_159' title='bbox 1179 2133 1416 2186; x_wconf 89' lang='lat' dir='ltr'>volumus</span> <span class='ocrx_word' id='word_1_160' title='bbox 1463 2134 1736 2204; x_wconf 88' lang='lat' dir='ltr'>possideri.</span> <span class='ocrx_word' id='word_1_161' title='bbox 1818 2133 1874 2187; x_wconf 88' lang='lat' dir='ltr'>Si</span> <span class='ocrx_word' id='word_1_162' title='bbox 1924 2135 2039 2204; x_wconf 91' lang='lat' dir='ltr'>quis</span> <span class='ocrx_word' id='word_1_163' title='bbox 2088 2151 2210 2188; x_wconf 89' lang='lat' dir='ltr'>vero</span> 
     </span>
     <span class='ocr_line' id='line_1_21' title="bbox 263 2228 2210 2298; baseline 0.002 -18"><span class='ocrx_word' id='word_1_164' title='bbox 263 2244 470 2295; x_wconf 86' lang='lat' dir='ltr'>regum,</span> <span class='ocrx_word' id='word_1_165' title='bbox 512 2228 904 2297; x_wconf 86' lang='lat' dir='ltr'>imperatorum,</span> <span class='ocrx_word' id='word_1_166' title='bbox 945 2228 1291 2296; x_wconf 89' lang='lat' dir='ltr'>sacerdotum,</span> <span class='ocrx_word' id='word_1_167' title='bbox 1333 2229 1655 2298; x_wconf 88' lang='lat' dir='ltr'>clericorum,</span> <span class='ocrx_word' id='word_1_168' title='bbox 1695 2230 1924 2283; x_wconf 90' lang='lat' dir='ltr'>iudicum</span> <span class='ocrx_word' id='word_1_169' title='bbox 1966 2247 2026 2284; x_wconf 92' lang='lat' dir='ltr'>ac</span> <span class='ocrx_word' id='word_1_170' title='bbox 2065 2247 2210 2285; x_wconf 89' lang='lat' dir='ltr'>secu-</span> 
     </span>
     <span class='ocr_line' id='line_1_22' title="bbox 263 2323 2210 2396; baseline 0.002 -20"><span class='ocrx_word' id='word_1_171' title='bbox 263 2323 454 2377; x_wconf 85' lang='lat' dir='ltr'>larium</span> <span class='ocrx_word' id='word_1_172' title='bbox 492 2341 860 2394; x_wconf 89' lang='lat' dir='ltr'>personarum,</span> <span class='ocrx_word' id='word_1_173' title='bbox 912 2323 1046 2377; x_wconf 88' lang='lat' dir='ltr'>hanc</span> <span class='ocrx_word' id='word_1_174' title='bbox 1086 2325 1474 2378; x_wconf 90' lang='lat' dir='ltr'>constitutionis</span> <span class='ocrx_word' id='word_1_175' title='bbox 1513 2329 1722 2379; x_wconf 86' lang='lat' dir='ltr'>nostrae</span> <span class='ocrx_word' id='word_1_176' title='bbox 1762 2327 2009 2396; x_wconf 89' lang='lat' dir='ltr'>paginam</span> <span class='ocrx_word' id='word_1_177' title='bbox 2050 2344 2210 2395; x_wconf 88' lang='lat' dir='ltr'>agno-</span> 
     </span>
     <span class='ocr_line' id='line_1_23' title="bbox 265 2422 2210 2492; baseline 0.002 -19"><span class='ocrx_word' id='word_1_178' title='bbox 265 2437 429 2488; x_wconf 82' lang='lat' dir='ltr'>scenS,</span> <span class='ocrx_word' id='word_1_179' title='bbox 467 2425 649 2475; x_wconf 91' lang='lat' dir='ltr'>contra</span> <span class='ocrx_word' id='word_1_180' title='bbox 687 2438 800 2474; x_wconf 90' lang='lat' dir='ltr'>eam</span> <span class='ocrx_word' id='word_1_181' title='bbox 841 2422 1121 2475; x_wconf 87' lang='lat' dir='ltr'>temerario</span> <span class='ocrx_word' id='word_1_182' title='bbox 1163 2438 1292 2474; x_wconf 90' lang='lat' dir='ltr'>ausu</span> <span class='ocrx_word' id='word_1_183' title='bbox 1330 2422 1508 2474; x_wconf 89' lang='lat' dir='ltr'>venire</span> <span class='ocrx_word' id='word_1_184' title='bbox 1548 2424 1885 2492; x_wconf 83' lang='lat' dir='ltr'>temptaverit</span> <span class='ocrx_word' id='word_1_185' title='bbox 1923 2427 1989 2491; x_wconf 93' lang='lat' dir='ltr'>et,</span> <span class='ocrx_word' id='word_1_186' title='bbox 2032 2423 2210 2476; x_wconf 90' lang='lat' dir='ltr'>admo-</span> 
     </span>
     <span class='ocr_line' id='line_1_24' title="bbox 264 2517 2210 2588; baseline 0.002 -19"><span class='ocrx_word' id='word_1_187' title='bbox 264 2517 404 2570; x_wconf 90' lang='lat' dir='ltr'>nitus</span> <span class='ocrx_word' id='word_1_188' title='bbox 445 2517 605 2570; x_wconf 90' lang='lat' dir='ltr'>semel</span> <span class='ocrx_word' id='word_1_189' title='bbox 643 2521 695 2570; x_wconf 89' lang='lat' dir='ltr'>et</span> <span class='ocrx_word' id='word_1_190' title='bbox 730 2518 923 2571; x_wconf 89' lang='lat' dir='ltr'>iterum</span> <span class='ocrx_word' id='word_1_191' title='bbox 962 2535 1125 2587; x_wconf 89' lang='lat' dir='ltr'>usque</span> <span class='ocrx_word' id='word_1_192' title='bbox 1163 2518 1318 2571; x_wconf 89' lang='lat' dir='ltr'>tertio</span> <span class='ocrx_word' id='word_1_193' title='bbox 1355 2535 1451 2588; x_wconf 90' lang='lat' dir='ltr'>per</span> <span class='ocrx_word' id='word_1_194' title='bbox 1477 2519 1843 2572; x_wconf 88' lang='lat' dir='ltr'>convenientes</span> <span class='ocrx_word' id='word_1_195' title='bbox 1870 2519 2124 2587; x_wconf 90' lang='lat' dir='ltr'>inducias,</span> <span class='ocrx_word' id='word_1_196' title='bbox 2165 2520 2210 2572; x_wconf 88' lang='lat' dir='ltr'>si</span> 
     </span>
     <span class='ocr_line' id='line_1_25' title="bbox 266 2612 2209 2686; baseline 0.003 -22"><span class='ocrx_word' id='word_1_197' title='bbox 266 2628 369 2665; x_wconf 90' lang='lat' dir='ltr'>non</span> <span class='ocrx_word' id='word_1_198' title='bbox 405 2612 685 2682; x_wconf 87' lang='lat' dir='ltr'>resipuerit</span> <span class='ocrx_word' id='word_1_199' title='bbox 723 2618 877 2682; x_wconf 91' lang='lat' dir='ltr'>atque</span> <span class='ocrx_word' id='word_1_200' title='bbox 913 2614 1211 2684; x_wconf 89' lang='lat' dir='ltr'>praedictae</span> <span class='ocrx_word' id='word_1_201' title='bbox 1251 2614 1498 2668; x_wconf 89' lang='lat' dir='ltr'>ecclesiae</span> <span class='ocrx_word' id='word_1_202' title='bbox 1537 2631 1641 2668; x_wconf 91' lang='lat' dir='ltr'>non</span> <span class='ocrx_word' id='word_1_203' title='bbox 1680 2615 2016 2684; x_wconf 89' lang='lat' dir='ltr'>satisfecerit,</span> <span class='ocrx_word' id='word_1_204' title='bbox 2062 2620 2209 2686; x_wconf 91' lang='lat' dir='ltr'>pote-</span> 
     </span>
     <span class='ocr_line' id='line_1_26' title="bbox 266 2707 2208 2782; baseline 0.003 -22"><span class='ocrx_word' id='word_1_205' title='bbox 266 2707 416 2761; x_wconf 88' lang='lat' dir='ltr'>statis</span> <span class='ocrx_word' id='word_1_206' title='bbox 455 2707 770 2777; x_wconf 90' lang='lat' dir='ltr'>honorisque</span> <span class='ocrx_word' id='word_1_207' title='bbox 810 2710 1061 2777; x_wconf 90' lang='lat' dir='ltr'>dignitate</span> <span class='ocrx_word' id='word_1_208' title='bbox 1099 2715 1300 2778; x_wconf 89' lang='lat' dir='ltr'>careat,</span> <span class='ocrx_word' id='word_1_209' title='bbox 1340 2728 1590 2780; x_wconf 87' lang='lat' dir='ltr'>reumque</span> <span class='ocrx_word' id='word_1_210' title='bbox 1630 2728 1684 2764; x_wconf 89' lang='lat' dir='ltr'>se</span> <span class='ocrx_word' id='word_1_211' title='bbox 1724 2713 1948 2765; x_wconf 81' lang='lat' dir='ltr'>existere</span> <span class='ocrx_word' id='word_1_212' title='bbox 1988 2713 2050 2766; x_wconf 90' lang='grc'>(16</span> <span class='ocrx_word' id='word_1_213' title='bbox 2088 2729 2208 2782; x_wconf 90' lang='lat' dir='ltr'>per—</span> 
     </span>
     <span class='ocr_line' id='line_1_27' title="bbox 263 2805 2207 2877; baseline 0.003 -21"><span class='ocrx_word' id='word_1_214' title='bbox 263 2808 471 2873; x_wconf 89' lang='lat' dir='ltr'>petrata</span> <span class='ocrx_word' id='word_1_215' title='bbox 513 2805 789 2873; x_wconf 86' lang='lat' dir='ltr'>iniquitate</span> <span class='ocrx_word' id='word_1_216' title='bbox 827 2812 1104 2873; x_wconf 89' lang='lat' dir='ltr'>cognoscat</span> <span class='ocrx_word' id='word_1_217' title='bbox 1141 2810 1218 2874; x_wconf 89' lang='lat' dir='ltr'>et,</span> <span class='ocrx_word' id='word_1_218' title='bbox 1266 2807 1370 2859; x_wconf 91' lang='lat' dir='ltr'>nisi</span> <span class='ocrx_word' id='word_1_219' title='bbox 1408 2824 1469 2861; x_wconf 87' lang='lat' dir='ltr'>ea</span> <span class='ocrx_word' id='word_1_220' title='bbox 1508 2824 1640 2877; x_wconf 89' lang='lat' dir='ltr'>quae</span> <span class='ocrx_word' id='word_1_221' title='bbox 1679 2808 1744 2862; x_wconf 91' lang='lat' dir='ltr'>ab</span> <span class='ocrx_word' id='word_1_222' title='bbox 1781 2808 1872 2862; x_wconf 92' lang='lat' dir='ltr'>illo</span> <span class='ocrx_word' id='word_1_223' title='bbox 1911 2814 2033 2862; x_wconf 92' lang='lat' dir='ltr'>sunt</span> <span class='ocrx_word' id='word_1_224' title='bbox 2070 2809 2207 2862; x_wconf 88' lang='lat' dir='ltr'>male</span> 
     </span>
     <span class='ocr_line' id='line_1_28' title="bbox 261 2901 2208 2973; baseline 0.002 -18"><span class='ocrx_word' id='word_1_225' title='bbox 261 2902 402 2955; x_wconf 85' lang='lat' dir='ltr'>facta</span> <span class='ocrx_word' id='word_1_226' title='bbox 447 2902 739 2955; x_wconf 86' lang='lat' dir='ltr'>restituerit</span> <span class='ocrx_word' id='word_1_227' title='bbox 776 2901 859 2955; x_wconf 88' lang='lat' dir='ltr'>vel</span> <span class='ocrx_word' id='word_1_228' title='bbox 906 2901 1065 2969; x_wconf 90' lang='lat' dir='ltr'>digna</span> <span class='ocrx_word' id='word_1_229' title='bbox 1100 2903 1422 2972; x_wconf 90' lang='lat' dir='ltr'>poenitentia</span> <span class='ocrx_word' id='word_1_230' title='bbox 1459 2903 1640 2957; x_wconf 89' lang='lat' dir='ltr'>illicite</span> <span class='ocrx_word' id='word_1_231' title='bbox 1682 2909 1798 2957; x_wconf 89' lang='lat' dir='ltr'>acta</span> <span class='ocrx_word' id='word_1_232' title='bbox 1836 2903 2127 2973; x_wconf 90' lang='lat' dir='ltr'>defleverit,</span> <span class='ocrx_word' id='word_1_233' title='bbox 2177 2922 2208 2958; x_wconf 92' lang='lat' dir='ltr'>a</span> 
     </span>
     <span class='ocr_line' id='line_1_29' title="bbox 263 2998 2207 3070; baseline 0.002 -20"><span class='ocrx_word' id='word_1_234' title='bbox 263 2998 615 3051; x_wconf 90' lang='lat' dir='ltr'>sacratissimo</span> <span class='ocrx_word' id='word_1_235' title='bbox 656 3014 871 3068; x_wconf 88' lang='lat' dir='ltr'>corpore</span> <span class='ocrx_word' id='word_1_236' title='bbox 911 3014 971 3051; x_wconf 88' lang='lat' dir='ltr'>ac</span> <span class='ocrx_word' id='word_1_237' title='bbox 1010 2998 1261 3066; x_wconf 87' lang='lat' dir='ltr'>sanguine</span> <span class='ocrx_word' id='word_1_238' title='bbox 1300 2999 1496 3052; x_wconf 90' lang='lat' dir='ltr'>domini</span> <span class='ocrx_word' id='word_1_239' title='bbox 1528 3000 1872 3070; x_wconf 88' lang='lat' dir='ltr'>redemptoris</span> <span class='ocrx_word' id='word_1_240' title='bbox 1899 3001 2065 3053; x_wconf 86' lang='lat' dir='ltr'>nostri</span> <span class='ocrx_word' id='word_1_241' title='bbox 2090 3000 2207 3054; x_wconf 89' lang='lat' dir='ltr'>Iesu</span> 
     </span>
     <span class='ocr_line' id='line_1_30' title="bbox 264 3093 2207 3162; baseline 0.001 -15"><span class='ocrx_word' id='word_1_242' title='bbox 264 3093 459 3148; x_wconf 90' lang='lat' dir='ltr'>Christi</span> <span class='ocrx_word' id='word_1_243' title='bbox 502 3094 702 3147; x_wconf 90' lang='lat' dir='ltr'>alienus</span> <span class='ocrx_word' id='word_1_244' title='bbox 741 3093 834 3147; x_wconf 89' lang='lat' dir='ltr'>fiat</span> <span class='ocrx_word' id='word_1_245' title='bbox 873 3099 1028 3162; x_wconf 92' lang='lat' dir='ltr'>atque</span> <span class='ocrx_word' id='word_1_246' title='bbox 1065 3095 1122 3147; x_wconf 91' lang='lat' dir='ltr'>in</span> <span class='ocrx_word' id='word_1_247' title='bbox 1160 3099 1392 3148; x_wconf 87' lang='lat' dir='ltr'>extremo</span> <span class='ocrx_word' id='word_1_248' title='bbox 1433 3096 1673 3149; x_wconf 85' lang='lat' dir='ltr'>examine</span> <span class='ocrx_word' id='word_1_249' title='bbox 1713 3096 1982 3150; x_wconf 88' lang='lat' dir='ltr'>districtae</span> <span class='ocrx_word' id='word_1_250' title='bbox 2020 3097 2207 3150; x_wconf 92' lang='lat' dir='ltr'>ultioni</span> 
     </span>
     <span class='ocr_line' id='line_1_31' title="bbox 262 3189 2206 3262; baseline 0.001 -18"><span class='ocrx_word' id='word_1_251' title='bbox 262 3189 541 3245; x_wconf 89' lang='lat' dir='ltr'>subiaceat.</span> <span class='ocrx_word' id='word_1_252' title='bbox 621 3189 833 3243; x_wconf 87' lang='lat' dir='ltr'>Cunctis</span> <span class='ocrx_word' id='word_1_253' title='bbox 881 3194 1055 3243; x_wconf 90' lang='lat' dir='ltr'>autem</span> <span class='ocrx_word' id='word_1_254' title='bbox 1094 3190 1260 3244; x_wconf 89' lang='lat' dir='ltr'>eidem</span> <span class='ocrx_word' id='word_1_255' title='bbox 1299 3190 1412 3243; x_wconf 91' lang='lat' dir='ltr'>loco</span> <span class='ocrx_word' id='word_1_256' title='bbox 1450 3191 1589 3245; x_wconf 93' lang='lat' dir='ltr'>iusta</span> <span class='ocrx_word' id='word_1_257' title='bbox 1627 3192 1956 3246; x_wconf 87' lang='lat' dir='ltr'>servantibus</span> <span class='ocrx_word' id='word_1_258' title='bbox 1995 3193 2064 3246; x_wconf 94' lang='lat' dir='ltr'>sit</span> <span class='ocrx_word' id='word_1_259' title='bbox 2099 3210 2206 3262; x_wconf 90' lang='lat' dir='ltr'>pax</span> 
     </span>
     <span class='ocr_line' id='line_1_32' title="bbox 262 3286 2206 3356; baseline 0.001 -16"><span class='ocrx_word' id='word_1_260' title='bbox 262 3286 459 3340; x_wconf 91' lang='lat' dir='ltr'>domini</span> <span class='ocrx_word' id='word_1_261' title='bbox 482 3287 651 3340; x_wconf 89' lang='lat' dir='ltr'>nostri</span> <span class='ocrx_word' id='word_1_262' title='bbox 677 3286 794 3340; x_wconf 89' lang='lat' dir='ltr'>Iesu</span> <span class='ocrx_word' id='word_1_263' title='bbox 821 3286 1040 3353; x_wconf 83' lang='lat' dir='ltr'>Christi3</span> <span class='ocrx_word' id='word_1_264' title='bbox 1083 3291 1337 3356; x_wconf 89' lang='lat' dir='ltr'>quatenus</span> <span class='ocrx_word' id='word_1_265' title='bbox 1370 3291 1422 3339; x_wconf 88' lang='lat' dir='ltr'>et</span> <span class='ocrx_word' id='word_1_266' title='bbox 1458 3287 1543 3340; x_wconf 92' lang='lat' dir='ltr'>hic</span> <span class='ocrx_word' id='word_1_267' title='bbox 1578 3287 1806 3340; x_wconf 90' lang='lat' dir='ltr'>fructum</span> <span class='ocrx_word' id='word_1_268' title='bbox 1845 3288 2010 3342; x_wconf 90' lang='lat' dir='ltr'>bonae</span> <span class='ocrx_word' id='word_1_269' title='bbox 2045 3289 2206 3342; x_wconf 88' lang='lat' dir='ltr'>actio-</span> 
     </span>
     <span class='ocr_line' id='line_1_33' title="bbox 261 3382 2203 3455; baseline 0.002 -19"><span class='ocrx_word' id='word_1_270' title='bbox 261 3383 342 3436; x_wconf 88' lang='lat' dir='ltr'>nis</span> <span class='ocrx_word' id='word_1_271' title='bbox 380 3383 674 3454; x_wconf 89' lang='lat' dir='ltr'>percipiant</span> <span class='ocrx_word' id='word_1_272' title='bbox 712 3387 763 3436; x_wconf 92' lang='lat' dir='ltr'>et</span> <span class='ocrx_word' id='word_1_273' title='bbox 793 3383 930 3453; x_wconf 90' lang='lat' dir='ltr'>apud</span> <span class='ocrx_word' id='word_1_274' title='bbox 958 3383 1253 3436; x_wconf 88' lang='lat' dir='ltr'>&#39;districtum</span> <span class='ocrx_word' id='word_1_275' title='bbox 1277 3382 1502 3436; x_wconf 91' lang='lat' dir='ltr'>iudicem</span> <span class='ocrx_word' id='word_1_276' title='bbox 1529 3383 1766 3452; x_wconf 87' lang='lat' dir='ltr'>praemia</span> <span class='ocrx_word' id='word_1_277' title='bbox 1791 3387 2032 3438; x_wconf 88' lang='lat' dir='ltr'>aeternae</span> <span class='ocrx_word' id='word_1_278' title='bbox 2058 3385 2203 3455; x_wconf 91' lang='lat' dir='ltr'>pacis</span> 
     </span>
    </p>
   </div>
   <div class='ocr_carea' id='block_1_3' title="bbox 261 3493 2203 3741">
    <p class='ocr_par' dir='ltr' id='par_1_3' title="bbox 261 3493 2203 3741">
     <span class='ocr_line' id='line_1_34' title="bbox 377 3493 2203 3544; baseline 0.002 -14"><span class='ocrx_word' id='word_1_279' title='bbox 377 3504 410 3530; x_wconf 84' lang='lat' dir='ltr'>a.</span> <span class='ocrx_word' id='word_1_280' title='bbox 440 3493 657 3531; x_wconf 83' lang='lat' dir='ltr'>huiusmodi</span> <span class='ocrx_word' id='word_1_281' title='bbox 681 3496 726 3531; x_wconf 88' lang='lat' dir='ltr'>B.</span> <span class='ocrx_word' id='word_1_282' title='bbox 820 3494 858 3531; x_wconf 90' lang='lat' dir='ltr'>b.</span> <span class='ocrx_word' id='word_1_283' title='bbox 885 3494 946 3532; x_wconf 81' lang='lat' dir='ltr'>vel</span> <span class='ocrx_word' id='word_1_284' title='bbox 970 3514 1009 3519; x_wconf 85' lang='lat'>—-</span> <span class='ocrx_word' id='word_1_285' title='bbox 1030 3494 1235 3531; x_wconf 78' lang='lat' dir='ltr'>indictione</span> <span class='ocrx_word' id='word_1_286' title='bbox 1264 3495 1286 3530; x_wconf 88' lang='lat'><strong>2</strong></span> <span class='ocrx_word' id='word_1_287' title='bbox 1316 3496 1505 3541; x_wconf 68' lang='lat' dir='ltr'>assumpsi</span> <span class='ocrx_word' id='word_1_288' title='bbox 1520 3508 1567 3530; x_wconf 78' lang='lat' dir='ltr'>ex</span> <span class='ocrx_word' id='word_1_289' title='bbox 1585 3495 1743 3531; x_wconf 80' lang='lat' dir='ltr'>Baluzii</span> <span class='ocrx_word' id='word_1_290' title='bbox 1759 3495 1930 3532; x_wconf 76' lang='lat' dir='ltr'>editione.</span> <span class='ocrx_word' id='word_1_291' title='bbox 1967 3497 2043 3532; x_wconf 83' lang='lat' dir='ltr'>Pro</span> <span class='ocrx_word' id='word_1_292' title='bbox 2072 3496 2203 3544; x_wconf 76' lang='lat' dir='ltr'>quibus</span> 
     </span>
     <span class='ocr_line' id='line_1_35' title="bbox 262 3559 2202 3610; baseline 0.002 -15"><span class='ocrx_word' id='word_1_293' title='bbox 262 3561 298 3595; x_wconf 82' lang='grc' dir='ltr'>ίιι</span> <span class='ocrx_word' id='word_1_294' title='bbox 327 3559 455 3596; x_wconf 76' lang='lat' dir='ltr'>codice</span> <span class='ocrx_word' id='word_1_295' title='bbox 481 3562 649 3610; x_wconf 82' lang='lat' dir='ltr'>leguntur</span> <span class='ocrx_word' id='word_1_296' title='bbox 677 3561 790 3597; x_wconf 77' lang='lat' dir='ltr'>haec:</span> <span class='ocrx_word' id='word_1_297' title='bbox 826 3562 873 3597; x_wconf 87' lang='lat' dir='ltr'>et</span> <span class='ocrx_word' id='word_1_298' title='bbox 899 3560 1092 3608; x_wconf 87' lang='lat' dir='ltr'>reliqua</span> <span class='ocrx_word' id='word_1_299' title='bbox 1124 3571 1275 3608; x_wconf 90' lang='lat' dir='ltr'>usque</span> <span class='ocrx_word' id='word_1_300' title='bbox 1302 3560 1348 3597; x_wconf 92' lang='lat' dir='ltr'>in</span> <span class='ocrx_word' id='word_1_301' title='bbox 1375 3559 1538 3605; x_wconf 85' lang='lat' dir='ltr'>finem,</span> <span class='ocrx_word' id='word_1_302' title='bbox 1572 3560 1698 3597; x_wconf 89' lang='lat' dir='ltr'>sicut</span> <span class='ocrx_word' id='word_1_303' title='bbox 1723 3559 1770 3595; x_wconf 90' lang='lat' dir='ltr'>in</span> <span class='ocrx_word' id='word_1_304' title='bbox 1796 3560 2063 3608; x_wconf 88' lang='lat' dir='ltr'>privilegio</span> <span class='ocrx_word' id='word_1_305' title='bbox 2092 3573 2202 3598; x_wconf 88' lang='lat' dir='ltr'>con-</span> 
     </span>
     <span class='ocr_line' id='line_1_36' title="bbox 262 3625 2202 3674; baseline 0.002 -13"><span class='ocrx_word' id='word_1_306' title='bbox 262 3625 376 3670; x_wconf 81' lang='lat' dir='ltr'>stat,</span> <span class='ocrx_word' id='word_1_307' title='bbox 419 3626 540 3673; x_wconf 87' lang='lat' dir='ltr'>quod</span> <span class='ocrx_word' id='word_1_308' title='bbox 581 3628 653 3663; x_wconf 89' lang='lat' dir='ltr'>est</span> <span class='ocrx_word' id='word_1_309' title='bbox 685 3626 733 3663; x_wconf 91' lang='lat' dir='ltr'>in</span> <span class='ocrx_word' id='word_1_310' title='bbox 767 3627 928 3674; x_wconf 87' lang='lat' dir='ltr'>capite</span> <span class='ocrx_word' id='word_1_311' title='bbox 962 3626 1104 3664; x_wconf 90' lang='lat' dir='ltr'>huius</span> <span class='ocrx_word' id='word_1_312' title='bbox 1145 3625 1318 3663; x_wconf 91' lang='lat' dir='ltr'>libelli.</span> <span class='ocrx_word' id='word_1_313' title='bbox 1379 3625 1478 3663; x_wconf 87' lang='lat' dir='ltr'>Data</span> <span class='ocrx_word' id='word_1_314' title='bbox 1511 3625 1629 3663; x_wconf 87' lang='lat' dir='ltr'>Rome</span> <span class='ocrx_word' id='word_1_315' title='bbox 1664 3627 1713 3662; x_wconf 87' lang='grc'>12</span> <span class='ocrx_word' id='word_1_316' title='bbox 1745 3625 1934 3663; x_wconf 85' lang='lat' dir='ltr'>Kalendas</span> <span class='ocrx_word' id='word_1_317' title='bbox 1969 3626 2108 3673; x_wconf 85' lang='lat' dir='ltr'>Maias,</span> <span class='ocrx_word' id='word_1_318' title='bbox 2146 3628 2202 3664; x_wconf 91' lang='lat' dir='ltr'>in-</span> 
     </span>
     <span class='ocr_line' id='line_1_37' title="bbox 261 3689 883 3741; baseline 0.002 -13"><span class='ocrx_word' id='word_1_319' title='bbox 261 3689 424 3729; x_wconf 85' lang='lat' dir='ltr'>dictione</span> <span class='ocrx_word' id='word_1_320' title='bbox 451 3692 486 3728; x_wconf 86' lang='lat'>2.</span> <span class='ocrx_word' id='word_1_321' title='bbox 641 3703 673 3730; x_wconf 87' lang='lat' dir='ltr'>c.</span> <span class='ocrx_word' id='word_1_322' title='bbox 708 3707 757 3730; x_wconf 82' lang='lat' dir='ltr'>an</span> <span class='ocrx_word' id='word_1_323' title='bbox 783 3692 883 3741; x_wconf 87' lang='lat' dir='ltr'>piis?</span> 
     </span>
    </p>
   </div>
   <div class='ocr_carea' id='block_1_4' title="bbox 1751 3763 1848 3811">
    <p class='ocr_par' dir='ltr' id='par_1_4' title="bbox 1751 3763 1848 3811">
     <span class='ocr_line' id='line_1_38' title="bbox 1751 3763 1848 3811; baseline 0.01 -1"><span class='ocrx_word' id='word_1_324' title='bbox 1751 3763 1848 3811; x_wconf 65' lang='lat'>244⁶</span> 
     </span>
    </p>
   </div>
   <div class='ocr_carea' id='block_1_5' title="bbox 2245 415 2400 521">
    <p class='ocr_par' dir='ltr' id='par_1_5' title="bbox 2245 415 2400 521">
     <span class='ocr_line' id='line_1_39' title="bbox 2270 415 2381 457; baseline 0.009 -1"><span class='ocrx_word' id='word_1_325' title='bbox 2270 415 2381 457; x_wconf 80' lang='lat'>1079</span> 
     </span>
     <span class='ocr_line' id='line_1_40' title="bbox 2245 474 2400 521; baseline 0.013 -12"><span class='ocrx_word' id='word_1_326' title='bbox 2245 474 2331 521; x_wconf 84' lang='lat' dir='ltr'>Apr.</span> <span class='ocrx_word' id='word_1_327' title='bbox 2352 475 2400 511; x_wconf 87' lang='grc'>19</span> 
     </span>
    </p>
   </div>
  </div>
 </body>
</html>
