2730 4198
483 267 590 320 616
969 278 1316 318 Bomrnoms
1354 279 1432 316 AD
1470 278 1697 316 AMICUM
1735 279 1842 316 Lm.
1871 279 1935 316 m

366 403 454 447 840
485 399 676 451 ditioni
710 398 999 450 auxiliante
1023 397 1140 450 Deo
1179 396 1408 460 subiecti,
1450 405 1556 447 tam
1584 395 1817 447 Romani
1849 413 2006 464 quam
2030 395 2247 462 Franci,
2289 398 2425 451 Ala-

483 494 682 558 manni,
722 494 1032 563 Bauquerii,
1077 490 1331 556 Saxones,
1372 490 1729 560 Lotliorinqi',
1772 488 2050 556 Rixonesb‚
2092 489 2254 558 Galli,
2281 493 2426 546 Bur·

480 590 787 659 qundiones,
815 589 1097 652 Brittones,
1126 586 1484 656 Lonqobardi,
1519 583 1833 651 Guascones‚
1856 586 2224 654 Beneventani,
2253 585 2425 654 Gothi,

483 685 736 756 Hyspani
781 685 1030 753 ceterique
1077 700 1248 735 omnes
1296 682 1512 734 subiecti
1555 681 1730 746 nobis,
1789 699 2093 753 quocunque
2140 684 2265 754 leyis
2311 686 2427 737 vin-

486 780 599 833 culo
647 781 914 832 constricti
956 779 1038 831 vel
1084 779 1536 830 consuetudinario
1581 795 1723 829 more
1761 780 2004 844 conneai,
2057 779 2191 832 hanc
2228 789 2427 833 senten-

485 878 629 941 tiam,
681 893 839 945 quam
877 893 939 927 ea¹
976 884 1114 926 sexto
1154 875 1350 926 decimo
1396 872 1677 925 Theodosii
1710 875 2040 943 imperatoris
2082 875 2231 941 libro,
2282 878 2428 946 capi-

486 971 593 1024 tulo
643 971 878 1023 videlicet
914 970 1011 1035 11,
1063 971 1134 1022 ad
1179 971 1501 1039 interroyata
1538 968 1758 1021 Ablavii
1805 970 1978 1034 ducis,
2032 988 2190 1039 quam
2234 971 2344 1023 illi⁰
2385 982 2432 1025 et

487 1067 722 1120 omnibus
751 1067 1105 1136 prescriptam
1140 1067 1375 1117 misimus
1386 1063 1423 1130 ‘¹,
1466 1075 1513 1118 et
1547 1067 1688 1117 intra
1726 1075 1905 1117 nostra
1944 1066 2176 1136 capitula
2195 1085 2297 1136 pro
2326 1067 2432 1137 leye

485 1164 756 1215 tenendam
803 1161 1038 1214 consultu
1087 1163 1315 1213 omnium
1362 1171 1659 1213 nostrorum
1692 1161 1934 1228 fidelium
1977 1164 2274 1230 posuimus,
2327 1162 2432 1233 le9e

487 1260 658 1310 cuncti
684 1267 944 1328 perpetua
981 1266 1208 1309 teneant:
1258 1266 1352 1320 „ut
1391 1258 1684 1326 quicunque
1723 1257 1860 1310 litem
1898 1258 2115 1322 liabens,
2165 1259 2271 1310 sive
2305 1277 2430 1328 pos-

485 1372 652 1406 sessor
689 1354 822 1405 sive⁸
852 1354 1049 1422 petitor
1070 1352 1262 1420 fuerit,
1303 1352 1384 1403 vel
1418 1354 1476 1417 in
1513 1354 1664 1405 initio
1706 1353 1811 1406 litis
1849 1354 1931 1405 vel
1968 1355 2196 1406 decursis
2235 1365 2430 1425 tempo-

484 1467 603 1502 rum
650 1447 951 1512 curriculis,
1001 1449 1108 1499 sive
1155 1465 1270 1498 cum
1316 1450 1587 1517 neqocium
1630 1447 1970 1518 perhoraturr
2011 1452 2117 1502 sive
2163 1469 2279 1502 cum
2325 1452 2434 1503 iam

485 1546 678 1615 ceperit
720 1544 901 1614 promi
943 1544 1219 1607 sententia,
1271 1544 1321 1594 si
1365 1544 1619 1595 iudicium
1667 1544 1873 1614 eleqerit
1908 1556 2269 1598 sacrosanctae
2307 1546 2432 1616 le9is

486 1641 750 1704 antistitis,
792 1639 913 1691 ilico
953 1640 1064 1690 sine
1102 1638 1285 1707 aliqua
1325 1638 1661 1704 dubitatione,
1704 1642 1909 1692 etiamsi
1945 1641 2085 1693 alia⁸
2100 1660 2236 1712 pars
2261 1642 2434 1711 refra—

481 1746 656 1806 9atur,
710 1736 782 1787 ad
828 1736 1189 1804 episcoporum
1226 1735 1484 1786 iudicium
1523 1753 1639 1786 cum
1676 1753 1907 1788 sermone
1945 1736 2262 1806 litiqantium
2301 1739 2434 1790 diriss

481 1842 654 1902 yatur.
722 1830 898 1883 Multa
945 1832 1106 1896 enim,
1169 1848 1302 1899 quae
1346 1832 1404 1882 in
1452 1831 1650 1883 iudicio
1699 1830 1992 1902 captiosaeh
2038 1835 2435 1903 prescriptionis

484 1927 696 1980 vincula
732 1928 918 1997 promi
959 1945 1065 1978 non
1098 1928 1394 1996 patiuntur,
1450 1928 1728 1996 investiqat
1764 1938 1811 1980 et
1843 1930 2043 1998 promit
2078 1931 2439 1982 sacrosanctae

487 2024 755 2094 reli9ionis
805 2024 1104 2075 auctoritas.
1178 2021 1383 2098 Omnes
1413 2025 1592 2094 itaque
1639 2042 1849 2089 causae,
1904 2042 2038 2094 quae
2083 2025 2164 2077 vel
2199 2028 2436 2095 pretorio

487 2122 602 2172 iure
637 2119 719 2171 vel
757 2119 903 2171 civili
933 2128 1239 2185 tractantur,
1283 2120 1646 2190 episcoporum
1670 2122 1931 2173 sententiis
1957 2122 2276 2187 terminatae,
2314 2140 2438 2192 per-

479 2226 640 2286 petuo
689 2215 989 2268 stabilitatis
1038 2217 1153 2267 iure
1184 2215 1492 2282 firmentum
1543 2235 1636 2268 nec
1684 2216 1838 2269 liceat
1879 2216 2094 2268 ulterius
2142 2217 2439 2271 retractari¹

488 2314 782 2382 neqocium,
838 2312 979 2380 quod
1025 2312 1388 2381 episcoporum
1437 2314 1697 2364 sententiis
1739 2313 2001 2364 deciderit.
2067 2311 2438 2366 Testimonium

491 2410 670 2472 etiam,
715 2408 831 2459 licet
869 2407 932 2459 ab
972 2425 1075 2458 uno
1117 2408 1357 2476 episcopo
1390 2407 1740 2477 perhibitum,
1784 2425 1955 2460 omnes
1992 2408 2189 2460 iudices
2227 2410 2438 2462 indubi-

491 2514 658 2556 tanter
706 2505 995 2573 accipiant,
1046 2520 1139 2554 nec
1177 2502 1313 2554 alius
1353 2504 1620 2570 audiatur,
1675 2522 1789 2557 cum
1827 2505 2172 2556 testimonium
2210 2506 2443 2575 episcopi

492 2620 526 2651 a
564 2599 792 2668 qualibet
821 2608 978 2668 parte
998 2598 1175 2667 fuerit
1209 2600 1597 2668 repromissum.
1657 2600 1806 2653 Illud
1840 2603 1976 2653 enim
2005 2601 2236 2653 veritatis
2263 2610 2439 2654 aucto-

492 2697 644 2748 ritate
668 2695 965 2762 firmatum,
1006 2695 1143 2746 illud
1178 2696 1504 2766 incorrupte,
1548 2698 1689 2768 quod
1727 2701 1761 2748 ά
1798 2707 2127 2750 sacrosancto
2165 2698 2278 2749 viro
2318 2715 2460 2757 con-K

493 2793 708 2844 scientia
752 2793 935 2844 mentis
980 2791 1214 2843 illibatae
1248 2792 1551 2861 protulerit,
1602 2793 1696 2845 boc
1737 2794 1900 2847 edicto
1939 2793 2142 2845 salubri
2163 2793 2440 2861 firmamus

495 2899 541 2941 et
573 2898 827 2959 perpetua
867 2888 974 2957 leye
1011 2888 1284 2940 tenendum
1323 2907 1595 2941 censemus.
1716 2887 1827 2942 Hee
1868 2891 1989 2942 sunt
2024 2887 2166 2956 leges
2203 2886 2440 2941 christia-

493 2983 574 3036 nis
613 2982 1017 3053 imperatoribus
1058 2982 1240 3052 digne,
1291 2983 1380 3052 qui
1417 3000 1547 3053 non,
1587 2987 1647 3037 ut
1682 3001 1796 3037 mos
1837 2988 1916 3038 est
1954 2982 2238 3038 Greoorum
2274 2982 2441 3052 impe-

493 3083 752 3148 ratorum,
799 3095 895 3149 per
944 3078 1236 3149 spadonum
1275 3080 1548 3148 astutiam,
1600 3083 1679 3133 set
1715 3097 1811 3150 per
1849 3080 2178 3134 sacerdotum
2214 3077 2441 3149 pruden-

494 3176 625 3228 tiam
668 3192 889 3244 regnum
936 3175 1316 3243 gubernavere3
1378 3179 1429 3230 et
1465 3175 1582 3230 ideo
1629 3176 1797 3245 beati,
1851 3176 1998 3246 quia,
2048 3191 2147 3245 quo
2185 3190 2348 3243 usque
2386 3173 2442 3226 in

495 3272 728 3342 presenti
774 3272 978 3340 vixere,
1028 3271 1133 3325 alta
1181 3288 1310 3342 pace
1359 3272 1625 3341 quievere,
1674 3275 1726 3325 et
1773 3272 1829 3325 in
1867 3272 2040 3325 futuro
2079 3287 2198 3324 oum
2235 3269 2441 3324 Christo

495 3367 788 3436 regnabunt
825 3367 937 3421 sine
975 3366 1093 3422 fine.

613 3555 646 3580 a.
678 3546 734 3581 sic
763 3544 847 3581 cod.
870 3558 940 3592 pro
969 3543 1178 3591 Thuringii.
1281 3543 1317 3581 b.
1351 3546 1407 3582 sic
1435 3543 1518 3581 cod.
1542 3557 1614 3592 pro
1640 3542 1839 3580 Fresones.
1943 3552 1975 3579 c.
2001 3536 2055 3578 ΗΓ
2078 3556 2109 3579 c.
2214 3541 2251 3578 d.
2277 3543 2334 3579 sic
2356 3541 2439 3578 cod.

494 3623 589 3655 pro.-
614 3609 762 3646 Ablavii
790 3610 910 3656 ducis,
937 3610 994 3647 illi
1022 3611 1060 3647 et
1087 3609 1260 3647 omnibus
1287 3610 1509 3658 rescriptam
1537 3609 1778 3658 sumpsimus.
1892 3619 1924 3644 e.
1951 3618 2151 3656 possessor
2169 3607 2249 3645 sive
2268 3621 2338 3644 om.
2356 3606 2441 3643 cod.

497 3674 524 3711 s.
549 3673 790 3722 perhortatur
817 3691 847 3712 c.
954 3687 988 3722 g.
1017 3675 1142 3723 aliqua
1169 3690 1199 3712 c.
1303 3675 1341 3712 h.
1370 3676 1545 3724 copiosae
1575 3690 1606 3712 c.
1710 3674 1735 3711 i.
1762 3673 1916 3711 tractari
1943 3688 1974 3710 c.
