2722 4172
339 385 453 430 1075

318 446 427 483 Mart.
446 447 469 482 3

354 2268 468 2311 1075

502 248 606 302 174
986 261 1263 301 enne-0311
1298 261 1379 298 vn
1413 259 1680 325 REGIs'rRI
1714 259 1758 297 11
1783 258 1845 297 55.
1872 258 1962 296 552.

500 397 598 449 que
647 379 893 433 ecclesiae
931 379 1183 431 honorem
1221 377 1484 446 totiusque
1521 376 1724 446 patriae
1764 375 1985 429 salutem
2022 380 2081 429 ut
2118 375 2194 446 pii
2231 373 2327 427 filii
2363 375 2444 428 in-

499 476 721 541 sistatis3
761 475 815 527 in
857 474 1158 527 ordinandis
1198 489 1401 542 quoque
1439 476 1577 525 recte
1617 475 1669 524 et
1707 472 1952 525 canonice
1990 471 2218 525 ecclesiis
2246 471 2292 524 ei
2318 471 2443 524 totis

498 571 695 624 viribus
735 569 988 623 auxilium
1025 569 1346 639 praebeatis3
1386 569 1547 621 immo
1586 568 1642 620 in
1681 568 1897 635 cunctiS,
1937 585 2068 636 quae
2104 568 2218 638 ipse
2255 567 2321 620 ad
2346 566 2446 620 Dei

498 667 746 720 honorem
784 670 1117 734 vestramque
1165 665 1387 718 salutem
1433 680 1584 731 agere
1624 663 1879 732 disponit,
1932 664 1978 716 ei
2018 663 2316 716 obedienter
2355 663 2445 716 ob-

499 762 829 832 temperetis3
888 766 946 814 ut
995 765 1175 814 sancta
1220 764 1389 813 mater
1436 763 1643 812 nostra⁸
1691 759 1910 812 ecclesia
1961 759 2099 828 apud
2150 775 2243 812 vos
2293 775 2445 811 mun-

499 858 628 910 ditia
675 857 896 927 polleat,
947 874 1102 925 quam
1143 857 1379 910 Christus
1419 856 1531 908 sine
1569 855 1776 908 macula
1823 859 1874 908 et
1910 851 2069 922 ruga¹
2109 859 2307 908 castam
2346 854 2446 907 sibi

499 953 762 1023 copulavit
800 969 1062 1022 sponsam.
1122 953 1265 1006 Haec
1305 957 1475 1005 autem
1510 951 1819 1020 quicumque
1847 951 2152 1018 servaverit,
2192 951 2255 1003 de
2281 950 2446 1003 omni-

498 1049 725 1118 potentis
764 1048 865 1101 Dei
910 1049 1080 1115 gratia
1118 1048 1435 1101 confidenter
1473 1051 1774 1117 praesumat
1812 1047 2253 1117 apostolicamque
2291 1045 2447 1099 bene-

500 1144 778 1197 dictionem
819 1161 873 1197 se
911 1144 1101 1198 habere
1141 1147 1432 1213 cognoscat.
1500 1143 1600 1206 Qui
1637 1160 1760 1197 vero
1798 1144 1854 1196 in
1892 1143 1999 1211 his,
2054 1159 2186 1213 quae
2226 1143 2448 1214 praefati

500 1257 704 1307 sumuS,
756 1240 804 1292 ei
851 1239 1104 1293 obsistere
1153 1240 1491 1310 temptaverit
1539 1256 1758 1308 eumque
1803 1239 1858 1291 in
1898 1239 2135 1292 omnibus
2177 1255 2309 1307 quae
2348 1238 2448 1292 Dei

500 1340 621 1388 sunt
645 1352 749 1388 non
777 1335 1050 1402 adiuverit,
1092 1336 1473 1403 contremiscat,
1513 1352 1567 1388 se
1595 1319 1802 1388 divinae
1829 1334 2295 1388 animadversionis
2323 1351 2448 1405 apo-

500 1431 814 1499 stolicaeque
854 1431 1233 1484 maledictionis
1272 1431 1520 1484 ultionem
1562 1431 1829 1484 incurrere
1868 1448 1963 1500 pro
2003 1431 2172 1498 gratia
2211 1435 2262 1484 et
2294 1431 2448 1485 bene-

500 1526 742 1593 dictione,
784 1543 911 1594 quas
944 1544 1048 1579 non
1078 1531 1228 1579 curat
1250 1527 1456 1580 habere.
1517 1527 1594 1580 De
1623 1527 2074 1580 administratione
2100 1544 2221 1581 vero
2249 1527 2446 1595 altariS,

501 1622 638 1689 quod
676 1639 836 1691 supra
874 1638 1062 1692 corpus
1102 1622 1242 1676 beati
1277 1622 1517 1676 Bassiani
1557 1623 1865 1676 confessoris
1905 1624 2064 1676 situm
2103 1627 2197 1690 est,
2238 1623 2446 1676 omnino

498 1717 875 1786 praecipimus:
917 1722 975 1770 ut
1012 1718 1185 1771 nullus
1226 1718 1273 1771 ei
1306 1718 1672 1771 administrare
1698 1724 2017 1788 praesumat,
2057 1719 2146 1787 qui
2171 1719 2254 1771 vel
2279 1720 2448 1789 pretio

497 1813 554 1865 in
593 1813 829 1866 eamdem
868 1813 1131 1866 introierit
1169 1813 1441 1866 ecclesiam
1479 1814 1563 1867 vel
1603 1814 1691 1883 qui
1728 1815 2013 1867 fornicator
2053 1818 2132 1867 est
2164 1818 2254 1867 aut
2277 1815 2448 1885 turpis

497 1907 631 1961 lucri
670 1913 908 1962 sectator.
970 1909 1108 1962 Data
1146 1909 1341 1963 Romae
1380 1912 1413 1963 5
1452 1910 1630 1963 Nonas
1670 1909 1863 1978 Martii,
1903 1910 2187 1963 indictione
2233 1912 2312 1964 13.

499 2058 550 2119 II
585 2064 662 2120 55
682 2078 732 2119 a.
792 2065 936 2131 Quid
971 2065 1180 2118 valeant
1213 2065 1480 2135 pontvfiees
1522 2066 1766 2118 Romani.

1190 2160 1496 2213 Dictatus
1543 2178 1764 2230 papae.

648 2255 794 2318 Quod
832 2255 1069 2309 Romana
1108 2256 1325 2309 ecclesia
1363 2272 1394 2308 a
1433 2256 1542 2308 solo
1582 2256 1807 2309 Domino
1850 2257 1919 2308 sit
1954 2256 2186 2309 fundata.

648 2350 795 2413 Quod
835 2352 974 2404 solus
1012 2351 1276 2404 Romanus
1315 2351 1553 2421 pontifex
1591 2352 1703 2405 iure
1743 2352 1944 2405 dicatur
1981 2352 2308 2406 universalis.

649 2446 797 2509 Quod
833 2447 922 2500 ille
971 2447 1109 2500 solus
1161 2447 1326 2517 possit
1365 2447 1623 2517 deponere
1664 2449 1934 2518 episcopos
1974 2448 2057 2501 vel
2094 2449 2446 2503 reconciliare.

648 2542 795 2606 Quod
851 2542 1054 2610 legatus
1109 2544 1218 2596 eius
1269 2543 1506 2597 omnibus
1557 2543 1814 2613 episcopis
1861 2545 2060 2613 praesit
2107 2545 2163 2597 in
2213 2545 2447 2615 concilio,

502 2639 660 2692 etiam
698 2638 959 2691 inferioris
999 2639 1213 2706 gradus3
1257 2643 1309 2693 et
1349 2639 1596 2692 adversus
1637 2656 1724 2693 eos
1757 2640 2067 2693 sententiam
2108 2640 2447 2711 depositionis

500 2735 667 2804 possit
706 2734 846 2788 dare.

648 2829 796 2893 Quod
836 2830 1074 2884 absentes
1112 2847 1252 2901 papa
1290 2831 1457 2900 possit
1495 2831 1769 2901 deponere.

648 2925 796 2989 Quod
834 2943 952 2979 cum
991 2927 1452 2980 excommunicatis
1494 2928 1557 2981 ab
1587 2927 1677 2981 illo
1702 2928 1840 2981 inter
1867 2931 2039 2981 cetera
2063 2944 2160 2981 nec
2184 2928 2239 2980 in
2266 2927 2446 2981 eadem

500 3022 652 3075 domo
692 3022 938 3076 debemus
977 3040 1204 3076 manere.

648 3117 796 3181 Quod
829 3118 912 3171 -illi
950 3119 1048 3171 soli
1085 3119 1207 3172 licet
1235 3136 1330 3189 pro
1357 3119 1608 3189 temporis
1636 3119 1944 3172 necessitate
1970 3135 2131 3171 novas
2157 3118 2297 3186 leges
2325 3135 2447 3171 con-

500 3214 639 3282 dere,
687 3231 850 3267 novas
889 3214 1067 3284 plebes
1108 3230 1438 3283 congregare,
1480 3215 1542 3269 de
1583 3216 1831 3268 canonica
1869 3214 2130 3267 abbatiam
2168 3214 2355 3283 facere,
2397 3219 2449 3267 et

501 3328 528 3363 e
564 3315 744 3364 contra
783 3311 1000 3364 divitem
1040 3310 1400 3380 episcopatum
1437 3311 1668 3364 dividere
1708 3315 1760 3363 et
1796 3311 1977 3379 inopes
2015 3311 2178 3363 unire.

648 3405 795 3469 Quod
835 3406 974 3459 solus
1013 3407 1182 3476 possit
1219 3407 1296 3459 uti
1334 3406 1693 3477 imperialibus
1731 3403 2016 3472 insigniis2.

618 3519 651 3544 a.
688 3510 839 3546 sanotae
866 3509 996 3546 matris
1023 3510 1170 3546 vestrae
1200 3525 1230 3546 c.

620 3572 659 3614 1.
694 3570 760 3614 Cf.
784 3572 949 3627 Ephes.
973 3573 1013 3628 ἵ),
1038 3574 1107 3616 27.
1230 3575 1270 3616 2.
1306 3572 1373 3617 Cf.
1401 3573 1644 3628 Exemplar
1675 3570 1959 3614 Constantini
1989 3572 2110 3628 imp„
2143 3572 2189 3615 in
2221 3572 2444 3616 Decretal.

500 3643 831 3688 Pseudoisidor.
865 3645 936 3689 ed.
960 3645 1201 3689 Hinschius
1231 3660 1275 3702 p.
1299 3646 1399 3690 253.
