<?xml version="1.0" encoding="UTF-8"?>
<!DOCTYPE html PUBLIC "-//W3C//DTD XHTML 1.0 Transitional//EN"
    "http://www.w3.org/TR/xhtml1/DTD/xhtml1-transitional.dtd">
<html xmlns="http://www.w3.org/1999/xhtml" xml:lang="en" lang="en">
 <head>
  <title>
</title>
<meta http-equiv="Content-Type" content="text/html;charset=utf-8" />
  <meta name='ocr-system' content='tesseract 3.04.00' />
  <meta name='ocr-capabilities' content='ocr_page ocr_carea ocr_par ocr_line ocrx_word'/>
</head>
<body>
  <div class='ocr_page' id='page_1' title='image "bibliothecarerum02wattuoft_0328.png"; bbox 0 0 2730 4198; ppageno 0'>
   <div class='ocr_carea' id='block_1_1' title="bbox 309 420 458 516">
    <p class='ocr_par' dir='ltr' id='par_1_1' title="bbox 309 420 458 516">
     <span class='ocr_line' id='line_1_1' title="bbox 326 420 440 463; baseline -0.009 0"><span class='ocrx_word' id='word_1_1' title='bbox 326 420 440 463; x_wconf 84' lang='lat'>1078</span> 
     </span>
     <span class='ocr_line' id='line_1_2' title="bbox 309 480 458 516; baseline 0 0"><span class='ocrx_word' id='word_1_2' title='bbox 309 480 416 516; x_wconf 83' lang='lat' dir='ltr'>Mart.</span> <span class='ocrx_word' id='word_1_3' title='bbox 435 481 458 516; x_wconf 87' lang='grc'><strong>9</strong></span> 
     </span>
    </p>
   </div>
   <div class='ocr_carea' id='block_1_2' title="bbox 337 3420 452 3463">
    <p class='ocr_par' dir='ltr' id='par_1_2' title="bbox 337 3420 452 3463">
     <span class='ocr_line' id='line_1_3' title="bbox 337 3420 452 3463; baseline 0 0"><span class='ocrx_word' id='word_1_4' title='bbox 337 3420 452 3463; x_wconf 82' lang='lat'>1078</span> 
     </span>
    </p>
   </div>
   <div class='ocr_carea' id='block_1_3' title="bbox 319 3479 468 3517">
    <p class='ocr_par' dir='ltr' id='par_1_3' title="bbox 319 3479 468 3517">
     <span class='ocr_line' id='line_1_4' title="bbox 319 3479 468 3517; baseline 0.007 -1"><span class='ocrx_word' id='word_1_5' title='bbox 319 3479 429 3517; x_wconf 82' lang='lat' dir='ltr'>Mart.</span> <span class='ocrx_word' id='word_1_6' title='bbox 445 3480 468 3517; x_wconf 88' lang='lat'>9</span> 
     </span>
    </p>
   </div>
   <div class='ocr_carea' id='block_1_4' title="bbox 486 285 1926 336">
    <p class='ocr_par' dir='ltr' id='par_1_4' title="bbox 486 285 1926 336">
     <span class='ocr_line' id='line_1_5' title="bbox 486 285 1926 336; baseline -0.005 0"><span class='ocrx_word' id='word_1_7' title='bbox 486 285 592 336; x_wconf 80' lang='lat'>312</span> <span class='ocrx_word' id='word_1_8' title='bbox 987 294 1260 333; x_wconf 82' lang='lat' dir='ltr'>GREGORII</span> <span class='ocrx_word' id='word_1_9' title='bbox 1298 294 1378 330; x_wconf 86' lang='lat' dir='ltr'>vn</span> <span class='ocrx_word' id='word_1_10' title='bbox 1414 292 1678 330; x_wconf 76' lang='lat' dir='ltr'>REG1s&#39;rR1</span> <span class='ocrx_word' id='word_1_11' title='bbox 1715 293 1750 328; x_wconf 92' lang='lat' dir='ltr'><strong>v</strong></span> <span class='ocrx_word' id='word_1_12' title='bbox 1778 293 1839 328; x_wconf 84' lang='lat'>16.</span> <span class='ocrx_word' id='word_1_13' title='bbox 1868 294 1926 329; x_wconf 84' lang='lat'>17.</span> 
     </span>
    </p>
   </div>
   <div class='ocr_carea' id='block_1_5' title="bbox 483 407 2434 3056">
    <p class='ocr_par' dir='ltr' id='par_1_5' title="bbox 483 407 2434 3056">
     <span class='ocr_line' id='line_1_6' title="bbox 487 407 2424 479; baseline -0.002 -12"><span class='ocrx_word' id='word_1_14' title='bbox 487 414 723 479; x_wconf 79' lang='lat' dir='ltr'>veniatiS,</span> <span class='ocrx_word' id='word_1_15' title='bbox 745 429 809 465; x_wconf 93' lang='lat' dir='ltr'>ne</span> <span class='ocrx_word' id='word_1_16' title='bbox 836 412 889 464; x_wconf 90' lang='lat' dir='ltr'>in</span> <span class='ocrx_word' id='word_1_17' title='bbox 909 410 1176 462; x_wconf 78' lang='lat' dir='ltr'>mittendis</span> <span class='ocrx_word' id='word_1_18' title='bbox 1197 409 1381 476; x_wconf 87' lang='lat' dir='ltr'>legatis</span> <span class='ocrx_word' id='word_1_19' title='bbox 1402 408 1578 461; x_wconf 76' lang='lat' dir='ltr'>nobis⁶</span> <span class='ocrx_word' id='word_1_20' title='bbox 1597 407 1969 462; x_wconf 79' lang='lat' dir='ltr'>dubitandumb</span> <span class='ocrx_word' id='word_1_21' title='bbox 1992 410 2060 462; x_wconf 90' lang='lat' dir='ltr'>sit</span> <span class='ocrx_word' id='word_1_22' title='bbox 2080 440 2146 446; x_wconf 89' lang='lat'>—-</span> <span class='ocrx_word' id='word_1_23' title='bbox 2172 410 2424 463; x_wconf 89' lang='lat' dir='ltr'>ordinatis</span> 
     </span>
     <span class='ocr_line' id='line_1_7' title="bbox 489 504 2425 573; baseline -0.002 -11"><span class='ocrx_word' id='word_1_24' title='bbox 489 513 540 562; x_wconf 92' lang='lat' dir='ltr'>et</span> <span class='ocrx_word' id='word_1_25' title='bbox 565 507 878 561; x_wconf 89' lang='lat' dir='ltr'>confirmatis</span> <span class='ocrx_word' id='word_1_26' title='bbox 906 505 1161 573; x_wconf 81' lang='lat' dir='ltr'>omnibuS,</span> <span class='ocrx_word' id='word_1_27' title='bbox 1201 521 1331 572; x_wconf 91' lang='lat' dir='ltr'>quae</span> <span class='ocrx_word' id='word_1_28' title='bbox 1360 504 1425 556; x_wconf 92' lang='lat' dir='ltr'>ad</span> <span class='ocrx_word' id='word_1_29' title='bbox 1450 504 1868 573; x_wconf 88' lang='lat' dir='ltr'>prosequendum</span> <span class='ocrx_word' id='word_1_30' title='bbox 1897 504 1993 558; x_wconf 90' lang='lat' dir='ltr'>hoc</span> <span class='ocrx_word' id='word_1_31' title='bbox 2017 506 2284 572; x_wconf 76' lang='lat' dir='ltr'>negocium</span> <span class='ocrx_word' id='word_1_32' title='bbox 2312 505 2425 558; x_wconf 92' lang='lat' dir='ltr'>loco</span> 
     </span>
     <span class='ocr_line' id='line_1_8' title="bbox 486 599 2429 671; baseline -0.002 -14"><span class='ocrx_word' id='word_1_33' title='bbox 486 608 719 671; x_wconf 89' lang='lat' dir='ltr'>tempore</span> <span class='ocrx_word' id='word_1_34' title='bbox 757 601 839 653; x_wconf 87' lang='lat' dir='ltr'>vel</span> <span class='ocrx_word' id='word_1_35' title='bbox 879 601 1063 654; x_wconf 89' lang='lat' dir='ltr'>ceteris</span> <span class='ocrx_word' id='word_1_36' title='bbox 1104 599 1476 653; x_wconf 90' lang='lat' dir='ltr'>convenientiis</span> <span class='ocrx_word' id='word_1_37' title='bbox 1517 600 1810 652; x_wconf 88' lang='lat' dir='ltr'>necessaria</span> <span class='ocrx_word' id='word_1_38' title='bbox 1858 604 2003 667; x_wconf 90' lang='lat' dir='ltr'>sunt,</span> <span class='ocrx_word' id='word_1_39' title='bbox 2053 601 2317 653; x_wconf 91' lang='lat' dir='ltr'>volumus:</span> <span class='ocrx_word' id='word_1_40' title='bbox 2369 604 2429 653; x_wconf 92' lang='lat' dir='ltr'>ut</span> 
     </span>
     <span class='ocr_line' id='line_1_9' title="bbox 485 694 2426 765; baseline -0.002 -14"><span class='ocrx_word' id='word_1_41' title='bbox 485 704 543 752; x_wconf 95' lang='lat' dir='ltr'>tu</span> <span class='ocrx_word' id='word_1_42' title='bbox 581 702 632 751; x_wconf 92' lang='lat' dir='ltr'>et</span> <span class='ocrx_word' id='word_1_43' title='bbox 668 698 830 750; x_wconf 84' lang='lat' dir='ltr'>frater</span> <span class='ocrx_word' id='word_1_44' title='bbox 866 696 980 763; x_wconf 92' lang='lat' dir='ltr'>ille,</span> <span class='ocrx_word' id='word_1_45' title='bbox 1031 696 1120 765; x_wconf 91' lang='lat' dir='ltr'>qui</span> <span class='ocrx_word' id='word_1_46' title='bbox 1166 700 1368 749; x_wconf 80' lang='lat' dir='ltr'>tecum⁰</span> <span class='ocrx_word' id='word_1_47' title='bbox 1408 695 1560 748; x_wconf 90' lang='lat' dir='ltr'>huius</span> <span class='ocrx_word' id='word_1_48' title='bbox 1611 694 1687 747; x_wconf 87' lang='lat' dir='ltr'>rei</span> <span class='ocrx_word' id='word_1_49' title='bbox 1725 694 1982 747; x_wconf 78' lang='lat' dir='ltr'>mediator</span> <span class='ocrx_word' id='word_1_50' title='bbox 2022 712 2133 748; x_wconf 90' lang='lat' dir='ltr'>esse</span> <span class='ocrx_word' id='word_1_51' title='bbox 2173 696 2426 763; x_wconf 81' lang='lat' dir='ltr'>debuerit,</span> 
     </span>
     <span class='ocr_line' id='line_1_10' title="bbox 486 790 2429 859; baseline -0.001 -13"><span class='ocrx_word' id='word_1_52' title='bbox 486 793 758 847; x_wconf 81' lang='lat' dir='ltr'>confestim</span> <span class='ocrx_word' id='word_1_53' title='bbox 807 792 873 844; x_wconf 88' lang='lat' dir='ltr'>ad</span> <span class='ocrx_word' id='word_1_54' title='bbox 917 808 1011 844; x_wconf 93' lang='lat' dir='ltr'>nos</span> <span class='ocrx_word' id='word_1_55' title='bbox 1058 792 1309 856; x_wconf 82' lang='lat' dir='ltr'>veniatis3</span> <span class='ocrx_word' id='word_1_56' title='bbox 1365 795 1645 859; x_wconf 78' lang='lat' dir='ltr'>quatenUS,</span> <span class='ocrx_word' id='word_1_57' title='bbox 1696 790 1915 857; x_wconf 80' lang='lat' dir='ltr'>cognitis</span> <span class='ocrx_word' id='word_1_58' title='bbox 1965 791 2327 845; x_wconf 79' lang='lat' dir='ltr'>securitatibus</span> <span class='ocrx_word' id='word_1_59' title='bbox 2377 796 2429 845; x_wconf 87' lang='lat' dir='ltr'>et</span> 
     </span>
     <span class='ocr_line' id='line_1_11' title="bbox 487 885 2426 957; baseline -0.001 -17"><span class='ocrx_word' id='word_1_60' title='bbox 487 905 615 957; x_wconf 83' lang='lat' dir='ltr'>quae</span> <span class='ocrx_word' id='word_1_61' title='bbox 655 904 772 957; x_wconf 89' lang='lat' dir='ltr'>spes</span> <span class='ocrx_word' id='word_1_62' title='bbox 811 887 955 956; x_wconf 85' lang='lat' dir='ltr'>pacis</span> <span class='ocrx_word' id='word_1_63' title='bbox 996 904 1108 940; x_wconf 90' lang='lat' dir='ltr'>esse</span> <span class='ocrx_word' id='word_1_64' title='bbox 1148 886 1358 954; x_wconf 90' lang='lat' dir='ltr'>debeat,</span> <span class='ocrx_word' id='word_1_65' title='bbox 1410 885 1607 952; x_wconf 89' lang='lat' dir='ltr'>legatos</span> <span class='ocrx_word' id='word_1_66' title='bbox 1655 890 1860 938; x_wconf 92' lang='lat' dir='ltr'>nostros</span> <span class='ocrx_word' id='word_1_67' title='bbox 1899 889 2009 938; x_wconf 90' lang='lat' dir='ltr'>tam</span> <span class='ocrx_word' id='word_1_68' title='bbox 2048 887 2159 939; x_wconf 90' lang='lat' dir='ltr'>sine</span> <span class='ocrx_word' id='word_1_69' title='bbox 2197 886 2426 956; x_wconf 88' lang='lat' dir='ltr'>periculo</span> 
     </span>
     <span class='ocr_line' id='line_1_12' title="bbox 487 981 2428 1052; baseline -0.001 -16"><span class='ocrx_word' id='word_1_70' title='bbox 487 1000 642 1052; x_wconf 91' lang='lat' dir='ltr'>quam</span> <span class='ocrx_word' id='word_1_71' title='bbox 691 982 802 1035; x_wconf 92' lang='lat' dir='ltr'>sine</span> <span class='ocrx_word' id='word_1_72' title='bbox 853 982 1213 1051; x_wconf 86' lang='lat' dir='ltr'>desperatione</span> <span class='ocrx_word' id='word_1_73' title='bbox 1260 982 1459 1034; x_wconf 88' lang='lat' dir='ltr'>fructus</span> <span class='ocrx_word' id='word_1_74' title='bbox 1474 981 1491 1008; x_wconf 88' lang='lat'>‘¹</span> <span class='ocrx_word' id='word_1_75' title='bbox 1537 981 1731 1034; x_wconf 91' lang='lat' dir='ltr'>laboris</span> <span class='ocrx_word' id='word_1_76' title='bbox 1782 985 1833 1034; x_wconf 91' lang='lat' dir='ltr'>et</span> <span class='ocrx_word' id='word_1_77' title='bbox 1879 981 2200 1048; x_wconf 86' lang='lat' dir='ltr'>fatigationis</span> <span class='ocrx_word' id='word_1_78' title='bbox 2250 998 2428 1034; x_wconf 87' lang='lat' dir='ltr'>eorum</span> 
     </span>
     <span class='ocr_line' id='line_1_13' title="bbox 485 1076 2427 1145; baseline -0.001 -13"><span class='ocrx_word' id='word_1_79' title='bbox 485 1078 747 1132; x_wconf 90' lang='lat' dir='ltr'>vobiscum</span> <span class='ocrx_word' id='word_1_80' title='bbox 793 1078 998 1130; x_wconf 87' lang='lat' dir='ltr'>mittere</span> <span class='ocrx_word' id='word_1_81' title='bbox 1036 1077 1317 1130; x_wconf 76' lang='lat' dir='ltr'>valeamus,</span> <span class='ocrx_word' id='word_1_82' title='bbox 1377 1077 1485 1130; x_wconf 93' lang='lat' dir='ltr'>Nec</span> <span class='ocrx_word' id='word_1_83' title='bbox 1524 1077 1711 1129; x_wconf 89' lang='lat' dir='ltr'>durum</span> <span class='ocrx_word' id='word_1_84' title='bbox 1749 1077 1845 1130; x_wconf 92' lang='lat' dir='ltr'>tibi</span> <span class='ocrx_word' id='word_1_85' title='bbox 1885 1077 1978 1144; x_wconf 92' lang='lat' dir='ltr'>sit,</span> <span class='ocrx_word' id='word_1_86' title='bbox 2017 1077 2195 1145; x_wconf 88' lang='lat' dir='ltr'>frater,</span> <span class='ocrx_word' id='word_1_87' title='bbox 2237 1076 2427 1145; x_wconf 89' lang='lat' dir='ltr'>subire,</span> 
     </span>
     <span class='ocr_line' id='line_1_14' title="bbox 486 1172 2431 1243; baseline -0.001 -17"><span class='ocrx_word' id='word_1_88' title='bbox 486 1174 621 1243; x_wconf 91' lang='lat' dir='ltr'>quod</span> <span class='ocrx_word' id='word_1_89' title='bbox 660 1173 992 1242; x_wconf 88' lang='lat' dir='ltr'>imponimus.</span> <span class='ocrx_word' id='word_1_90' title='bbox 1054 1172 1326 1240; x_wconf 83' lang='lat' dir='ltr'>Quoniam,</span> <span class='ocrx_word' id='word_1_91' title='bbox 1368 1190 1430 1225; x_wconf 87' lang='lat' dir='ltr'>ex</span> <span class='ocrx_word' id='word_1_92' title='bbox 1466 1189 1570 1241; x_wconf 75' lang='lat' dir='ltr'>¹quo</span> <span class='ocrx_word' id='word_1_93' title='bbox 1609 1173 1665 1224; x_wconf 95' lang='lat' dir='ltr'>in</span> <span class='ocrx_word' id='word_1_94' title='bbox 1692 1172 1909 1225; x_wconf 89' lang='lat' dir='ltr'>ecclesia</span> <span class='ocrx_word' id='word_1_95' title='bbox 1942 1172 2114 1225; x_wconf 91' lang='lat' dir='ltr'>locum</span> <span class='ocrx_word' id='word_1_96' title='bbox 2154 1173 2431 1226; x_wconf 90' lang='lat' dir='ltr'>sacerdotii</span> 
     </span>
     <span class='ocr_line' id='line_1_15' title="bbox 487 1267 2431 1337; baseline 0 -16"><span class='ocrx_word' id='word_1_97' title='bbox 487 1274 538 1322; x_wconf 92' lang='lat' dir='ltr'>et</span> <span class='ocrx_word' id='word_1_98' title='bbox 575 1267 801 1321; x_wconf 86' lang='lat' dir='ltr'>officium</span> <span class='ocrx_word' id='word_1_99' title='bbox 840 1268 1132 1337; x_wconf 79' lang='lat' dir='ltr'>suscepisti,</span> <span class='ocrx_word' id='word_1_100' title='bbox 1171 1268 1332 1320; x_wconf 92' lang='lat' dir='ltr'>nichil</span> <span class='ocrx_word' id='word_1_101' title='bbox 1370 1268 1481 1320; x_wconf 92' lang='lat' dir='ltr'>Deo</span> <span class='ocrx_word' id='word_1_102' title='bbox 1521 1268 1727 1335; x_wconf 89' lang='lat' dir='ltr'>dignius</span> <span class='ocrx_word' id='word_1_103' title='bbox 1764 1272 1854 1320; x_wconf 90' lang='lat' dir='ltr'>aut</span> <span class='ocrx_word' id='word_1_104' title='bbox 1893 1268 2096 1320; x_wconf 90' lang='lat' dir='ltr'>animae</span> <span class='ocrx_word' id='word_1_105' title='bbox 2134 1272 2254 1320; x_wconf 90' lang='lat' dir='ltr'>tuae</span> <span class='ocrx_word' id='word_1_106' title='bbox 2293 1268 2431 1321; x_wconf 85' lang='lat' dir='ltr'>salu-</span> 
     </span>
     <span class='ocr_line' id='line_1_16' title="bbox 486 1363 2431 1431; baseline 0 -15"><span class='ocrx_word' id='word_1_107' title='bbox 486 1365 628 1417; x_wconf 88' lang='lat' dir='ltr'>brius</span> <span class='ocrx_word' id='word_1_108' title='bbox 666 1364 853 1430; x_wconf 84' lang='lat' dir='ltr'>fecisti,</span> <span class='ocrx_word' id='word_1_109' title='bbox 896 1379 1052 1430; x_wconf 91' lang='lat' dir='ltr'>quam</span> <span class='ocrx_word' id='word_1_110' title='bbox 1092 1363 1137 1415; x_wconf 89' lang='lat' dir='ltr'>si</span> <span class='ocrx_word' id='word_1_111' title='bbox 1173 1363 1229 1414; x_wconf 90' lang='lat' dir='ltr'>in</span> <span class='ocrx_word' id='word_1_112' title='bbox 1268 1363 1365 1415; x_wconf 91' lang='lat' dir='ltr'>hac</span> <span class='ocrx_word' id='word_1_113' title='bbox 1403 1380 1460 1415; x_wconf 90' lang='lat' dir='ltr'>re</span> <span class='ocrx_word' id='word_1_114' title='bbox 1497 1364 1786 1431; x_wconf 90' lang='lat' dir='ltr'>nequitiam</span> <span class='ocrx_word' id='word_1_115' title='bbox 1823 1363 2076 1416; x_wconf 91' lang='lat' dir='ltr'>diabolice</span> <span class='ocrx_word' id='word_1_116' title='bbox 2100 1364 2299 1416; x_wconf 88' lang='lat' dir='ltr'>fraudis</span> <span class='ocrx_word' id='word_1_117' title='bbox 2338 1364 2431 1417; x_wconf 90' lang='lat' dir='ltr'>eli-</span> 
     </span>
     <span class='ocr_line' id='line_1_17' title="bbox 486 1457 2431 1528; baseline 0.001 -16"><span class='ocrx_word' id='word_1_118' title='bbox 486 1460 633 1526; x_wconf 88' lang='lat' dir='ltr'>dere,</span> <span class='ocrx_word' id='word_1_119' title='bbox 675 1463 726 1511; x_wconf 92' lang='lat' dir='ltr'>et</span> <span class='ocrx_word' id='word_1_120' title='bbox 765 1458 922 1511; x_wconf 87' lang='lat' dir='ltr'>saluti</span> <span class='ocrx_word' id='word_1_121' title='bbox 959 1461 1039 1511; x_wconf 92' lang='lat' dir='ltr'>tot</span> <span class='ocrx_word' id='word_1_122' title='bbox 1074 1457 1276 1510; x_wconf 91' lang='lat' dir='ltr'>milium</span> <span class='ocrx_word' id='word_1_123' title='bbox 1315 1458 1610 1526; x_wconf 84' lang='lat' dir='ltr'>hominum,</span> <span class='ocrx_word' id='word_1_124' title='bbox 1651 1458 1939 1528; x_wconf 89' lang='lat' dir='ltr'>opitulante</span> <span class='ocrx_word' id='word_1_125' title='bbox 1979 1458 2116 1527; x_wconf 87' lang='lat' dir='ltr'>Dec,</span> <span class='ocrx_word' id='word_1_126' title='bbox 2163 1459 2431 1513; x_wconf 89' lang='lat' dir='ltr'>consulere</span> 
     </span>
     <span class='ocr_line' id='line_1_18' title="bbox 483 1546 2432 1624; baseline 0.001 -17"><span class='ocrx_word' id='word_1_127' title='bbox 483 1555 695 1624; x_wconf 90' lang='lat' dir='ltr'>poteris.</span> <span class='ocrx_word' id='word_1_128' title='bbox 753 1554 825 1606; x_wconf 91' lang='lat' dir='ltr'>Et</span> <span class='ocrx_word' id='word_1_129' title='bbox 864 1554 908 1606; x_wconf 92' lang='lat' dir='ltr'>si</span> <span class='ocrx_word' id='word_1_130' title='bbox 945 1553 1043 1606; x_wconf 91' lang='lat' dir='ltr'>hoc</span> <span class='ocrx_word' id='word_1_131' title='bbox 1079 1553 1375 1620; x_wconf 84' lang='lat' dir='ltr'>fatigationi</span> <span class='ocrx_word' id='word_1_132' title='bbox 1414 1557 1534 1606; x_wconf 90' lang='lat' dir='ltr'>tuae</span> <span class='ocrx_word' id='word_1_133' title='bbox 1560 1571 1656 1623; x_wconf 92' lang='lat' dir='ltr'>pro</span> <span class='ocrx_word' id='word_1_134' title='bbox 1683 1557 1802 1606; x_wconf 86' lang='lat' dir='ltr'>voto</span> <span class='ocrx_word' id='word_1_135' title='bbox 1842 1571 1948 1606; x_wconf 95' lang='lat' dir='ltr'>non</span> <span class='ocrx_word' id='word_1_136' title='bbox 1974 1555 2296 1623; x_wconf 85' lang='lat' dir='ltr'>successerit,</span> <span class='ocrx_word' id='word_1_137' title='bbox 2334 1546 2432 1610; x_wconf 93' lang='lat' dir='ltr'>tibi</span> 
     </span>
     <span class='ocr_line' id='line_1_19' title="bbox 483 1649 2430 1719; baseline 0.001 -17"><span class='ocrx_word' id='word_1_138' title='bbox 483 1654 662 1702; x_wconf 89' lang='lat' dir='ltr'>tamen</span> <span class='ocrx_word' id='word_1_139' title='bbox 702 1650 841 1719; x_wconf 89' lang='lat' dir='ltr'>apud</span> <span class='ocrx_word' id='word_1_140' title='bbox 878 1649 1027 1701; x_wconf 91' lang='lat' dir='ltr'>illum</span> <span class='ocrx_word' id='word_1_141' title='bbox 1068 1652 1210 1702; x_wconf 91' lang='lat' dir='ltr'>certa</span> <span class='ocrx_word' id='word_1_142' title='bbox 1245 1653 1424 1701; x_wconf 88' lang='lat' dir='ltr'>manet</span> <span class='ocrx_word' id='word_1_143' title='bbox 1459 1649 1758 1716; x_wconf 83' lang='lat' dir='ltr'>retributiO,</span> <span class='ocrx_word' id='word_1_144' title='bbox 1809 1650 1947 1718; x_wconf 89' lang='lat' dir='ltr'>apud</span> <span class='ocrx_word' id='word_1_145' title='bbox 1992 1667 2144 1718; x_wconf 91' lang='lat' dir='ltr'>quem</span> <span class='ocrx_word' id='word_1_146' title='bbox 2182 1660 2312 1704; x_wconf 81' lang='lat' dir='ltr'>non⁰</span> <span class='ocrx_word' id='word_1_147' title='bbox 2350 1652 2430 1704; x_wconf 90' lang='lat' dir='ltr'>in-</span> 
     </span>
     <span class='ocr_line' id='line_1_20' title="bbox 485 1743 2432 1815; baseline 0.001 -17"><span class='ocrx_word' id='word_1_148' title='bbox 485 1746 678 1798; x_wconf 86' lang='lat' dir='ltr'>fectum</span> <span class='ocrx_word' id='word_1_149' title='bbox 727 1745 1058 1814; x_wconf 90' lang='lat' dir='ltr'>reputabitur</span> <span class='ocrx_word' id='word_1_150' title='bbox 1107 1761 1259 1797; x_wconf 91' lang='lat' dir='ltr'>omne</span> <span class='ocrx_word' id='word_1_151' title='bbox 1307 1743 1526 1811; x_wconf 87' lang='lat' dir='ltr'>bonum,</span> <span class='ocrx_word' id='word_1_152' title='bbox 1585 1744 1722 1812; x_wconf 88' lang='lat' dir='ltr'>quod</span> <span class='ocrx_word' id='word_1_153' title='bbox 1768 1744 1931 1797; x_wconf 73' lang='lat' dir='ltr'>iustas</span> <span class='ocrx_word' id='word_1_154' title='bbox 1978 1750 2030 1798; x_wconf 94' lang='lat' dir='ltr'>et</span> <span class='ocrx_word' id='word_1_155' title='bbox 2074 1748 2432 1815; x_wconf 87' lang='lat' dir='ltr'>perseveranti</span> 
     </span>
     <span class='ocr_line' id='line_1_21' title="bbox 486 1839 2431 1911; baseline 0.002 -18"><span class='ocrx_word' id='word_1_156' title='bbox 486 1841 754 1894; x_wconf 87' lang='lat' dir='ltr'>voluntate</span> <span class='ocrx_word' id='word_1_157' title='bbox 793 1842 1097 1911; x_wconf 90' lang='lat' dir='ltr'>concipitur.</span> <span class='ocrx_word' id='word_1_158' title='bbox 1158 1840 1292 1893; x_wconf 92' lang='lat' dir='ltr'>Illud</span> <span class='ocrx_word' id='word_1_159' title='bbox 1317 1844 1492 1893; x_wconf 90' lang='lat' dir='ltr'>tamen</span> <span class='ocrx_word' id='word_1_160' title='bbox 1523 1856 1554 1892; x_wconf 92' lang='lat' dir='ltr'>a</span> <span class='ocrx_word' id='word_1_161' title='bbox 1593 1839 1867 1893; x_wconf 90' lang='lat' dir='ltr'>dilectione</span> <span class='ocrx_word' id='word_1_162' title='bbox 1904 1844 1997 1893; x_wconf 91' lang='lat' dir='ltr'>tua</span> <span class='ocrx_word' id='word_1_163' title='bbox 2034 1842 2243 1896; x_wconf 90' lang='lat' dir='ltr'>omnino</span> <span class='ocrx_word' id='word_1_164' title='bbox 2282 1843 2431 1896; x_wconf 90' lang='lat' dir='ltr'>nobis</span> 
     </span>
     <span class='ocr_line' id='line_1_22' title="bbox 488 1935 2432 2006; baseline 0.001 -17"><span class='ocrx_word' id='word_1_165' title='bbox 488 1937 723 1990; x_wconf 83' lang='lat' dir='ltr'>exhiberi</span> <span class='ocrx_word' id='word_1_166' title='bbox 759 1937 1026 1990; x_wconf 87' lang='lat' dir='ltr'>volumus:</span> <span class='ocrx_word' id='word_1_167' title='bbox 1067 1940 1142 2004; x_wconf 91' lang='lat' dir='ltr'>ut,</span> <span class='ocrx_word' id='word_1_168' title='bbox 1183 1937 1390 1989; x_wconf 88' lang='lat' dir='ltr'>etiamsi</span> <span class='ocrx_word' id='word_1_169' title='bbox 1427 1935 1573 1987; x_wconf 92' lang='lat' dir='ltr'>illum</span> <span class='ocrx_word' id='word_1_170' title='bbox 1617 1936 1793 2004; x_wconf 88' lang='lat' dir='ltr'>alium,</span> <span class='ocrx_word' id='word_1_171' title='bbox 1835 1954 1987 2006; x_wconf 92' lang='lat' dir='ltr'>quem</span> <span class='ocrx_word' id='word_1_172' title='bbox 2017 1938 2169 1991; x_wconf 92' lang='lat' dir='ltr'>huius</span> <span class='ocrx_word' id='word_1_173' title='bbox 2208 1939 2287 1991; x_wconf 90' lang='lat' dir='ltr'>rei</span> <span class='ocrx_word' id='word_1_174' title='bbox 2323 1955 2432 1992; x_wconf 91' lang='lat' dir='ltr'>me-</span> 
     </span>
     <span class='ocr_line' id='line_1_23' title="bbox 488 2032 2433 2102; baseline 0.002 -17"><span class='ocrx_word' id='word_1_175' title='bbox 488 2033 743 2085; x_wconf 85' lang='lat' dir='ltr'>diatorem</span> <span class='ocrx_word' id='word_1_176' title='bbox 781 2036 834 2085; x_wconf 90' lang='lat' dir='ltr'>te</span> <span class='ocrx_word' id='word_1_177' title='bbox 880 2032 1071 2086; x_wconf 92' lang='lat' dir='ltr'>habere</span> <span class='ocrx_word' id='word_1_178' title='bbox 1119 2049 1279 2102; x_wconf 86' lang='lat' dir='ltr'>supra</span> <span class='ocrx_word' id='word_1_179' title='bbox 1326 2032 1577 2098; x_wconf 80' lang='lat' dir='ltr'>diximUS,</span> <span class='ocrx_word' id='word_1_180' title='bbox 1626 2033 1823 2085; x_wconf 88' lang='lat' dir='ltr'>socium</span> <span class='ocrx_word' id='word_1_181' title='bbox 1860 2033 2063 2087; x_wconf 86' lang='lat' dir='ltr'>itineris</span> <span class='ocrx_word' id='word_1_182' title='bbox 2102 2034 2292 2088; x_wconf 91' lang='lat' dir='ltr'>habere</span> <span class='ocrx_word' id='word_1_183' title='bbox 2328 2051 2433 2088; x_wconf 93' lang='lat' dir='ltr'>non</span> 
     </span>
     <span class='ocr_line' id='line_1_24' title="bbox 486 2127 2432 2198; baseline 0.001 -16"><span class='ocrx_word' id='word_1_184' title='bbox 486 2129 673 2198; x_wconf 84' lang='lat' dir='ltr'>possiS,</span> <span class='ocrx_word' id='word_1_185' title='bbox 709 2132 768 2181; x_wconf 92' lang='lat' dir='ltr'>tu</span> <span class='ocrx_word' id='word_1_186' title='bbox 793 2132 969 2182; x_wconf 89' lang='lat' dir='ltr'>tamen</span> <span class='ocrx_word' id='word_1_187' title='bbox 998 2129 1062 2181; x_wconf 91' lang='lat' dir='ltr'>ad</span> <span class='ocrx_word' id='word_1_188' title='bbox 1087 2145 1182 2181; x_wconf 91' lang='lat' dir='ltr'>nos</span> <span class='ocrx_word' id='word_1_189' title='bbox 1208 2128 1385 2181; x_wconf 89' lang='lat' dir='ltr'>venire</span> <span class='ocrx_word' id='word_1_190' title='bbox 1410 2127 1706 2180; x_wconf 89' lang='lat' dir='ltr'>nullatenus</span> <span class='ocrx_word' id='word_1_191' title='bbox 1733 2130 2136 2198; x_wconf 88' lang='lat' dir='ltr'>praetermittas.</span> <span class='ocrx_word' id='word_1_192' title='bbox 2275 2129 2432 2184; x_wconf 87' lang='lat' dir='ltr'>Prae·-</span> 
     </span>
     <span class='ocr_line' id='line_1_25' title="bbox 489 2223 2431 2294; baseline 0.001 -17"><span class='ocrx_word' id='word_1_193' title='bbox 489 2225 711 2294; x_wconf 89' lang='lat' dir='ltr'>cipimus</span> <span class='ocrx_word' id='word_1_194' title='bbox 739 2224 896 2277; x_wconf 89' lang='lat' dir='ltr'>etiam</span> <span class='ocrx_word' id='word_1_195' title='bbox 923 2224 1020 2277; x_wconf 92' lang='lat' dir='ltr'>tibi</span> <span class='ocrx_word' id='word_1_196' title='bbox 1047 2241 1110 2276; x_wconf 84' lang='lat' dir='ltr'>ex</span> <span class='ocrx_word' id='word_1_197' title='bbox 1139 2223 1446 2276; x_wconf 88' lang='lat' dir='ltr'>auctoritate</span> <span class='ocrx_word' id='word_1_198' title='bbox 1472 2223 1612 2276; x_wconf 92' lang='lat' dir='ltr'>beati</span> <span class='ocrx_word' id='word_1_199' title='bbox 1636 2223 1794 2291; x_wconf 90' lang='lat' dir='ltr'>Petri,</span> <span class='ocrx_word' id='word_1_200' title='bbox 1835 2228 1908 2291; x_wconf 93' lang='lat' dir='ltr'>ut,</span> <span class='ocrx_word' id='word_1_201' title='bbox 1940 2225 2022 2276; x_wconf 91' lang='lat' dir='ltr'>cui</span> <span class='ocrx_word' id='word_1_202' title='bbox 2047 2225 2249 2278; x_wconf 91' lang='lat' dir='ltr'>iustitia</span> <span class='ocrx_word' id='word_1_203' title='bbox 2273 2225 2431 2294; x_wconf 86' lang='lat' dir='ltr'>favet,</span> 
     </span>
     <span class='ocr_line' id='line_1_26' title="bbox 489 2318 2431 2389; baseline 0.002 -17"><span class='ocrx_word' id='word_1_204' title='bbox 489 2324 547 2372; x_wconf 92' lang='lat' dir='ltr'>tu</span> <span class='ocrx_word' id='word_1_205' title='bbox 587 2320 795 2372; x_wconf 91' lang='lat' dir='ltr'>omnino</span> <span class='ocrx_word' id='word_1_206' title='bbox 834 2320 1038 2385; x_wconf 81' lang='lat' dir='ltr'>faveas3</span> <span class='ocrx_word' id='word_1_207' title='bbox 1081 2323 1156 2386; x_wconf 92' lang='lat' dir='ltr'>et,</span> <span class='ocrx_word' id='word_1_208' title='bbox 1204 2318 1302 2370; x_wconf 90' lang='lat' dir='ltr'>hoc</span> <span class='ocrx_word' id='word_1_209' title='bbox 1340 2318 1478 2370; x_wconf 90' lang='lat' dir='ltr'>idem</span> <span class='ocrx_word' id='word_1_210' title='bbox 1517 2319 1712 2386; x_wconf 87' lang='lat' dir='ltr'>facere,</span> <span class='ocrx_word' id='word_1_211' title='bbox 1763 2319 1975 2372; x_wconf 90' lang='lat' dir='ltr'>clericos</span> <span class='ocrx_word' id='word_1_212' title='bbox 2016 2324 2067 2372; x_wconf 90' lang='lat' dir='ltr'>et</span> <span class='ocrx_word' id='word_1_213' title='bbox 2103 2320 2262 2374; x_wconf 88' lang='lat' dir='ltr'>laicos</span> <span class='ocrx_word' id='word_1_214' title='bbox 2304 2338 2431 2389; x_wconf 90' lang='lat' dir='ltr'>quos</span> 
     </span>
     <span class='ocr_line' id='line_1_27' title="bbox 489 2414 2431 2484; baseline 0.002 -17"><span class='ocrx_word' id='word_1_215' title='bbox 489 2415 685 2484; x_wconf 89' lang='lat' dir='ltr'>poteris</span> <span class='ocrx_word' id='word_1_216' title='bbox 727 2431 791 2467; x_wconf 83' lang='lat' dir='ltr'>ex</span> <span class='ocrx_word' id='word_1_217' title='bbox 830 2418 980 2483; x_wconf 89' lang='lat' dir='ltr'>parte</span> <span class='ocrx_word' id='word_1_218' title='bbox 1017 2418 1198 2467; x_wconf 89' lang='lat' dir='ltr'>nostra</span> <span class='ocrx_word' id='word_1_219' title='bbox 1235 2430 1579 2465; x_wconf 90' lang='lat' dir='ltr'>commoneas.</span> <span class='ocrx_word' id='word_1_220' title='bbox 1733 2414 1930 2467; x_wconf 81' lang='lat' dir='ltr'>Trevag</span> <span class='ocrx_word' id='word_1_221' title='bbox 1968 2416 2142 2484; x_wconf 89' lang='lat' dir='ltr'>etiam,</span> <span class='ocrx_word' id='word_1_222' title='bbox 2184 2417 2244 2469; x_wconf 83' lang='lat' dir='ltr'>ah</span> <span class='ocrx_word' id='word_1_223' title='bbox 2283 2417 2431 2470; x_wconf 84' lang='lat' dir='ltr'>vobis</span> 
     </span>
     <span class='ocr_line' id='line_1_28' title="bbox 490 2509 2432 2580; baseline 0.002 -19"><span class='ocrx_word' id='word_1_224' title='bbox 490 2510 702 2578; x_wconf 86' lang='lat' dir='ltr'>provisa</span> <span class='ocrx_word' id='word_1_225' title='bbox 738 2526 902 2577; x_wconf 90' lang='lat' dir='ltr'>usque</span> <span class='ocrx_word' id='word_1_226' title='bbox 941 2509 1007 2562; x_wconf 90' lang='lat' dir='ltr'>ad</span> <span class='ocrx_word' id='word_1_227' title='bbox 1046 2509 1342 2578; x_wconf 89' lang='lat' dir='ltr'>quindecim</span> <span class='ocrx_word' id='word_1_228' title='bbox 1379 2509 1487 2561; x_wconf 92' lang='lat' dir='ltr'>dies</span> <span class='ocrx_word' id='word_1_229' title='bbox 1525 2513 1644 2578; x_wconf 90' lang='lat' dir='ltr'>post</span> <span class='ocrx_word' id='word_1_230' title='bbox 1669 2514 1951 2564; x_wconf 88' lang='lat' dir='ltr'>conventus</span> <span class='ocrx_word' id='word_1_231' title='bbox 1988 2511 2314 2580; x_wconf 87' lang='lat' dir='ltr'>solutionem,</span> <span class='ocrx_word' id='word_1_232' title='bbox 2352 2513 2432 2565; x_wconf 92' lang='lat' dir='ltr'>in-</span> 
     </span>
     <span class='ocr_line' id='line_1_29' title="bbox 490 2604 2434 2676; baseline 0.003 -20"><span class='ocrx_word' id='word_1_233' title='bbox 490 2604 650 2657; x_wconf 81' lang='lat' dir='ltr'>laesai</span> <span class='ocrx_word' id='word_1_234' title='bbox 690 2608 938 2657; x_wconf 87' lang='lat' dir='ltr'>servetur.</span> <span class='ocrx_word' id='word_1_235' title='bbox 1089 2604 1340 2657; x_wconf 91' lang='lat' dir='ltr'>Volumus</span> <span class='ocrx_word' id='word_1_236' title='bbox 1390 2609 1586 2672; x_wconf 90' lang='lat' dir='ltr'>autem,</span> <span class='ocrx_word' id='word_1_237' title='bbox 1635 2609 1694 2658; x_wconf 94' lang='lat' dir='ltr'>ut</span> <span class='ocrx_word' id='word_1_238' title='bbox 1741 2607 1880 2675; x_wconf 88' lang='lat' dir='ltr'>apud</span> <span class='ocrx_word' id='word_1_239' title='bbox 1916 2604 2122 2673; x_wconf 87' lang='lat' dir='ltr'>regem¹</span> <span class='ocrx_word' id='word_1_240' title='bbox 2159 2607 2434 2676; x_wconf 91' lang='lat' dir='ltr'>diligenter</span> 
     </span>
     <span class='ocr_line' id='line_1_30' title="bbox 491 2699 2433 2771; baseline 0.003 -20"><span class='ocrx_word' id='word_1_241' title='bbox 491 2715 756 2769; x_wconf 88' lang='lat' dir='ltr'>procures,</span> <span class='ocrx_word' id='word_1_242' title='bbox 798 2704 1051 2768; x_wconf 88' lang='lat' dir='ltr'>quatenus</span> <span class='ocrx_word' id='word_1_243' title='bbox 1088 2699 1248 2766; x_wconf 89' lang='lat' dir='ltr'>legati</span> <span class='ocrx_word' id='word_1_244' title='bbox 1284 2700 1466 2768; x_wconf 88' lang='lat' dir='ltr'>nostri,</span> <span class='ocrx_word' id='word_1_245' title='bbox 1508 2701 1596 2769; x_wconf 88' lang='lat' dir='ltr'>qui</span> <span class='ocrx_word' id='word_1_246' title='bbox 1633 2701 1689 2752; x_wconf 92' lang='lat' dir='ltr'>in</span> <span class='ocrx_word' id='word_1_247' title='bbox 1726 2701 1963 2770; x_wconf 90' lang='lat' dir='ltr'>partibus</span> <span class='ocrx_word' id='word_1_248' title='bbox 2000 2702 2105 2755; x_wconf 91' lang='lat' dir='ltr'>illis</span> <span class='ocrx_word' id='word_1_249' title='bbox 2133 2708 2268 2771; x_wconf 92' lang='lat' dir='ltr'>sunt,</span> <span class='ocrx_word' id='word_1_250' title='bbox 2306 2703 2433 2757; x_wconf 88' lang='lat' dir='ltr'>Ber-</span> 
     </span>
     <span class='ocr_line' id='line_1_31' title="bbox 492 2794 2431 2852; baseline 0.003 -5"><span class='ocrx_word' id='word_1_251' title='bbox 492 2794 719 2847; x_wconf 77' lang='lat' dir='ltr'>nardusk</span> <span class='ocrx_word' id='word_1_252' title='bbox 745 2795 941 2848; x_wconf 91' lang='lat' dir='ltr'>scilicet</span> <span class='ocrx_word' id='word_1_253' title='bbox 978 2794 1224 2847; x_wconf 84' lang='lat' dir='ltr'>diaconus</span> <span class='ocrx_word' id='word_1_254' title='bbox 1265 2799 1472 2848; x_wconf 88' lang='lat' dir='ltr'>sanctae</span> <span class='ocrx_word' id='word_1_255' title='bbox 1497 2795 1761 2849; x_wconf 85' lang='lat' dir='ltr'>Romanae</span> <span class='ocrx_word' id='word_1_256' title='bbox 1788 2797 2033 2851; x_wconf 88' lang='lat' dir='ltr'>ecclesiae</span> <span class='ocrx_word' id='word_1_257' title='bbox 2061 2802 2112 2851; x_wconf 93' lang='lat' dir='ltr'>et</span> <span class='ocrx_word' id='word_1_258' title='bbox 2136 2798 2431 2852; x_wconf 87' lang='lat' dir='ltr'>Bernardus</span> 
     </span>
     <span class='ocr_line' id='line_1_32' title="bbox 492 2889 2431 2958; baseline 0.003 -16"><span class='ocrx_word' id='word_1_259' title='bbox 492 2889 836 2943; x_wconf 89' lang='lat' dir='ltr'>Massiliensis</span> <span class='ocrx_word' id='word_1_260' title='bbox 876 2890 1052 2958; x_wconf 84' lang='lat' dir='ltr'>abbaS,</span> <span class='ocrx_word' id='word_1_261' title='bbox 1093 2890 1138 2943; x_wconf 89' lang='lat' dir='ltr'>si</span> <span class='ocrx_word' id='word_1_262' title='bbox 1174 2889 1450 2958; x_wconf 86' lang='lat' dir='ltr'>voluerint,</span> <span class='ocrx_word' id='word_1_263' title='bbox 1489 2891 1706 2944; x_wconf 90' lang='lat' dir='ltr'>licenter</span> <span class='ocrx_word' id='word_1_264' title='bbox 1744 2896 1796 2945; x_wconf 92' lang='lat' dir='ltr'>et</span> <span class='ocrx_word' id='word_1_265' title='bbox 1834 2909 2011 2946; x_wconf 88' lang='lat' dir='ltr'>secure</span> <span class='ocrx_word' id='word_1_266' title='bbox 2050 2895 2116 2946; x_wconf 91' lang='lat' dir='ltr'>ad</span> <span class='ocrx_word' id='word_1_267' title='bbox 2140 2911 2234 2948; x_wconf 91' lang='lat' dir='ltr'>nos</span> <span class='ocrx_word' id='word_1_268' title='bbox 2260 2895 2431 2948; x_wconf 89' lang='lat' dir='ltr'>redire</span> 
     </span>
     <span class='ocr_line' id='line_1_33' title="bbox 494 2985 2058 3056; baseline 0.002 -18"><span class='ocrx_word' id='word_1_269' title='bbox 494 2986 717 3039; x_wconf 86' lang='lat' dir='ltr'>valeant.</span> <span class='ocrx_word' id='word_1_270' title='bbox 795 2985 955 3039; x_wconf 87' lang='lat' dir='ltr'>Data¹</span> <span class='ocrx_word' id='word_1_271' title='bbox 991 2985 1186 3039; x_wconf 85' lang='lat' dir='ltr'>Romae</span> <span class='ocrx_word' id='word_1_272' title='bbox 1227 2988 1256 3039; x_wconf 86' lang='lat'><strong>7</strong></span> <span class='ocrx_word' id='word_1_273' title='bbox 1297 2986 1417 3039; x_wconf 90' lang='lat' dir='ltr'>Idus</span> <span class='ocrx_word' id='word_1_274' title='bbox 1456 2986 1650 3056; x_wconf 84' lang='lat' dir='ltr'>Martii,</span> <span class='ocrx_word' id='word_1_275' title='bbox 1689 2988 1970 3042; x_wconf 89' lang='lat' dir='ltr'>indictione</span> <span class='ocrx_word' id='word_1_276' title='bbox 2014 2992 2058 3041; x_wconf 87' lang='lat'>1.</span> 
     </span>
    </p>
   </div>
   <div class='ocr_carea' id='block_1_6' title="bbox 493 3133 2432 3388">
    <p class='ocr_par' dir='ltr' id='par_1_6' title="bbox 493 3133 2432 3388">
     <span class='ocr_line' id='line_1_34' title="bbox 493 3133 2432 3211; baseline 0.001 -16"><span class='ocrx_word' id='word_1_277' title='bbox 493 3133 543 3195; x_wconf 86' lang='lat' dir='ltr'><strong>V</strong></span> <span class='ocrx_word' id='word_1_278' title='bbox 576 3137 673 3193; x_wconf 85' lang='lat'>17.</span> <span class='ocrx_word' id='word_1_279' title='bbox 721 3139 982 3205; x_wconf 73' lang='lat' dir='ltr'>Ostendit,</span> <span class='ocrx_word' id='word_1_280' title='bbox 1034 3159 1197 3210; x_wconf 75' lang='lat' dir='ltr'>quare</span> <span class='ocrx_word' id='word_1_281' title='bbox 1243 3141 1545 3193; x_wconf 74' lang='lat' dir='ltr'>Manassem</span> <span class='ocrx_word' id='word_1_282' title='bbox 1595 3142 1894 3194; x_wconf 69' lang='lat' dir='ltr'>Remensem</span> <span class='ocrx_word' id='word_1_283' title='bbox 1941 3143 2172 3211; x_wconf 75' lang='lat' dir='ltr'>aliosque</span> <span class='ocrx_word' id='word_1_284' title='bbox 2224 3141 2432 3196; x_wconf 78' lang='lat' dir='ltr'>Galliae</span> 
     </span>
     <span class='ocr_line' id='line_1_35' title="bbox 716 3228 2430 3300; baseline 0.003 -21"><span class='ocrx_word' id='word_1_285' title='bbox 716 3231 982 3298; x_wconf 72' lang='lat' dir='ltr'>episcopos</span> <span class='ocrx_word' id='word_1_286' title='bbox 993 3268 1008 3293; x_wconf 91' lang='lat'>,</span> <span class='ocrx_word' id='word_1_287' title='bbox 1059 3228 1123 3280; x_wconf 82' lang='lat' dir='ltr'>ab</span> <span class='ocrx_word' id='word_1_288' title='bbox 1163 3229 1386 3298; x_wconf 69' lang='lat' dir='ltr'>Huyone</span> <span class='ocrx_word' id='word_1_289' title='bbox 1425 3232 1662 3299; x_wconf 71' lang='lat' dir='ltr'>episcopo</span> <span class='ocrx_word' id='word_1_290' title='bbox 1700 3230 1894 3283; x_wconf 74' lang='lat' dir='ltr'>Diensi</span> <span class='ocrx_word' id='word_1_291' title='bbox 1919 3233 2122 3300; x_wconf 75' lang='lat' dir='ltr'>partim</span> <span class='ocrx_word' id='word_1_292' title='bbox 2159 3249 2430 3300; x_wconf 68' lang='lat' dir='ltr'>suspensos</span> 
     </span>
     <span class='ocr_line' id='line_1_36' title="bbox 707 3318 1979 3388; baseline 0 -20"><span class='ocrx_word' id='word_1_293' title='bbox 707 3319 910 3386; x_wconf 73' lang='lat' dir='ltr'>partim</span> <span class='ocrx_word' id='word_1_294' title='bbox 947 3318 1237 3382; x_wconf 51' lang='lat' dir='ltr'>damnato&amp;</span> <span class='ocrx_word' id='word_1_295' title='bbox 1278 3320 1334 3370; x_wconf 74' lang='lat' dir='ltr'>in</span> <span class='ocrx_word' id='word_1_296' title='bbox 1364 3321 1654 3388; x_wconf 73' lang='lat' dir='ltr'>pristinum</span> <span class='ocrx_word' id='word_1_297' title='bbox 1689 3321 1979 3371; x_wconf 68' lang='lat' dir='ltr'>restituerit.</span> 
     </span>
    </p>
   </div>
   <div class='ocr_carea' id='block_1_7' title="bbox 495 3409 2430 3681">
    <p class='ocr_par' dir='ltr' id='par_1_7' title="bbox 495 3409 2430 3681">
     <span class='ocr_line' id='line_1_37' title="bbox 643 3409 1911 3481; baseline 0.002 -19"><span class='ocrx_word' id='word_1_298' title='bbox 643 3409 923 3477; x_wconf 84' lang='lat' dir='ltr'>Gregorius</span> <span class='ocrx_word' id='word_1_299' title='bbox 963 3412 1235 3481; x_wconf 88' lang='lat' dir='ltr'>episcopus</span> <span class='ocrx_word' id='word_1_300' title='bbox 1274 3429 1454 3466; x_wconf 86' lang='lat' dir='ltr'>servus</span> <span class='ocrx_word' id='word_1_301' title='bbox 1493 3429 1758 3466; x_wconf 85' lang='lat' dir='ltr'>servorum</span> <span class='ocrx_word' id='word_1_302' title='bbox 1797 3412 1911 3464; x_wconf 91' lang='lat' dir='ltr'>Dei.</span> 
     </span>
     <span class='ocr_line' id='line_1_38' title="bbox 613 3511 2430 3562; baseline 0.002 -15"><span class='ocrx_word' id='word_1_303' title='bbox 613 3522 645 3547; x_wconf 83' lang='lat' dir='ltr'>a.</span> <span class='ocrx_word' id='word_1_304' title='bbox 680 3511 787 3548; x_wconf 83' lang='lat' dir='ltr'>vobis</span> <span class='ocrx_word' id='word_1_305' title='bbox 815 3514 850 3548; x_wconf 87' lang='lat'>3.</span> <span class='ocrx_word' id='word_1_306' title='bbox 991 3513 1028 3549; x_wconf 92' lang='lat' dir='ltr'>b.</span> <span class='ocrx_word' id='word_1_307' title='bbox 1062 3516 1226 3562; x_wconf 75' lang='lat' dir='ltr'>sequitur</span> <span class='ocrx_word' id='word_1_308' title='bbox 1251 3525 1328 3551; x_wconf 87' lang='lat' dir='ltr'>non</span> <span class='ocrx_word' id='word_1_309' title='bbox 1355 3517 1392 3551; x_wconf 81' lang='grc' dir='ltr'>ἰη</span> <span class='ocrx_word' id='word_1_310' title='bbox 1420 3514 1504 3551; x_wconf 86' lang='lat' dir='ltr'>cod.</span> <span class='ocrx_word' id='word_1_311' title='bbox 1657 3525 1688 3550; x_wconf 86' lang='lat' dir='ltr'>c.</span> <span class='ocrx_word' id='word_1_312' title='bbox 1720 3514 1844 3549; x_wconf 76' lang='lat' dir='ltr'>tecum</span> <span class='ocrx_word' id='word_1_313' title='bbox 1871 3526 1939 3549; x_wconf 89' lang='lat' dir='ltr'>om.</span> <span class='ocrx_word' id='word_1_314' title='bbox 1961 3514 1996 3548; x_wconf 87' lang='lat'>3.</span> <span class='ocrx_word' id='word_1_315' title='bbox 2140 3513 2177 3550; x_wconf 89' lang='lat' dir='ltr'>d.</span> <span class='ocrx_word' id='word_1_316' title='bbox 2213 3515 2251 3550; x_wconf 79' lang='lat' dir='ltr'>et</span> <span class='ocrx_word' id='word_1_317' title='bbox 2278 3515 2371 3551; x_wconf 83' lang='lat' dir='ltr'>add.</span> <span class='ocrx_word' id='word_1_318' title='bbox 2394 3516 2430 3551; x_wconf 86' lang='lat'>2.</span> 
     </span>
     <span class='ocr_line' id='line_1_39' title="bbox 497 3575 2429 3625; baseline 0.003 -15"><span class='ocrx_word' id='word_1_319' title='bbox 497 3586 530 3611; x_wconf 87' lang='lat' dir='ltr'>e.</span> <span class='ocrx_word' id='word_1_320' title='bbox 556 3575 653 3611; x_wconf 90' lang='lat' dir='ltr'>nihil</span> <span class='ocrx_word' id='word_1_321' title='bbox 679 3577 713 3612; x_wconf 84' lang='lat'>3.</span> <span class='ocrx_word' id='word_1_322' title='bbox 842 3577 869 3613; x_wconf 84' lang='lat' dir='ltr'>f.</span> <span class='ocrx_word' id='word_1_323' title='bbox 896 3578 997 3614; x_wconf 83' lang='lat' dir='ltr'>iusta</span> <span class='ocrx_word' id='word_1_324' title='bbox 1024 3580 1062 3615; x_wconf 85' lang='lat' dir='ltr'>et</span> <span class='ocrx_word' id='word_1_325' title='bbox 1088 3593 1157 3615; x_wconf 88' lang='lat' dir='ltr'>om.</span> <span class='ocrx_word' id='word_1_326' title='bbox 1181 3580 1215 3615; x_wconf 85' lang='lat'>3.</span> <span class='ocrx_word' id='word_1_327' title='bbox 1346 3590 1380 3625; x_wconf 90' lang='lat' dir='ltr'>g.</span> <span class='ocrx_word' id='word_1_328' title='bbox 1408 3579 1553 3625; x_wconf 88' lang='lat' dir='ltr'>Treuga</span> <span class='ocrx_word' id='word_1_329' title='bbox 1579 3581 1614 3616; x_wconf 85' lang='lat'>2.</span> <span class='ocrx_word' id='word_1_330' title='bbox 1743 3577 1781 3614; x_wconf 90' lang='lat' dir='ltr'>h.</span> <span class='ocrx_word' id='word_1_331' title='bbox 1810 3588 1831 3613; x_wconf 85' lang='lat' dir='ltr'>a</span> <span class='ocrx_word' id='word_1_332' title='bbox 1858 3591 1925 3613; x_wconf 92' lang='lat' dir='ltr'>om.</span> <span class='ocrx_word' id='word_1_333' title='bbox 1951 3578 1985 3613; x_wconf 86' lang='lat'>2.</span> <span class='ocrx_word' id='word_1_334' title='bbox 2114 3578 2139 3614; x_wconf 90' lang='lat' dir='ltr'>i.</span> <span class='ocrx_word' id='word_1_335' title='bbox 2175 3579 2324 3616; x_wconf 90' lang='lat' dir='ltr'>omnino</span> <span class='ocrx_word' id='word_1_336' title='bbox 2353 3590 2429 3616; x_wconf 83' lang='lat' dir='ltr'>ser-</span> 
     </span>
     <span class='ocr_line' id='line_1_40' title="bbox 495 3640 2237 3681; baseline 0.003 -6"><span class='ocrx_word' id='word_1_337' title='bbox 495 3641 604 3676; x_wconf 81' lang='lat' dir='ltr'>vetur</span> <span class='ocrx_word' id='word_1_338' title='bbox 628 3640 737 3676; x_wconf 81' lang='lat' dir='ltr'>illesa</span> <span class='ocrx_word' id='word_1_339' title='bbox 764 3643 799 3678; x_wconf 88' lang='lat'>3.</span> <span class='ocrx_word' id='word_1_340' title='bbox 927 3642 964 3679; x_wconf 90' lang='lat' dir='ltr'>k.</span> <span class='ocrx_word' id='word_1_341' title='bbox 991 3643 1204 3680; x_wconf 83' lang='lat' dir='ltr'>Bernardus</span> <span class='ocrx_word' id='word_1_342' title='bbox 1237 3663 1276 3669; x_wconf 89' lang='lat'>—</span> <span class='ocrx_word' id='word_1_343' title='bbox 1309 3644 1423 3680; x_wconf 83' lang='lat' dir='ltr'>abbas</span> <span class='ocrx_word' id='word_1_344' title='bbox 1452 3658 1522 3681; x_wconf 90' lang='lat' dir='ltr'>om.</span> <span class='ocrx_word' id='word_1_345' title='bbox 1545 3645 1580 3680; x_wconf 87' lang='lat'>3.</span> <span class='ocrx_word' id='word_1_346' title='bbox 1709 3642 1734 3679; x_wconf 94' lang='lat'>1.</span> <span class='ocrx_word' id='word_1_347' title='bbox 1761 3642 1859 3678; x_wconf 80' lang='lat' dir='ltr'>Data</span> <span class='ocrx_word' id='word_1_348' title='bbox 1891 3661 1931 3666; x_wconf 93' lang='lat'>——</span> <span class='ocrx_word' id='word_1_349' title='bbox 1961 3642 2038 3679; x_wconf 91' lang='lat' dir='ltr'>ind.</span> <span class='ocrx_word' id='word_1_350' title='bbox 2060 3644 2080 3679; x_wconf 89' lang='lat'>1</span> <span class='ocrx_word' id='word_1_351' title='bbox 2110 3657 2178 3679; x_wconf 88' lang='lat' dir='ltr'>om.</span> <span class='ocrx_word' id='word_1_352' title='bbox 2202 3645 2237 3681; x_wconf 81' lang='lat'>3.</span> 
     </span>
    </p>
   </div>
   <div class='ocr_carea' id='block_1_8' title="bbox 613 3704 1051 3751">
    <p class='ocr_par' dir='ltr' id='par_1_8' title="bbox 613 3704 1051 3751">
     <span class='ocr_line' id='line_1_41' title="bbox 613 3704 1051 3751; baseline 0.007 -5"><span class='ocrx_word' id='word_1_353' title='bbox 613 3705 654 3747; x_wconf 87' lang='lat'>1.</span> <span class='ocrx_word' id='word_1_354' title='bbox 684 3704 942 3749; x_wconf 87' lang='lat' dir='ltr'>Heinricum</span> <span class='ocrx_word' id='word_1_355' title='bbox 970 3706 1051 3751; x_wconf 93' lang='lat' dir='ltr'>IV.</span> 
     </span>
    </p>
   </div>
  </div>
 </body>
</html>
