2730 4198
825 287 1099 326 GREGORH
1137 289 1215 326 v11
1251 288 1515 327 REGISTRI
1551 289 1633 326 v11
1666 288 1756 325 148..
2156 275 2261 328 401

323 405 458 456 sedis
483 403 564 456 vel
585 404 974 474 metropolitani
997 408 1083 457 sui
1106 424 1351 458 consensu
1371 416 1637 476 pastorem
1662 406 1766 458 sibi
1789 406 2068 458 secundum
2092 405 2266 457 Deum
2314 411 2428 454 1080

324 499 494 569 eliqat.
557 498 760 564 Quodsi
796 512 1069 570 corruptus
1109 498 1288 571 aliquo
1327 504 1451 554 vitio
1483 502 1636 554 aliter
1661 520 1813 571 aqere
1829 503 2262 572 praesumpserit,
2297 471 2403 508 Mart.
2424 473 2446 508 ⁷

323 595 581 648 electionis
599 613 882 665 perperam
904 597 1090 665 factae
1116 599 1260 649 omni
1279 596 1480 665 fructu
1505 598 1726 658 carebit3
1763 608 1810 649 et
1834 598 1896 649 de
1922 607 2117 649 caetero
2144 597 2263 649 nul-

323 691 429 742 lam
468 691 726 743 electionis
763 702 1066 761 potestatem
1104 692 1333 753 habebit;
1382 691 1640 743 electionis
1678 711 1796 744 vero
1833 702 2058 761 potestas
2100 694 2265 744 omnis

321 787 378 838 in
417 786 787 839 deliberatione
824 789 959 840 sedis
998 788 1313 858 apostolicae
1350 788 1456 838 sive
1481 788 1872 857 ‘metropolitani
1893 790 1980 839 sui
2003 790 2262 840 consistat.

323 881 391 936 Si
426 883 560 934 enim
598 885 661 947 is,
704 885 777 934 ad
814 902 964 953 quem
1002 884 1315 935 consecratio
1348 884 1591 951 pertinet,
1633 901 1739 935 non
1773 885 1872 936 rite
1898 885 2262 948 consecrand0,

320 988 441 1030 teste
478 978 622 1030 beato
650 977 839 1043 Leone,
878 981 1107 1048 qratiam
1146 978 1510 1030 benedictionis
1551 980 1756 1043 amittit,
1799 989 2162 1048 consequenter
2198 981 2262 1044 is,

321 1075 416 1142 qui
438 1075 511 1126 ad
525 1092 756 1144 prava-m
781 1074 1072 1126 electionem
1098 1073 1450 1137 declinaverit,
1485 1073 1711 1143 eliyendi
1726 1084 1981 1144 potestate
1998 1077 2262 1145 privatur.

601 1189 759 1243 Item
808 1189 1392 1243 excommunicatio
1442 1190 1618 1257 regis
1668 1189 1975 1244 Heinrici.

466 1287 654 1339 Beate⁸
677 1287 832 1339 Petre
867 1288 1113 1356 princeps
1153 1286 1507 1356 apostolorum
1546 1297 1594 1339 et
1631 1297 1686 1339 tu
1725 1288 1866 1339 beate
1890 1287 2061 1340 Paule
2087 1289 2266 1341 doctor

314 1384 563 1452 qentium,
604 1379 930 1452 diqnaminib
959 1399 1113 1450 queso
1153 1400 1305 1434 aures
1344 1392 1538 1434 vestras
1578 1384 1650 1434 ad
1687 1402 1766 1435 me
1803 1383 2062 1435 inclinare
2084 1401 2266 1453 meque

318 1478 585 1530 clementer
633 1479 895 1530 exaudire.
969 1476 1110 1543 Quia
1156 1479 1388 1530 veritatis
1429 1481 1546 1530 estis
1587 1479 1863 1548 discipuli⁰
1905 1489 1952 1531 et
1988 1490 2261 1544 amatores,

318 1575 575 1638 adiuvate,
617 1583 674 1626 ut
710 1576 972 1626 veritatem
1009 1574 1153 1625 vobis
1193 1575 1390 1638 dicam,
1425 1576 1569 1626 omni
1602 1585 1798 1627 remota
1822 1575 2068 1643 falsitate
2107 1594 2265 1645 quam
2341 1618 2344 1621 .

319 1671 526 1722 omnino
568 1671 894 1722 detestamini
903 1689 920 1731 ,-
958 1679 1016 1721 ut
1038 1669 1244 1738 fratres
1283 1672 1386 1721 mei
1413 1671 1595 1722 melius
1621 1671 1782 1722 michi
1818 1672 2174 1740 adquiescant,
2219 1682 2267 1724 et

318 1768 487 1818 sciant
524 1776 570 1817 et
605 1765 926 1834 intelliqant:
969 1767 1095 1834 quia
1135 1784 1195 1817 em
1221 1776 1390 1817 vestra
1403 1766 1609 1832 fiducia
1627 1777 1753 1836 post
1776 1766 1951 1818 Deum
1978 1777 2024 1819 et
2047 1775 2264 1819 matrem

320 1863 427 1913 eius
475 1879 673 1930 semper
720 1862 975 1930 virqinem
1011 1861 1247 1913 Mariam
1278 1863 1466 1931 pravis
1507 1872 1553 1914 et
1588 1864 1785 1931 iniquis
1823 1864 2004 1915 resisto
2018 1902 2033 1928 ,
2082 1866 2263 1915 vestris

320 1966 489 2008 aute-m
522 1956 768 2023 fidelibus
817 1957 1074 2008 auxilium
1104 1967 1332 2026 praest0.
1461 1957 1560 2009 Vos
1602 1960 1736 2009 enim
1774 1960 1944 2010 scitis:
1993 1961 2120 2028 quia
2157 1977 2265 2011 non

322 2052 533 2104 libenter
571 2053 643 2103 ad
667 2070 872 2103 sacrum
904 2053 1136 2104 ordinem
1163 2055 1356 2104 accessi
1365 2072 1382 2114 ,·
1424 2063 1470 2105 et
1506 2055 1699 2105 invitus
1738 2054 1878 2106 ultra
1915 2065 2109 2107 montes
2149 2073 2265 2107 cum

319 2145 558 2199 dominod
575 2166 729 2217 papa
759 2145 1012 2216 Greqorio
1030 2143 1042 2166 ¹
1067 2148 1192 2213 abii,
1234 2149 1324 2200 sed
1360 2151 1528 2218 maqis
1555 2151 1746 2202 invitus
1773 2168 1890 2201 cum
1915 2152 2124 2202 domino
2152 2169 2262 2203 meo
2297 2157 2409 2201 1047

314 2261 462 2312 papa
500 2237 699 2294 Leone²
738 2244 810 2294 ad
847 2253 1070 2295 vestram
1108 2244 1382 2313 specialem
1422 2244 1685 2295 ecclesiam
1723 2247 1885 2310 redii,
1938 2248 1994 2298 in
2035 2264 2140 2316 qua
2178 2257 2261 2300 ut-
2295 2253 2409 2297 1049

316 2356 516 2407 cunque
562 2338 706 2390 vobis
753 2339 1031 2400 deservivi3
1082 2340 1266 2391 deinde
1312 2339 1464 2391 valde
1501 2341 1693 2391 invitus
1734 2360 1850 2392 cum
1887 2342 2045 2394 multo
2087 2343 2264 2394 dolore

317 2444 364 2486 et
406 2436 598 2503 qemitu
647 2453 710 2486 ac
739 2434 961 2504 planctu
1000 2436 1058 2486 in
1097 2435 1279 2487 throno
1319 2445 1484 2487 vestro
1525 2436 1677 2488 valde
1714 2438 1963 2507 indiqnus
2001 2457 2116 2490 sum
2155 2439 2259 2490 col·
2294 2444 2409 2489 1073

319 2529 528 2581 locatus.
587 2529 723 2581 Hec⁰
762 2532 878 2582 ideo
918 2532 1052 2596 dicO,
1096 2534 1366 2601 quianon
1407 2550 1496 2601 eqo
1536 2550 1643 2596 vos,
1687 2534 1777 2584 sed
1813 2551 1902 2585 vos
1935 2535 2155 2604 eleqistis
2182 2553 2262 2588 me

318 2634 365 2676 et
384 2626 751 2694 qravissimum
768 2628 980 2695 pondus
1006 2638 1203 2680 vestrae
1233 2628 1471 2680 ecclesiae
1497 2626 1684 2698 supra‘
1708 2648 1789 2680 me
1806 2632 2078 2699 posuistis.
2190 2631 2263 2683 Et

317 2722 443 2788 quia
492 2739 649 2789 super
694 2732 917 2773 montem
962 2723 1214 2776 excelsum
1258 2742 1339 2776 me
1375 2726 1598 2777 iussistis
1639 2727 1912 2777 ascendere
1951 2737 1998 2779 et
2035 2727 2262 2778 clamare

316 2825 469 2884 atque
499 2818 819 2868 annunciare
855 2818 1052 2887 populo
1079 2819 1188 2871 Dei
1222 2820 1414 2872 scelera
1455 2839 1630 2872 eorum
1657 2831 1704 2873 et
1714 2821 1848 2887 filiis
1877 2822 2115 2874 ecclesiae
2131 2840 2258 2891 pec-

315 2920 432 2963 cata
482 2906 704 2976 eorum3,
754 2913 983 2965 membra
1021 2915 1222 2966 diaboli
1257 2926 1439 2968 contra
1476 2935 1556 2967 me
1595 2927 1869 2986 coeperunt
1904 2919 2176 2986 insurqere
2214 2929 2261 2970 et

313 3025 476 3076 usque
514 3009 586 3059 ad
622 3010 926 3076 sanquinem
955 3022 1423 3080 praesumpserunt
1459 3013 1516 3063 in
1555 3030 1634 3063 me
1660 3031 1845 3063 manus
1872 3020 2026 3064 suas‘3
2050 3016 2255 3066 inicere.

313 3103 606 3156 Astiterunt
644 3102 807 3155 enimh
833 3123 975 3174 reqes
1016 3115 1182 3158 terrae
1220 3117 1267 3159 et
1295 3109 1566 3176 principes
1606 3108 1895 3160 saeculares
1935 3118 1982 3161 et
2020 3109 2258 3160 ecclesia-

313 3201 444 3264 stici,
487 3199 651 3251 aulici
687 3201 840 3251 etiam
880 3211 925 3253 et
961 3202 1201 3271 vulqares
1229 3213 1572 3254 convenerunt
1597 3205 1652 3254 in
1678 3223 1840 3255 unum
1866 3205 2113 3256 adversus
2141 3205 2257 3256 Do-

311 3297 511 3347 minum
559 3305 605 3348 et
650 3297 897 3348 adversus
946 3315 1035 3357 vos
1085 3298 1301 3350 christos
1342 3300 1476 3362 eius,
1529 3299 1776 3350 dicentes:
1825 3338 1853 3362 „
1871 3299 2258 3370 Dirumpamus

428 3466 461 3491 a.
499 3455 632 3492 abhinc
666 3457 800 3505 legitur
835 3459 946 3493 etiam
988 3455 1024 3503 3)
1064 3471 1123 3505 ap.
1156 3460 1304 3507 Hugon.
1324 3459 1452 3501 Flav.,
1492 3461 1594 3495 Mon.
1621 3460 1737 3495 Germ.
1766 3460 1832 3497 SS.
1864 3460 1961 3496 VIII
1985 3460 2082 3506 451,
2125 3459 2162 3506 4)
2193 3475 2254 3508 op.

313 3521 449 3558 Udalr.
467 3521 697 3572 Babenberg.
716 3537 750 3559 n.
767 3522 853 3567 150,
881 3523 1052 3560 Eccardi
1071 3525 1181 3570 Corp.
1201 3525 1285 3561 hist.
1304 3526 1344 3561 II
1362 3523 1449 3561 152.
1551 3523 1589 3560 b.
1617 3523 1821 3570 dignemini
1839 3526 1874 3561 2.
1980 3536 2012 3562 c.
2041 3526 2203 3573 apostoli
2221 3528 2255 3563 3.

313 3585 350 3623 d.
377 3596 460 3622 meo
489 3586 582 3622 add.
601 3588 638 3624 2.
657 3589 693 3624 3.
797 3599 830 3625 e.
857 3587 936 3624 Nec
964 3603 995 3624 c.
1099 3588 1126 3625 f.
1154 3600 1268 3637 super
1288 3590 1323 3626 2.
1342 3591 1376 3626 3.
1482 3601 1516 3637 g.
1546 3601 1634 3627 suas
1662 3605 1732 3627 om.
1752 3592 1788 3627 3.
1807 3592 1845 3627 4.
1947 3591 1986 3628 h.
2015 3592 2114 3628 enim
2136 3606 2203 3629 om.
2221 3593 2256 3628 3.

432 3664 471 3708 1.
502 3664 581 3721 VI,
613 3678 729 3710 anno
763 3666 891 3710 1047.
1013 3667 1054 3711 2.
1087 3667 1167 3725 IX,
1199 3680 1318 3712 anno
1351 3669 1479 3713 1049.
1600 3669 1642 3713 3.
1677 3667 1744 3714 Cf.
1767 3669 1872 3714 Isai.
1895 3669 1965 3726 58,
1990 3671 2029 3714 1.

385 3742 514 3785 Jurfi.
542 3746 776 3782 Bibliotheca
801 3749 846 3783 11.
1845 3751 1903 3795 26
