2722 4172
835 289 1110 329 GREcossn
1144 259 1224 328 vn
1258 289 1524 329 REGISTm
1558 291 1581 328 1
1605 289 1667 326 47.
2146 278 2214 331 67

279 406 344 459 ab
391 416 594 459 aeterno
641 408 853 461 interitu
909 411 1140 461 animam
1185 409 1378 474 calvat,
1439 427 1572 479 quae
1617 409 1766 461 illam
1812 407 1960 460 nobis
2006 419 2219 462 mortem

2279 415 2393 459 1074

2166 507 2176 517 ,
2245 473 2352 512 Febr.
2373 477 2419 514 16

276 504 533 573 uniqeniti
559 521 662 573 per
688 507 989 574 mysterium
1025 515 1253 576 reparat.
1315 503 1447 570 Qui⁶
1488 505 1616 569 lieet,
1658 522 1872 575 eurqene
1911 524 1945 556 a
1981 515 2214 571 mortuie,

276 601 386 651 iam
429 618 536 652 non
581 602 803 652 moritur
841 611 888 654 et
930 620 1070 654 mors
1122 604 1171 653 ei
1215 601 1355 653 ultra
1391 619 1497 652 non
1536 601 1903 666 dominabitur,
1956 610 2125 653 tamen
2161 603 2219 654 in

276 713 330 747 8e
373 697 488 765 ipeo
544 697 908 749 immortaliter
955 707 1108 766 atque
1158 694 1623 765 incorruptibiliter
1667 698 1865 762 vicena,
1916 716 2022 767 pro
2071 697 2219 750 nobie

276 793 461 844 iterum
497 794 555 844 in
593 793 688 845 hoe
724 795 968 863 mysterio
1007 810 1186 844 caerae
1225 792 1499 844 oblationi?
1526 792 1852 855 immolatum
1894 795 1999 844 eius
2028 795 2221 864 quippe

275 887 354 940 ibi
394 907 583 959 corpu&
621 891 858 954 sumitur,
909 890 1016 941 eius
1055 906 1177 940 earo
1215 890 1272 939 in
1303 887 1501 958 populi
1534 886 1778 941 salutemb
1808 891 2062 959 partitur,
2113 891 2220 942 eius

277 987 491 1054 sanquie
529 1003 635 1037 non
672 988 781 1037 iam
818 988 875 1037 in
912 1003 1096 1036 manus
1135 983 1438 1051 infidelium,
1481 986 1571 1036 secl
1608 987 1666 1037 in
1697 1003 1791 1037 ora
1816 985 2056 1053 fidelium
2079 986 2218 1055 fun-

278 1082 436 1133 ditur.
495 1080 637 1134 Hine
677 1099 795 1151 erqo
825 1098 1118 1152 pensemue,
1161 1080 1314 1149 quale
1347 1082 1416 1132 sit
1444 1099 1550 1150 pro
1587 1081 1735 1133 nobis
1771 1081 1865 1134 hoo
1890 1082 2217 1150 eaeri'j‘ioium,

279 1178 420 1247 quod
446 1195 552 1247 pro
591 1177 912 1230 absolutione
935 1186 1114 1229 nostra
1134 1178 1437 1246 paccionem
1461 1179 1719 1248 uniyeniti
1740 1178 1853 1245 filii
1874 1197 2074 1249 comper
2099 1181 2218 1231 imi—

277 1283 431 1326 tatur.
501 1271 639 1339 Quisj
661 1275 796 1325 enim
820 1273 1061 1340 fidelium
1087 1272 1271 1324 habere
1309 1274 1524 1325 dubium
1553 1276 1743 1344 poeeit,
1784 1276 1842 1326 in
1879 1277 1999 1345 ipea
2035 1278 2218 1329 immo-

277 1369 485 1421 lationis
532 1369 664 1421 liora
708 1370 781 1421 ad
826 1370 1107 1422 sacerdotis
1155 1388 1328 1422 vocem
1374 1370 1538 1423 coelos
1586 1373 1810 1441 aperiri,
1860 1374 1918 1424 in
1963 1373 2054 1424 illo
2101 1372 2221 1425 Iesu

275 1463 468 1518 Chri8ti
508 1467 750 1535 mysterio
801 1466 1104 1536 anyelorum
1143 1466 1323 1519 cboroe
1363 1468 1539 1519 adesse
1548 1507 1563 1532 ,
1612 1470 1825 1520 cummis
1863 1470 1972 1520 ima
2008 1470 2216 1534 sociari,

273 1571 476 1615 terrena
524 1562 819 1614 coelectibue
856 1563 1032 1632 iunyi,
1083 1571 1374 1633 unumque⁶
1415 1583 1476 1616 ea
1513 1564 1804 1617 visibilibus
1843 1575 1998 1634 atque
2035 1567 2218 1617 invisi-

273 1658 461 1711 bilibus
485 1659 650 1734 fieri?
700 1656 833 1712 Item
870 1656 1123 1711 Iohannes
1164 1655 1517 1712 Grisostomus
1563 1660 1863 1730 patriarcha
1901 1660 1967 1713 ad
2004 1659 2220 1731 neophi-

273 1757 355 1807 tos
372 1750 409 1807 ¹:
452 1754 645 1820 Videte,
688 1757 1123 1825 quemadmodum
1151 1773 1398 1825 sponsam
1422 1757 1526 1809 sibi
1550 1755 1781 1811 Christus
1808 1760 2103 1820 coniunxit3
2141 1760 2218 1810 vi-

273 1852 409 1916 dete,
461 1870 563 1921 quo
601 1869 691 1904 voe
730 1852 842 1904 cibo
881 1853 1130 1904 satietatie
1171 1854 1375 1904 enutrit.
1447 1853 1569 1923 Ipse
1605 1855 1754 1906 nobis
1793 1855 1898 1907 cibi
1932 1854 2221 1907 substantia

274 1957 348 2000 eet
383 1957 535 2017 atque
571 1950 953 2001 nutrimentum.
1011 1948 1156 2000 Nam
1197 1951 1330 2001 oiout
1358 1949 1560 2015 mulier,
1603 1951 1888 2020 affectionis
1913 1961 2107 2004 natura
2134 1970 2218 2004 co-

269 2020 432 2114 9ente,
459 2046 694 2114 yenitum
719 2045 857 2096 alere
882 2047 968 2097 sui
992 2045 1138 2097 lactis
1149 2045 1510 2113 foecunditate
1518 2047 1762 2116 festinat,
1794 2050 1870 2099 sic
1896 2057 1943 2101 et
1968 2046 2216 2113 Christus,

273 2158 402 2209 quos
442 2143 554 2211 ipse
590 2152 883 2211 re9enerat,
933 2160 1026 2194 suo
1074 2145 1328 2212 sanquine
1365 2161 1565 2213 semper
1603 2146 1808 2197 enutrit.
1886 2142 2123 2212 Etenim,
2163 2148 2222 2198 ut

269 2234 409 2288 idem
439 2234 692 2289 Iohannes
720 2235 900 2290 scribit
930 2237 997 2290 ad
1023 2237 1350 2291 Theodorum
1385 2239 1698 2292 monachum
1708 2235 1743 2307 ²,
1781 2241 2035 2293 lubricum
2057 2260 2219 2311 9enu8

271 2343 345 2386 eet
379 2343 573 2386 natura
608 2335 872 2397 mortali33
913 2337 1010 2388 cito
1048 2337 1256 2405 quidem
1285 2335 1494 2401 labitur,
1537 2338 1627 2388 sed
1650 2354 1757 2389 non
1782 2355 1895 2389 sero
1921 2348 2216 2408 reparatur,

272 2439 319 2482 et
366 2439 424 2482 ut
452 2429 624 2498 facile
662 2432 826 2496 cadit,
875 2433 952 2484 ita
992 2441 1037 2484 et
1073 2432 1313 2485 velociter
1351 2435 1534 2502 suryit.
1687 2431 1975 2502 DebemUS,
2025 2450 2054 2486 o
2093 2432 2217 2502 filia,

274 2524 339 2577 ad
393 2524 490 2578 hoc
546 2525 810 2592 singulare
857 2527 1134 2595 confugere
1187 2532 1567 2582 sacramentum
1584 2570 1598 2597 ,
1658 2529 1920 2598 singulare
1973 2534 2218 2601 appetere

273 2619 722 2674 medicamentum.
780 2622 924 2676 Haec
959 2623 1094 2692 ideo,
1133 2624 1444 2678 karissimad
1482 2625 1623 2679 beati
1646 2624 1791 2679 Petri
1827 2624 1951 2694 filia,
1993 2626 2218 2680 scribere

272 2717 564 2786 procuravi,
603 2722 666 2770 ut
697 2716 826 2771 fides
867 2735 926 2772 ac
962 2718 1152 2773 fiducia
1187 2721 1244 2774 in
1271 2721 1570 2792 accipiendo
1596 2737 1785 2792 corpus
1813 2721 2026 2774 Domini
2050 2722 2218 2776 maior
2300 2765 2301 2768 η

270 2812 367 2866 tibi
417 2817 690 2866 accrescat.
769 2814 949 2868 Talem
997 2799 1206 2885 quidem
1263 2817 1567 2871 thesaurum
1613 2818 1840 2888 taliaque
1890 2818 2051 2886 dona,
2110 2835 2217 2872 non

270 2926 480 2977 aurum,
519 2926 626 2962 non
661 2908 863 2979 lapides
901 2913 1179 2981 preciosos,
1222 2931 1397 2967 amore
1435 2914 1601 2984 patris
1640 2915 1733 2983 tui,
1774 2915 2036 2968 coelorum
2073 2915 2216 2968 vide-

268 3004 391 3058 licet
427 3005 707 3075 principiS,
754 3023 785 3058 a
822 3023 905 3060 me
945 3011 1036 3060 tua
1070 3010 1290 3077 requirit
1329 3010 1518 3079 anima,
1558 3010 1681 3064 licet
1719 3011 1782 3064 ab
1823 3011 1937 3063 aliis
1977 3011 2215 3064 sacerdo-

269 3101 407 3156 tibus
445 3101 598 3170 longe
635 3102 853 3155 meliora
890 3119 985 3172 pro
1024 3105 1224 3158 meritis
1265 3107 1499 3176 accipere
1537 3107 1724 3178 possis.
1783 3106 1863 3160 De
1897 3111 2064 3159 matre
2089 3124 2212 3160 vero

267 3196 483 3252 Domini
509 3229 579 3234 —
607 3199 690 3252 cui
727 3203 778 3252 te
816 3200 1176 3269 principaliter
1210 3203 1446 3255 commisi
1480 3207 1531 3256 et
1557 3203 1825 3256 committo
1867 3207 1918 3256 et
1944 3220 2213 3272 nunquam

268 3295 615 3363 committere,
659 3311 924 3367 quousque
961 3296 1107 3348 illam
1143 3297 1412 3351 videamus
1452 3303 1510 3351 ut
1548 3299 1809 3368 cupimuS,
1862 3299 2101 3351 omittam
2141 3329 2210 3336 —

270 3390 394 3458 quid
430 3391 528 3444 tibi
567 3391 751 3460 dicam,
794 3407 950 3459 quam
989 3391 1190 3445 coelum
1229 3397 1281 3446 et
1317 3398 1458 3447 terra
1482 3394 1713 3461 laudare,
1753 3394 1876 3447 licet
1900 3399 1959 3448 ut
1982 3399 2211 3448 meretur

267 3491 553 3556 nequeant,
601 3504 707 3540 non
745 3488 982 3541 cessant?
1040 3488 1151 3541 Hoc
1189 3493 1364 3542 tamen
1402 3489 1584 3559 procul
1622 3489 1776 3543 dubio
1814 3494 2018 3560 teneaS,
2070 3492 2207 3561 quia,

384 3622 418 3648 a.
452 3612 554 3660 quod
580 3627 611 3649 c.
739 3613 776 3650 b.
806 3612 925 3651 salute
954 3629 984 3651 c.
1116 3625 1146 3651 c.
1175 3625 1290 3651 unum
1317 3613 1408 3662 quid
1435 3630 1464 3650 c.
1598 3614 1635 3651 d.
1663 3614 1908 3653 dilectissima
1935 3618 1970 3653 2.

388 3690 426 3734 1.
460 3689 505 3735 S.
529 3690 838 3749 Chrysostomi
858 3705 961 3749 opp.
980 3692 1050 3737 ed.
1072 3693 1254 3737 Parisiis
1279 3694 1405 3751 1588,
1430 3694 1483 3738 Τ.
1501 3694 1544 3739 V
1565 3695 1665 3738 621.
1808 3697 1850 3739 2.
1882 3696 1911 3739 l.
1929 3696 1958 3739 l.
1981 3695 2081 3740 859.
2104 3696 2205 3740 860.

1780 3778 1808 3821 5
1824 3775 1854 3804 κ
