2730 4198
784 287 1131 326 BONITHoms
1169 289 1247 325 AD
1286 288 1512 326 AMICUM
1549 289 1657 325 Lm.
1686 288 1749 325 111
2129 274 2234 326 617

443 403 547 458 Sed
585 420 702 458 cum
739 404 1134 474 prenominatus
1159 403 1439 459 Lotharius
1479 421 1601 475 sepe
1640 404 1671 458 a
1698 419 1840 474 papa
1862 402 2076 456 Nicolao
2105 408 2242 458 esset
2271 413 2519 457 862—869

296 501 637 568 ammonitUS,
689 504 748 553 ut
786 499 1141 554 Gualdradam
1180 501 1400 571 pelicem
1440 517 1589 553 suam
1627 499 1939 567 dimitteret,
1993 502 2044 552 et
2080 500 2243 553 nollet

296 597 639 664 acquiescere,
668 597 980 649 sententiam
1005 597 1198 650 meruit
1224 595 1788 650 excommunicationis.
1835 593 2022 648 Infelix
2050 598 2241 663 autem,

294 708 400 744 non
445 692 758 762 resipiscens
807 696 886 746 set
931 693 1158 746 adiciens
1196 696 1464 762 peccatum
1505 694 1746 761 peccate,
1799 707 1955 743 ausus
1995 693 2074 743 est
2110 690 2244 743 infa-

295 803 439 841 mare
488 787 737 841 domnum
783 805 976 858 papam
1029 789 1249 842 senioris
1286 787 1509 853 Romae3
1561 790 1613 839 et
1648 786 1765 838 ideo
1803 802 1909 838 non
1949 785 2117 838 solum
2155 801 2245 839 ex-

294 884 725 952 communicatur,
767 888 847 937 set
884 884 1043 937 etiam
1080 883 1343 954 imperiali
1381 882 1637 950 dignitate
1677 884 1728 934 61
1756 881 1898 934 0111111
1922 880 2244 934 Francorum

294 983 553 1050 potestate
601 981 868 1051 depositus
918 984 997 1034 est
1012 977 1039 1032 ¹.
1193 978 1424 1042 Quantas
1469 994 1593 1031 vero
1634 977 1957 1031 calamitates
1994 977 2244 1031 Romanis
2275 985 2362 1029 869

293 1075 379 1129 hic
423 1075 686 1145 intulerit,
737 1081 790 1131 et
837 1075 1059 1145 qualiter
1105 1074 1353 1128 domnum
1392 1069 1618 1144 papam²
1655 1073 1987 1127 iniuriaverit
2024 1090 2245 1142 eumque

295 1171 395 1225 sibi
441 1172 697 1225 rationem
744 1171 1142 1242 pretendentem
1190 1170 1471 1241 spreverit,
1535 1172 1588 1223 et
1635 1169 1892 1238 quomodo
1941 1169 2246 1223 aecclesiam

294 1267 461 1321 sancti
486 1267 630 1321 Petri
668 1268 886 1320 militari
924 1284 1083 1320 manu
1121 1265 1428 1336 possederit,
1471 1268 1523 1318 et
1562 1281 1719 1334 quam
1743 1266 2052 1336 turpissima
2077 1271 2245 1320 morte

292 1363 533 1434 perierit,
573 1367 832 1417 testantur
873 1367 924 1417 et
961 1362 1283 1416 Francorum
1322 1358 1621 1432 hystoriae³
1663 1366 1715 1415 et
1751 1362 1985 1432 ipsorum
2023 1378 2244 1431 regnum

292 1476 457 1529 usque
493 1459 647 1513 hodie
686 1459 927 1512 divisum.

439 1555 662 1623 Interea,
705 1554 1023 1608 Francorum
1064 1570 1225 1622 regno
1264 1570 1359 1624 per
1398 1553 1698 1624 superbiam
1738 1554 2102 1623 exterminatO,
2142 1554 2246 1608 Ita-

290 1651 451 1706 licum
488 1669 710 1719 regnum
748 1651 921 1704 varias
960 1650 1257 1721 patiebatur
1297 1650 1638 1703 calamitates
1697 1649 1834 1703 Nam
1871 1667 2010 1704 nunc
2036 1651 2246 1720 quidem

292 1765 387 1818 per
435 1747 900 1816 Longobardorum
947 1746 1310 1817 tyrannidem,
1364 1746 1645 1815 aliquando
1693 1763 1815 1800 vero
1863 1764 1959 1817 per
2005 1746 2246 1815 Burgun-

293 1844 507 1897 dionum
551 1843 880 1912 violentiam,
931 1842 1239 1913 plerumque
1287 1859 1410 1896 vero
1450 1860 1546 1912 per
1586 1842 2024 1897 Sarracenorum⁸
2064 1860 2246 1914 super-

292 1940 435 1994 biam
472 1957 578 1993 non
615 1939 908 2008 regebatur,
949 1942 1029 1992 set
1065 1939 1242 2008 potius
1281 1938 1600 1992 vastabatur.
2137 1947 2144 1952 “

441 2035 642 2089 Eodem
691 2052 894 2105 quoque
940 2039 1174 2105 tempore
1212 2034 1450 2088 Romana
1489 2034 1742 2089 aecclesia
1777 2035 2086 2105 periculosis
2127 2036 2247 2090 sub-

292 2131 496 2185 iacebat
553 2131 800 2186 cladibus
869 2130 1006 2184 Nam
1052 2130 1302 2184 Romanis
1359 2130 1613 2184 auxilium
1659 2130 2063 2201 imperatoribus
2110 2132 2247 2187 ferre
2301 2160 2305 2163 ·

292 2244 398 2281 non
434 2227 728 2282 valentibus
773 2231 990 2298 propter
1027 2226 1464 2280 Sarracenorumb
1501 2227 1951 2296 frequentissimos
1989 2228 2246 2298 incurSUS,

291 2322 507 2377 Francis
545 2327 605 2377 ut
643 2324 881 2394 superius
921 2323 1149 2376 diximus
1189 2322 1372 2376 divisis
1412 2326 1464 2376 et
1502 2322 1566 2376 ab
1599 2323 1851 2377 aecclesia
1890 2325 2245 2394 sequestratis,

292 2419 436 2474 urbis
462 2419 656 2474 Romae
695 2419 973 2490 capitanei,
1013 2435 1205 2472 nomen
1245 2418 1346 2473 sibi
1383 2419 1540 2472 inane
1578 2418 1889 2489 inponentes
1918 2420 2244 2490 patriciatUS,

293 2514 583 2569 Romanam
621 2516 926 2569 aecclesiam
961 2515 1283 2569 validissime
1323 2515 1742 2569 devastaverunt.

442 2610 590 2674 Quod
637 2629 831 2665 nomen
879 2611 997 2665 ideo
1045 2612 1230 2665 inane:
1281 2612 1404 2681 quia
1451 2612 1508 2665 in
1553 2611 1803 2664 Romanis
1851 2610 2104 2665 fastibus⁰
2149 2629 2246 2667 1166

294 2723 621 2776 paganorum
667 2711 903 2777 tempore
948 2724 1045 2761 1166
1091 2708 1495 2762 christianorum
1549 2725 1773 2777 usquam
1818 2708 2098 2761 invenitur.
2189 2707 2246 2762 Si

295 2803 437 2856 enim
475 2803 702 2871 dignitas
751 2807 888 2857 esset
927 2803 1126 2872 aliqua,
1178 2808 1269 2858 aut
1305 2821 1400 2874 per
1437 2804 1572 2857 hanc
1608 2807 1851 2873 tempora
1885 2804 2246 2858 invenirentur

295 2899 524 2968 signata,
566 2903 656 2953 aut
693 2899 834 2967 leges
872 2899 1261 2970 promulgatae,
1313 2903 1404 2953 aut
1439 2899 1648 2953 tabulae
1684 2899 1982 2967 insignitae.
2061 2899 2153 2953 Set
2188 2900 2245 2954 in

293 2995 542 3049 Romanis
591 2995 792 3064 legibus
841 3012 1101 3065 nusquam
1148 2995 1253 3049 tale
1301 2995 1498 3064 aliquid
1545 2995 1825 3049 invenitur.
1890 2994 2088 3050 Verum
2133 3001 2243 3051 esto

296 3091 472 3162 aliqua
522 3092 751 3160 dignitas
803 3092 869 3145 ad
926 3091 1347 3146 constituendum
1392 3092 1571 3145 forsan
1617 3091 1991 3162 imperatorem
2035 3092 2243 3161 habilis,

410 3251 444 3277 a.
471 3242 527 3278 sic
554 3241 704 3287 scripsit
734 3239 942 3276 Walterich
966 3253 1037 3287 pro
1067 3238 1274 3276 Salicorum
1301 3239 1386 3276 cod.
1506 3239 1543 3276 b.
1571 3241 1627 3276 sic
1654 3242 1814 3277 correxit
1838 3241 1987 3279 Stenzel
2014 3237 2246 3286 (Geschichte

293 3305 576 3344 Deutschlands
604 3314 707 3342 unter-
734 3306 804 3342 den
831 3305 1081 3344 Frlt'nliischen
1108 3307 1271 3343 Kaisern
1298 3308 1341 3343 ΙΙ
1366 3303 1428 3352 79)
1459 3306 1675 3342 senatorum
1702 3306 1786 3342 cod.
1908 3316 1940 3342 c.
1967 3305 2132 3342 fascibus
2160 3320 2191 3342 c.

414 3385 454 3428 1.
486 3383 749 3428 Lotharium
778 3384 824 3428 Π
852 3396 1006 3440 regem
1037 3395 1185 3439 neque
1219 3383 1472 3441 „imperiali
1501 3381 1758 3440 dignitate“
1791 3396 1948 3440 usum,
1985 3396 2131 3440 neque
2163 3387 2244 3428 aut

293 3458 379 3502 rite
400 3458 840 3502 excommunicatum
870 3461 949 3501 aut
978 3457 1158 3501 omnino
1179 3456 1404 3500 deiectum
1426 3469 1541 3513 esse,
1572 3460 1764 3500 constat.
1796 3457 1852 3502 V.
1877 3455 2058 3500 Stenzel
2078 3456 2242 3502 Gesch.

296 3531 377 3575 der
404 3530 571 3574 Frank.
593 3531 758 3575 Kaiser
786 3531 831 3574 H
863 3532 903 3588 7,
934 3530 1169 3574 Diimmler
1199 3528 1362 3574 Gesch.
1395 3529 1477 3574 des
1508 3528 1872 3574 ostfrankischen
1892 3528 2058 3573 Reichs
2087 3529 2110 3573 I
2139 3530 2241 3574 613.

296 3604 396 3648 614.
506 3605 547 3648 2.
587 3604 866 3648 Hadrianum
897 3605 955 3648 H.
1062 3605 1103 3648 3.
1145 3616 1203 3647 ex
1231 3603 1464 3647 Hinemari
1494 3602 1731 3647 annalibus
1763 3602 1822 3646 ad
1853 3616 1893 3646 a.
1916 3602 2003 3646 869
2033 3603 2241 3660 intelligi-

296 3690 409 3733 mus,
443 3681 720 3734 quantopere
751 3678 808 3723 de
838 3676 1039 3723 Lotharii
1068 3677 1113 3721 11
1141 3675 1277 3722 rebus
1308 3677 1479 3721 Romae
1509 3677 1652 3734 gestis
1684 3676 1934 3721 alucinetur
1963 3676 2172 3722 Bonitho.
