2730 4198
942 247 1195 286 BONITHO
1235 250 1311 285 AD
1350 248 1579 286 AMICUM
2121 234 2230 288 599

284 365 510 430 nudans,
551 366 609 417 in
645 364 863 418 Dccrcti
897 365 961 417 L.
991 365 1082 419 IV
1114 385 1156 418 c.
1184 360 1287 419 90¹
1325 367 1397 418 acl
1434 367 1635 419 cosdem
1671 383 1734 418 ac
1773 364 2050 419 Sutrinam
2086 385 2229 420 scae-

283 478 474 513 narum
511 471 653 513 actus
693 464 996 531 composuit,
1038 472 1111 527 ut,
1155 471 1202 515 et
1236 464 1367 515 inito
1397 463 1601 515 saeculo
1630 472 1818 532 quarto
1846 472 1894 514 ct
1916 462 2086 513 medio
2114 480 2228 515 sae-

283 556 398 609 culo
447 558 717 609 undecimo
769 558 946 609 cadem
979 558 1104 626 fero
1153 575 1268 609 cum
1290 557 1450 626 facta
1487 567 1597 610 tum
1634 558 1775 611 dicta
1813 575 1942 622 esso,
1998 557 2226 610 crederet

283 654 370 706 cui
406 652 597 705 liberet.

432 746 588 813 Quod
625 765 726 818 quo
751 748 978 817 facilius
1016 748 1356 818 intelliyatur,
1400 765 1532 816 quac
1568 750 1627 800 in
1648 735 1855 800 ¹‹l‘uabus
1866 747 2078 816 fabulis
2105 766 2227 800 con-

277 853 490 913 qruunt,
534 862 594 896 ca
629 862 794 896 unum
833 844 925 896 sub
965 854 1227 914 aspectum
1265 842 1463 895 subicio
1477 860 1493 893 .·

297 989 527 1043 Bonitlzo
571 992 634 1044 cle
670 991 977 1044 Marcellini
1012 991 1226 1043 abdica·
1309 990 1539 1043 Bonitho
1580 991 1643 1042 dc
1682 986 1931 1059 Grcqorii
1963 989 2047 1042 VI
2076 990 2227 1042 abdi-

674 1081 856 1139 tione2.
1661 1087 1875 1138 catione.

351 1179 685 1235 Marcellinus
714 1211 782 1218 ——
810 1185 1010 1234 terrore
1035 1180 1249 1233 territus

277 1276 535 1346 simulque
582 1277 926 1347 quorumdam
964 1292 1123 1329 suasu
1161 1275 1250 1329 de-

275 1375 474 1442 ceptuS‚
513 1371 832 1426 thurificavit
868 1371 1038 1424 idolis,

350 1466 516 1531 Quam
556 1468 620 1521 ob
658 1485 770 1521 rem
810 1484 1098 1521 convenere
1138 1467 1248 1536 epi·
1382 1466 1547 1534 Igitur
1578 1464 1795 1519 collecta
1832 1465 2031 1534 sinodo,
2073 1466 2224 1535 sedit,

275 1563 420 1634 scopi
442 1562 639 1617 Romae
670 1555 746 1618 ex'
775 1563 995 1617 diversis
1033 1563 1247 1633 provin·
1308 1563 1397 1632 qui
1454 1563 1622 1616 vicem
1675 1560 1900 1615 Romani
1961 1560 2224 1632 pontificis

274 1659 367 1712 ciis
393 1691 466 1698 —
491 1674 709 1712 numero
741 1660 861 1713 115.
903 1658 1003 1722 Qui
1028 1675 1145 1712 cum
1170 1658 1247 1711 la—
1305 1658 1545 1712 habebat.
1606 1656 1703 1711 Cui
1727 1673 1846 1711 cum
1875 1657 1938 1711 ab
1966 1657 2225 1727 episcopis

274 1756 452 1809 crimis
481 1759 533 1809 et
558 1755 755 1823 gemitu
775 1754 1096 1808 celebrantes
1125 1771 1245 1808 con·
1305 1755 1657 1825 supplicatum
1690 1753 1891 1822 fuisset,
1927 1756 1988 1807 ut
2012 1769 2225 1808 causam

274 1851 452 1905 cilium
499 1850 897 1905 sciscitabantur
943 1867 1061 1904 cum
1099 1866 1245 1904 reve·
1305 1850 1572 1905 electionis
1611 1865 1736 1903 suae
1773 1853 2056 1919 promeret,

272 1948 443 2001 rentia
480 1947 808 2017 episcopum,
861 1947 907 2000 si
951 1946 1028 1999 ita
1065 1962 1150 2000 res
1189 1962 1244 1999 se

272 2043 504 2112 haberet,
542 2046 602 2096 ut
636 2042 780 2096 fama
816 2041 1083 2096 retulerat.

344 2137 677 2192 Marcellinus
715 2155 838 2192 vero
885 2154 998 2191 rem
1037 2154 1244 2192 omnem
1377 2141 1436 2191 ut
1474 2141 1587 2190 erat
1623 2136 1812 2206 idiota,
1853 2152 2062 2190 omnem
2099 2153 2225 2190 suae

271 2234 506 2288 seriatim
534 2234 800 2288 confessus
828 2237 908 2287 est
933 2237 1000 2302 et,
1042 2250 1097 2287 se
1122 2250 1244 2303 pec·
1302 2232 1570 2287 electionis
1607 2233 1893 2303 puritatem
1919 2232 2126 2302 aperuit
2151 2261 2221 2272 —-

270 2345 416 2386 casse
442 2334 494 2384 et
518 2346 666 2383 reum
688 2347 818 2398 esse,
845 2329 1112 2400 professus
1134 2333 1239 2395 est3
1300 2329 1382 2382 his
1421 2328 1595 2382 verbis
1645 2329 1918 2399 episcopos
1967 2327 2221 2382 allocutus

271 2425 499 2479 adiciens
540 2426 715 2494 etiam,
757 2442 812 2480 se
836 2429 1081 2496 paratum
1121 2424 1241 2479 obe·
1302 2429 1405 2479 est:
1466 2454 1535 2461 —
1585 2465 1611 2493 „
1629 2425 1752 2494 quia
1802 2424 2006 2493 antiqui
2055 2423 2220 2477 hostis

271 2519 400 2588 dire,
440 2521 684 2591 quicquid
719 2522 799 2576 illi
827 2521 928 2576 sibi
955 2521 1242 2576 voluissent
1300 2537 1439 2575 nunc
1478 2536 1731 2589 cognosco
1769 2520 2052 2589 versutiaS‚
2095 2520 2220 2589 quid

269 2616 556 2686 imponere.
1300 2617 1459 2671 michi
1484 2617 1554 2671 sit
1571 2617 1886 2686 faciendum,
1912 2616 1970 2670 in
1988 2616 2220 2670 medium

1299 2712 1553 2767 consulite
1569 2710 1614 2766 ⁶⁶.

341 2805 429 2859 Ad.
465 2806 594 2861 haec
625 2806 728 2861 illi:
772 2807 976 2876 „Absit,
1015 2812 1075 2861 ut
1099 2825 1240 2861 sum·
1374 2807 1472 2861 Cui
1525 2807 1605 2861 illi
1650 2807 2025 2877 respondentes
2071 2807 2219 2862 dixe—

268 2920 384 2956 mus
410 2903 648 2973 pontifex
675 2903 739 2956 ab
769 2902 939 2971 aliquo
964 2903 1238 2956 iudicetur.
1297 2907 1447 2957 runt:
1501 2903 1615 2972 „Tu
1651 2904 1707 2956 in
1746 2903 1865 2956 sinu
1901 2907 1993 2957 tuo
2033 2903 2218 2971 collige

266 2998 484 3067 Negasti
530 3002 603 3052 tu.
681 2998 905 3066 Negavit
955 3002 1007 3052 et
1055 2998 1240 3052 beatus
1300 3016 1511 3052 causam
1548 3003 1721 3066 tuam3
1768 3003 1828 3053 tu
1874 2999 2089 3070 proprio
2128 3016 2217 3054 ore

265 3094 453 3150 Petrus
472 3096 723 3164 magister
741 3099 887 3162 tuus3
909 3099 962 3148 et
981 3095 1096 3163 quis
1116 3111 1241 3165 apo·
1298 3099 1352 3149 te
1375 3095 1564 3149 iudica.
1615 3094 1803 3150 Melius
1830 3099 1911 3150 est
1934 3096 2073 3150 enim
2099 3095 2214 3165 tibi,

268 3191 521 3246 stolorum
565 3207 722 3245 ausus
759 3191 859 3244 fuit
896 3207 1015 3245 eum
1053 3191 1242 3245 exinde
1300 3207 1419 3245 cum
1455 3191 1609 3246 beato
1637 3190 1811 3260 Petro,
1851 3192 1998 3246 cuius
2038 3209 2216 3246 amore

385 3337 425 3380 1.
449 3323 521 3394 ap.⁵
541 3337 633 3382 Mai
648 3337 805 3383 Novae
825 3340 1004 3393 patrum
1024 3334 1324 3381 bibliothecae
1343 3336 1399 3381 Τ.
1415 3336 1505 3382 VII
1522 3337 1573 3382 P.
1591 3336 1658 3381 HI
1676 3350 1721 3394 p.
1739 3337 1811 3382 37.
1829 3337 1901 3381 38.
2021 3338 2063 3381 2.
2085 3337 2216 3381 Hanc

266 3409 531 3454 Bonithonis
571 3410 628 3455 de
659 3410 906 3455 Marcellini
943 3408 1229 3454 abdicatione
1266 3410 1529 3455 relationem
1568 3410 1739 3467 recepit
1766 3410 1987 3455 Martinus
2016 3411 2214 3454 Polonus

267 3482 342 3533 (cf.
375 3496 512 3539 supra
540 3498 584 3541 p.
609 3485 695 3529 581
726 3499 770 3528 n.
793 3485 863 3542 3)3
896 3495 954 3527 ex
985 3483 1112 3527 cuius
1132 3482 1245 3528 libro
1267 3483 1445 3528 transiit
1465 3484 1514 3528 in
1532 3483 1769 3529 Ricobaldi
1788 3483 2088 3528 Ferrariensis
2107 3482 2211 3527 hist.

266 3559 390 3611 pont.
422 3556 551 3601 Rom.
584 3571 655 3614 ap.
687 3557 865 3602 Eccard
895 3556 1028 3613 Corp.
1060 3556 1164 3601 hist.
1195 3552 1230 3600 1'
1250 3557 1366 3600 1194
1396 3560 1443 3601 et
1473 3570 1544 3613 ap.
1574 3557 1791 3602 Muratori
1820 3558 1924 3602 Rer.
1953 3557 2010 3602 It.
2032 3555 2113 3602 SS.
2145 3557 2211 3601 IX

268 3627 368 3672 152.
395 3628 496 3673 153.
