2730 4198
841 294 1115 334 GREGORII
1151 297 1230 333 v11
1268 296 1532 335 REGISTRI
1569 298 1648 334 vn
1681 297 1772 334 14a.
2171 285 2280 336 403

339 421 476 464 terea
499 409 782 464 Heinricus
820 415 956 483 cepit
991 432 1071 465 me
1099 416 1331 484 precari,
1372 425 1430 467 ut
1465 415 1616 467 illum
1646 425 1827 467 contra
1845 414 2141 484 predictum
2170 415 2280 467 Ro-
2315 420 2427 464 1077

338 507 544 575 dulfum
569 508 888 560 adiuvarem.
949 507 1047 561 Cui
1069 511 1344 579 respondi.-
1371 528 1452 562 me
1478 510 1692 563 libenter
1702 510 1906 578 facere,
1938 511 2123 562 audita
2148 512 2280 563 utri-

337 620 499 672 usque
526 605 704 672 partis
742 606 961 670 ratione,
1002 615 1061 657 ut
1096 607 1296 669 scirem,
1340 607 1426 656 cui
1461 607 1663 658 iustitia
1701 607 1870 674 maqis
1894 605 2120 673 faveret.
2182 605 2284 657 Ille

337 715 456 749 vero
490 708 704 767 putans,
747 702 854 752 suis
892 701 1091 752 viribus
1131 719 1245 752 eum
1273 718 1431 769 posse
1467 701 1747 764 devincere,
1789 718 1955 752 meam
1983 703 2286 771 contempsit

336 795 736 863 responsionem.
887 796 1179 864 Postquam
1216 806 1386 848 autem
1415 798 1690 864 persensit,
1732 814 1785 847 se
1821 814 1928 847 non
1964 814 2115 865 posse
2153 798 2286 849 sicut

337 891 568 959 speravit
612 908 791 959 aqere,
843 891 946 943 duo
997 893 1252 961 episcopi,
1303 886 1678 944 Verdunensis¹
1715 891 1979 943 videlicet⁸
2020 902 2067 943 et
2117 891 2281 944 Osen-
2375 897 2490 941 1078

337 981 681 1054 burcqensis²,
723 987 786 1038 de
816 989 1168 1039 consentaneis
1195 988 1321 1051 suis,
1365 986 1590 1039 Romam
1614 981 1889 1038 venerunt³
1917 997 1965 1039 et
1999 989 2056 1038 in
2083 990 2282 1056 synodo
2312 957 2420 995 Febr.
2438 958 2546 995 Mart.

339 1098 400 1132 ea
429 1092 589 1151 parte
613 1081 857 1134 Heinrici
890 1100 985 1147 me,
1025 1092 1083 1134 ut
1116 1084 1166 1133 ei
1186 1083 1440 1134 iustitiam
1449 1082 1705 1150 facerem,
1748 1094 2078 1151 roqaverunt.
2131 1083 2287 1149 Quod

339 1186 386 1228 et
408 1179 592 1229 nuncii
616 1177 831 1245 Rodulfc'
850 1178 978 1245 fieri
1002 1178 1360 1229 laudaverunt.
1429 1175 1678 1242 Tandem,
1717 1180 1985 1247 aspirante
2010 1179 2126 1231 Deo
2154 1181 2287 1232 sicut

338 1273 517 1337 credo,
566 1275 728 1325 statui
760 1275 817 1325 in
857 1274 1033 1325 eadem
1078 1274 1305 1342 synodo:
1351 1275 1409 1324 in
1454 1273 1694 1343 partibus
1732 1273 2135 1327 ultramontanis
2160 1276 2288 1342 fieri

338 1367 669 1437 colloquium,
711 1379 770 1421 ut
805 1369 917 1421 illic
953 1379 1046 1421 aut
1073 1388 1191 1438 pax
1227 1379 1535 1422 statueretur
1570 1379 1676 1434 aut,
1720 1372 1807 1422 cui
1831 1370 2058 1440 amplius
2084 1373 2285 1424 iustitia

322 1462 560 1532 faveret,
601 1474 990 1533 coqnosceretur
1001 1459 1033 1515 ⁴.
1111 1462 1259 1534 qub
1301 1467 1464 1530 enim,
1516 1467 1650 1518 sicut
1685 1484 1775 1517 vos
1814 1467 1947 1518 mihi
1982 1477 2127 1520 testes
2167 1470 2284 1520 estis

330 1569 511 1628 patres
551 1569 598 1612 et
633 1561 849 1624 domini,
890 1578 1051 1629 usque
1089 1560 1241 1613 hodie
1278 1561 1479 1613 nullam
1510 1572 1720 1631 partem
1758 1563 2000 1631 disposui
2033 1564 2285 1615 adiuvare
2340 1617 2343 1619 ,

337 1656 446 1707 nisi
481 1673 610 1721 eam,
652 1658 739 1708 cui
768 1656 893 1726 plus
931 1658 1134 1709 iustitia
1157 1657 1382 1725 faveret.
1439 1657 1511 1709 Et
1549 1659 1675 1726 quia
1711 1658 1980 1726 putabam,
2025 1660 2166 1728 quod
2198 1661 2282 1711 in-

338 1752 526 1803 iustior
561 1770 690 1821 pars
731 1751 1044 1821 colloquium
1081 1753 1242 1804 nollet
1264 1753 1406 1819 fieri,
1447 1753 1540 1804 ubi
1574 1755 1776 1805 iustitia
1803 1772 1953 1806 suum
1981 1754 2149 1806 locum
2174 1773 2282 1807 ser-

339 1856 499 1911 varet,
542 1850 982 1900 excommunicavi
1017 1858 1063 1900 et
1087 1848 1408 1900 anathemate
1433 1849 1677 1917 alliqavi⁰
1707 1867 1878 1901 omnes
1901 1868 2153 1919 personas
2179 1853 2286 1902 sive

340 1943 477 2010 reqis
515 1944 620 1994 sive
658 1944 804 1995 ducis
831 1953 923 1996 aut
947 1946 1181 2014 episcopi
1203 1961 1292 1995 seu
1317 1943 1540 1994 alicuius
1567 1944 1807 2010 hominis,
1849 1947 1944 2014 qui
1968 1946 2284 2015 colloquium

342 2037 520 2106 aliquo
546 2039 754 2108 inqenio
781 2040 1071 2109 impediret,
1105 2037 1191 2091 utd
1217 2057 1323 2091 non
1337 2039 1502 2106 fieret.
1617 2041 1894 2093 Predictus
1921 2052 2090 2094 autem
2115 2042 2282 2094 Hein-

339 2134 480 2184 ricus
520 2152 634 2185 cum
677 2136 785 2186 suis
808 2134 1143 2202 fautoribus,
1185 2153 1291 2187 non
1329 2137 1510 2187 timens
1544 2137 1838 2205 periculum
1875 2136 2285 2190 inoboedientiae

340 2229 482 2296 quod
527 2238 601 2280 est
636 2229 797 2281 scelus
835 2230 1115 2282 idolatriae
1126 2226 1160 2294 ⁵,
1213 2231 1528 2299 colloquium
1565 2233 1892 2301 impediendo
1933 2236 2281 2286 excommuni-

339 2324 591 2375 cationem
633 2325 881 2390 incurrit,
943 2335 990 2378 et
1037 2344 1090 2377 se
1131 2328 1306 2395 ipsum
1362 2326 1703 2379 anathematis
1761 2328 1967 2380 vinculo
2026 2329 2281 2398 alliqavit‚

336 2436 682 2488 maynamque
717 2421 1099 2473 multitudinem
1138 2421 1539 2474 christianorum
1576 2425 1735 2476 morti
1770 2425 1914 2476 tradi
1922 2431 1937 2451 ⁹
1965 2435 2013 2476 et
2047 2425 2284 2477 ecclesias

324 2513 462 2582 fecit
497 2515 766 2584 dissipari,
809 2527 856 2570 et
892 2526 1053 2570 totum
1083 2536 1255 2588 paene
1288 2517 1688 2571 Teutonicorum
1719 2538 1936 2589 reqnum
1975 2522 2288 2574 desolationi

340 2610 495 2662 dedit.
650 2610 1006 2682 Quapropter,
1061 2614 1316 2681 confidens
1357 2615 1419 2666 de
1455 2615 1653 2667 iudicio
1695 2626 1741 2667 et
1776 2618 2139 2669 misericordia
2177 2618 2287 2669 Dei
2332 2628 2447 2672 1080

340 2707 549 2774 eiusque
586 2709 827 2776 piissime
870 2711 1054 2761 matris
1100 2728 1302 2780 semper
1347 2712 1570 2780 virqinis
1609 2712 1845 2777 Mariae,
1885 2713 2064 2780 fultus
2113 2724 2283 2766 vestra
2313 2689 2423 2727 Mart.
2442 2690 2465 2727 ⁷

338 2803 666 2867 auctoritate,
715 2821 868 2873 saepe
914 2806 1238 2858 nominatum
1276 2805 1611 2872 Heinricum,
1669 2826 1819 2877 quem
1866 2827 2036 2878 reqem
2084 2810 2278 2874 dicunt,

339 2915 612 2967 omnesque
633 2898 878 2966 fautores
918 2901 1025 2951 eius
1064 2904 1586 2955 excommunicationi
1617 2904 1813 2956 subicio
1843 2901 1913 2957 etr
1939 2905 2282 2958 anathematis

336 2994 557 3045 vinculis
597 2994 774 3064 alliqo.
851 2995 923 3047 Et
961 2997 1175 3048 iterum⁸
1211 3015 1427 3066 reqnum
1472 2997 1523 3050 T
1520 3001 1871 3051 eutonicorum
1910 3010 1957 3052 et
1993 3001 2183 3052 Italiae
2222 3019 2283 3053 ea

335 3099 486 3158 parte
526 3092 886 3159 omnipotentis
912 3090 1023 3143 Dei
1051 3101 1098 3143 et
1120 3101 1288 3143 vestra
1305 3094 1622 3146 interdicens
1651 3097 1713 3159 ei,
1757 3114 1955 3146 omnem
1978 3106 2282 3165 potestatem

338 3194 384 3236 et
421 3185 725 3254 diqnitatem
761 3186 847 3238 illi
882 3189 1081 3256 reqiam
1128 3186 1250 3239 tollo
1265 3207 1283 3249 ,·
1332 3198 1401 3252 et,
1453 3199 1512 3241 ut
1547 3190 1722 3242 nullus
1764 3191 2166 3243 christianorum
2177 3190 2196 3219 ¹¹
2235 3194 2285 3244 ei

336 3281 470 3333 sicut
505 3283 621 3351 reqi
657 3282 919 3348 oboediat,
961 3284 1242 3356 interdic03
1294 3283 1601 3353 omnesque³,
1645 3288 1739 3354 qui
1777 3289 1826 3338 ei
1860 3289 2167 3340 iuraverunt
2203 3288 2283 3340 vel

452 3407 484 3432 a.
512 3395 740 3433 Teodericus
770 3397 862 3434 add.
884 3398 918 3434 3.
1022 3396 1057 3434 b.
1085 3398 1163 3445 Ego
1190 3419 1228 3423 —
1250 3399 1393 3436 faveret
1412 3414 1481 3437 om.
1502 3402 1536 3436 3.
1552 3402 1586 3437 4.
1695 3413 1725 3438 c.
1752 3401 1915 3448 obligavi
1934 3404 1968 3439 3.
2075 3403 2110 3440 d.
2139 3415 2185 3440 ne
2206 3405 2240 3440 3.
2257 3405 2282 3441 4

333 3474 402 3508 pro
430 3462 472 3497 ut
497 3473 584 3499 non.
740 3474 773 3499 e.
806 3463 964 3499 tradidit
990 3465 1032 3509 2,
1069 3464 1187 3501 tradit
1212 3464 1249 3501 4.
1404 3465 1430 3502 f.
1466 3467 1504 3502 et
1535 3486 1576 3491 —
1607 3467 1718 3513 alligo
1747 3481 1815 3503 om.
1836 3469 1871 3504 3.
2026 3479 2060 3514 g.
2095 3470 2217 3506 totum
2244 3469 2279 3506 4.

336 3525 374 3562 h.
402 3525 629 3565 christianus
657 3529 693 3564 3.
712 3529 749 3565 4.
904 3529 929 3566 i.
958 3541 1162 3578 omnesque
1195 3549 1234 3555 —
1267 3530 1419 3568 absolvo
1448 3546 1517 3568 om.
1538 3533 1572 3569 3.

455 3598 495 3642 1.
527 3598 848 3643 Theodericus.
969 3601 1010 3644 2.
1044 3601 1200 3645 Benno
1224 3601 1282 3645 ΙΙ.
1404 3602 1446 3646 3.
1479 3600 1546 3647 Of.
1570 3602 1802 3647 Bertholdi
1823 3602 1975 3648 chron.
1999 3605 2127 3662 1078,
2159 3606 2278 3651 Mon.

336 3667 487 3714 Germ.
510 3669 590 3716 SS.
613 3671 658 3718 V
687 3673 791 3718 306.
922 3673 965 3718 4.
999 3674 1054 3720 V.
1088 3687 1226 3732 supra
1254 3688 1299 3732 p.
1322 3675 1423 3720 306.
1558 3675 1600 3720 5.
1635 3677 1659 3720 1
1682 3677 1794 3734 Reg.
1819 3678 1888 3735 15,
1912 3679 1982 3722 23.

1826 3758 1927 3804 264ξ
