2730 4198
771 273 1046 312 GREGORII
1083 275 1162 311 vn
1199 274 1464 313 REGISTRI
1501 275 1559 311 v1
1586 273 1646 309 28.
1673 273 1734 309 29.
2117 260 2223 311 365

283 393 406 446 data
444 395 523 445 est
559 394 791 460 potestas
830 391 1024 457 ligandi
1068 395 1221 460 atque
1261 391 1511 459 solvendi,
1552 390 1826 460 percipias,
1886 388 2031 446 Data
2062 387 2223 442 Rome

287 489 352 540 13
392 485 650 540 Kalendas
689 486 907 556 Aprilis,
946 487 1227 540 indictione
1267 489 1315 539 2.

282 657 360 720 VI
385 661 485 719 29.
521 663 772 715 Ladizlai
808 663 847 714 I
883 665 1020 732 reqis
1082 663 1410 732 Unqarorwm
1443 663 1607 728 fidem
1656 662 1933 713 collaudat.
2005 660 2220 714 Comites

520 759 807 812 exsulantes
848 760 1180 810 commendat.
1240 758 1462 827 Leyatos
1500 759 1638 809 mitti
1674 758 1745 809 ad
1782 775 1834 808 se
1874 759 2030 826 eupit.

429 867 708 936 Gregorius
759 868 1031 938 episcopus
1080 884 1258 920 servus
1308 883 1576 919 servorum
1614 865 1714 918 Dei
1760 864 2010 919 Ladizlao
2049 865 2224 934 Unga-

281 981 458 1018 rorum
495 965 607 1032 regi
646 964 866 1017 salutem
906 968 957 1016 et
996 962 1335 1032 apostolicam
1375 961 1803 1014 benedictionem.

431 1058 575 1113 Sicut
610 1059 838 1112 fidelium
877 1063 1085 1112 tuorum
1113 1057 1293 1111 crebra
1317 1056 1570 1110 relatione
1598 1057 1935 1124 cognovimus
1966 1058 2223 1126 itemque⁸

281 1156 455 1226 ipsum
492 1156 684 1209 nostris
725 1153 1090 1207 attestantibus
1127 1158 1302 1205 ratum
1338 1152 1614 1220 habemuS,
1665 1152 1972 1206 excellentia
2018 1156 2110 1205 tua
2160 1153 2226 1205 ad

282 1251 611 1305 serviendum
636 1251 786 1304 beato
813 1248 984 1315 Petro,
1026 1247 1462 1316 quemadmodum
1498 1248 1744 1316 religiosa
1781 1252 2013 1318 potestas
2053 1248 2221 1313 debet,

282 1351 333 1400 et
371 1346 436 1399 ad
474 1345 849 1399 oboediendum
887 1343 1054 1411 nobis,
1097 1348 1155 1397 ut
1191 1343 1459 1397 liberalem
1499 1343 1665 1397 filium
1693 1345 1856 1413 decet,
1898 1348 2006 1397 toto
2038 1343 2225 1397 affectu

281 1446 333 1495 et
357 1441 524 1494 cordis
550 1440 836 1493 intentione
863 1443 1048 1508 parata
1075 1443 1168 1492 est.
1226 1439 1374 1494 Unde
1401 1441 1651 1493 nimirum
1678 1441 2007 1494 devotionem
2035 1441 2224 1493 mentis

277 1539 397 1589 tuae
437 1552 591 1605 super
629 1535 726 1589 hoc
765 1535 935 1588 studio
964 1551 1067 1587 non
1093 1535 1304 1603 indigne
1338 1536 1638 1603 laudamus3
1681 1537 1830 1606 eique
1867 1537 2065 1589 sincere
2104 1553 2225 1589 con-

276 1631 624 1700 gratulamur,
666 1630 784 1699 quih
825 1632 1059 1700 quidem,
1110 1632 1427 1701 optimorum
1464 1650 1647 1700 regum
1687 1633 1946 1701 sequendo
1985 1633 2223 1700 vestigia,

275 1726 503 1781 illustrat
523 1736 622 1795 se0,
645 1727 898 1780 servando
919 1731 1026 1780 tam
1047 1727 1102 1779 in
1126 1727 1357 1780 moribus
1378 1745 1618 1781 normam
1637 1729 1868 1781 iustitiae
1889 1745 2044 1796 quam
2066 1728 2222 1781 etiam

275 1822 470 1876 lineam
506 1822 794 1875 nobilitatis
833 1823 886 1875 in
928 1823 1194 1890 sanguine.
1255 1823 1434 1892 Igitur,
1477 1824 1599 1892 quia
1637 1824 1700 1877 de
1740 1824 2063 1877 celsitudinis
2103 1828 2223 1876 tuae

276 1917 588 1986 liberalitate
616 1923 667 1972 et
692 1918 1020 1972 oboedientia
1045 1919 1171 1972 satis
1199 1918 1522 1987 confidimuS,
1557 1920 1622 1972 ad
1653 1920 1901 1988 quiddam
1922 1950 1987 1956 —-
2012 1923 2223 1972 nostrae

276 2014 559 2068 universali
599 2013 935 2067 sollicitudini
974 2031 1289 2082 congruenS,
1342 2015 1478 2083 quod
1524 2015 1708 2068 honori
1748 2033 1951 2084 quoque
1989 2019 2078 2068 tuo
2117 2031 2223 2068 non

276 2127 464 2180 parum
491 2110 770 2163 concordat
795 2140 863 2146 —
891 2111 1114 2164 invitare
1140 2115 1192 2163 te
1218 2127 1323 2163 non
1351 2110 1672 2178 dubitamus3
1702 2112 1946 2180 quatinus
1985 2111 2040 2163 in
2077 2127 2135 2164 eo
2173 2115 2224 2164 et

275 2205 383 2273 illa,
425 2222 556 2274 quae
595 2205 660 2258 de
697 2210 749 2258 te
787 2206 960 2259 verbis
1002 2206 1125 2259 solis
1166 2206 1363 2258 credita
1401 2211 1536 2275 sunt,
1579 2225 1692 2261 esse
1719 2225 1844 2261 vera
1881 2208 2006 2260 facti
2030 2206 2221 2260 indicio

277 2304 517 2372 pateant,
557 2304 609 2354 et
646 2301 796 2354 nobis
837 2301 905 2355 sit
944 2307 1122 2372 aperte
1159 2301 1359 2354 firmior
1398 2318 1570 2371 causa,
1612 2320 1715 2372 qua
1751 2307 1803 2356 te
1841 2320 1967 2373 prae
2006 2303 2222 2356 caeteris

274 2397 449 2465 regiae
487 2397 756 2464 dignitatis
796 2397 1019 2467 amplius
1061 2398 1438 2468 specialiusque
1465 2398 1681 2466 diligere
1707 2399 1894 2451 merito
1923 2397 2219 2451 debeamus.

420 2492 601 2560 Itaque
626 2494 843 2547 comites
866 2493 984 2547 illos
1010 2493 1054 2547 E
1073 2535 1187 2563 ....,
1228 2495 1469 2548 videlicet
1496 2494 1598 2548 Ou.
1619 2536 1629 2547 .
1647 2535 1686 2547 ..
1717 2499 1769 2548 et
1789 2493 1828 2547 C
1842 2535 1966 2547 .....
1972 2535 1986 2562 ,
2017 2510 2221 2547 eorum-

278 2603 377 2655 que
412 2587 622 2655 milites,
664 2605 789 2656 quos
828 2589 980 2642 beato
1007 2589 1161 2643 Petro
1188 2581 1366 2644 fideles
1393 2591 1728 2659 iustitiaeque
1757 2590 1987 2643 fautores
2026 2589 2222 2642 iniusta

275 2686 335 2736 ut
373 2683 665 2753 accepimus
704 2686 962 2739 sententia
985 2685 1039 2738 in
1068 2686 1281 2739 exilium
1309 2686 1525 2756 expulit,
1565 2686 1662 2740 tibi
1691 2686 2079 2740 commendatos
2108 2702 2220 2738 esse

277 2795 342 2832 ex
380 2782 530 2849 parte
568 2783 771 2848 nostra,
812 2784 1068 2850 optamus.
1128 2781 1199 2834 Et
1237 2782 1360 2850 quia
1405 2782 1655 2836 hactenus
1694 2781 1800 2834 illis
1840 2782 2114 2835 subvenire
2155 2798 2220 2835 ex

273 2874 533 2928 industria
558 2877 771 2945 propria
797 2875 1050 2929 claritudo
1076 2880 1167 2929 tua
1196 2878 1412 2946 curavit,
1442 2878 1684 2946 sentiant,
1714 2877 1813 2931 sibi
1838 2894 1976 2931 nunc
2003 2878 2067 2930 ob
2093 2876 2218 2930 fide-

273 2969 476 3023 litatem
503 2970 642 3023 beati
667 2971 810 3024 Petri
835 2975 1169 3040 nostramque
1197 2973 1700 3026 commendationem
1727 2973 1906 3026 solacii
1935 2972 2218 3040 auxiliique

273 3082 460 3119 munus
488 3067 748 3136 copiosius
777 3067 1070 3120 accessisse.
1221 3067 1302 3121 De
1332 3072 1534 3122 caetero
1565 3069 1899 3138 prudentiam
1936 3072 2082 3120 tuam
2108 3084 2218 3120 mo-

273 3178 480 3215 nemus:
529 3166 590 3215 ut
627 3162 767 3215 viam
803 3163 1035 3216 iustitiae
1075 3179 1280 3232 semper
1319 3163 1527 3216 studeas
1565 3163 1815 3217 inreflexo
1856 3163 1986 3217 calle
2022 3166 2216 3230 tenere,

273 3256 456 3310 viduas
501 3261 553 3311 et
591 3258 851 3328 orphanos
901 3263 953 3312 et
997 3258 1298 3328 peregrinos
1343 3262 1564 3328 paterna
1608 3259 1803 3328 pietate
1848 3258 2007 3327 tueri,
2058 3257 2219 3312 eccle-

274 3351 379 3404 sias
416 3368 521 3405 non
557 3354 712 3407 modo
750 3370 856 3407 non
893 3354 1099 3408 laedere
1148 3354 1239 3407 sed
1288 3354 1446 3406 etiam
1485 3354 1549 3407 ab
1589 3354 1945 3421 arrogantium
1984 3356 2035 3406 et
2071 3353 2218 3407 inva-

275 3462 448 3499 sorum
487 3448 779 3517 petulantia
818 3453 870 3503 et
906 3450 1202 3504 temeritate
1241 3449 1532 3517 defendere,
1573 3465 1669 3502 nec
1693 3466 1797 3502 non
1837 3453 1889 3503 ct
1926 3448 2046 3516 alia,
2086 3465 2218 3517 quae

274 3546 414 3596 recte
450 3543 727 3613 intelliges,
766 3561 1013 3616 procures
1053 3545 1329 3614 diligenter
1368 3561 1590 3598 servare.

391 3670 425 3698 a.
458 3659 631 3709 idemque
657 3675 689 3697 c.
842 3661 879 3699 b.
916 3662 1018 3710 quod
1045 3678 1077 3701 c.
1232 3674 1264 3700 c.
1300 3673 1341 3700 se
1369 3663 1521 3700 addidi.

2288 396 2399 438 1079

2253 454 2361 491 Mart.
2381 457 2429 492 20

2288 874 2401 917 1079

2254 934 2363 971 Mart.
2384 936 2429 971 21
