2730 4198
858 249 1133 289 GREGORII
1170 252 1248 288 vn
1285 250 1551 289 REGISTRI
1587 251 1688 288 vm
1713 251 1775 287 21.
2181 238 2289 292 455

347 382 473 421 voee
511 366 910 420 concordantes:
953 384 1130 422 omnes
1169 368 1393 422 maiores
1430 384 1515 422 res
1555 372 1607 422 et
1642 367 1926 438 praecipua
1951 367 2168 434 negocia
2196 385 2291 422 nee
2353 376 2464 419 1081

346 470 481 516 non‘¹
520 461 753 514 omnium
803 463 1138 517 ecelesiarum
1185 464 1378 517 iudicia
1426 463 1492 516 ad
1531 480 1648 517 eam
1686 462 1834 531 quasi
1873 463 1940 516 ad
1976 466 2198 516 matrem
2240 468 2292 517 et
2319 434 2427 472 Mm‘
2447 436 2494 473 1⁵

344 555 530 627 caputb
563 556 750 611 debere
787 558 997 626 referri3
1039 559 1103 613 ab
1143 568 1232 613 ea⁰
1270 575 1528 628 nusquam
1568 556 1839 628 appellari,
1877 557 2072 611 iudicia
2110 558 2220 611 eius
2261 575 2292 612 a

345 652 553 708 nemine
599 654 872 707 retraetari
921 654 1041 707 aut‘¹
1079 654 1248 708 refelli
1295 654 1482 708 debere
1532 653 1616 706 vel
1663 669 1833 722 posse.
1911 652 2062 706 Unde
2106 653 2289 707 beatus

345 746 584 802 Gelasius
611 765 750 818 papa
775 749 1057 804 Anastasio
1084 750 1390 820 imperatori
1417 748 1647 802 scribens
1664 744 1693 815 ¹,
1723 748 1901 801 divina
1925 747 2086 801 fultus
2114 752 2288 802 aueto—

342 843 515 911 ritate,
557 844 683 912 quid
722 848 773 898 et
811 845 1034 914 qualiter
1071 846 1135 899 de
1173 845 1471 915 principatu
1511 848 1721 897 sanetae
1760 847 1813 896 et
1852 842 2168 912 apostolieae
2207 860 2288 898 se-

342 938 423 992 dis
463 939 682 993 sentire⁰
717 940 945 1009 deberet,
985 941 1083 994 hoe
1107 940 1262 993 modo
1289 957 1406 992 eum
1433 939 1709 992 instruxit:
1748 940 1872 992 Etsi
1894 938 2066 1008 inquit
2092 943 2285 994 cunctis

338 1036 650 1105 yeneraliter
698 1038 1050 1090 sacerdotibus
1098 1047 1231 1090 recte
1276 1038 1458 1088 divina
1506 1036 1847 1088 tractantibus
1881 1035 2125 1103 fidelium
2164 1054 2286 1089 con-

340 1111 480 1184 venit
525 1130 683 1184 colla‘
719 1133 973 1197 submitti,
1027 1142 1220 1202 quanto
1267 1134 1449 1201 potius
1499 1133 1635 1184 seclis
1688 1131 1833 1183 illius
1878 1131 2120 1201 praesuli
2164 1149 2285 1184 con-

339 1245 518 1280 sensus
576 1238 650 1280 est
695 1228 1040 1292 adhibendus,
1103 1245 1253 1297 quem
1301 1230 1496 1280 cunctis
1542 1227 1894 1280 sacerdotibus
1944 1236 1990 1279 et
2038 1228 2286 1279 divinitas

340 1341 542 1377 summa
586 1323 753 1375 voluit
784 1326 1138 1393 praeminere,
1191 1333 1238 1375 et
1275 1323 1587 1393 subsequens
1628 1322 1867 1375 ecclesiae
1901 1323 2163 1391 qeneralis
2201 1325 2284 1375 iu-

335 1420 471 1488 9iter
515 1421 685 1489 pietas
733 1419 1019 1472 celebravit.
1110 1418 1213 1472 Ubi
1248 1420 1567 1489 prudentiass
1606 1428 1697 1470 tua
1745 1419 2004 1470 evidenter
2041 1419 2282 1484 advertit,

337 1531 607 1583 nunquam
645 1514 872 1584 quolibet
904 1517 1111 1584 penitus
1147 1516 1372 1567 humano
1400 1514 1616 1567 consilio
1644 1531 1870 1583 aequare
1894 1531 1947 1565 se
1974 1531 2286 1584 quemquam

333 1628 486 1679 posse
522 1610 666 1662 illius
698 1611 981 1681 privileyio
1020 1611 1101 1663 vel
1139 1611 1468 1679 confessioni,
1511 1628 1662 1679 quem
1689 1607 1883 1661 Christi
1908 1627 2010 1662 voa
2026 1610 2286 1679 praetulit

335 1707 617 1770 universis,
659 1723 809 1775 quem
847 1707 1058 1759 ecclesia
1094 1707 1391 1759 veneranda
1430 1706 1666 1774 confessa
1703 1722 1904 1774 semper
1941 1715 2015 1757 est
2052 1715 2099 1758 et
2135 1705 2287 1758 babet

337 1802 520 1853 devota
550 1803 849 1871 primatem.
910 1801 1042 1854 Item
1079 1801 1239 1854 Iulius
1279 1817 1435 1870 papa,
1476 1797 1816 1854 orientalibus
1858 1798 2115 1869 episeopis
2157 1800 2284 1853 scri-

338 1894 491 1963 benS,
540 1895 605 1949 de
649 1900 909 1965 potestate
958 1896 1188 1950 eiusdem
1237 1900 1448 1949 sanetae
1499 1899 1551 1948 et
1599 1894 1914 1965 apostolieae
1961 1894 2098 1949 sedis
2150 1891 2282 1949 ait²z

335 1991 600 2044 Decuerat
635 2010 752 2056 vos,
779 1992 1011 2060 fratres,
1053 1990 1299 2045 adversus
1337 2002 1570 2044 sanctam
1609 1991 1908 2044 Romanam
1945 2002 1994 2045 et
2029 1992 2281 2062 apostoli-

337 2105 451 2140 cam
489 2087 751 2140 ecclesiam
790 2088 966 2140 limate
1004 2099 1051 2141 et
1086 2107 1192 2141 non
1227 2090 1441 2158 yronice
1479 2088 1627 2157 loqui
1633 2106 1651 2149 ,·
1692 2089 1940 2157 quoniam
1966 2089 2149 2158 etipse
2186 2089 2280 2141 do-

332 2185 505 2236 minus
543 2194 718 2236 noster
741 2183 887 2235 Iesus
914 2182 1163 2248 Christus,
1207 2202 1319 2236 eam
1348 2185 1580 2236 (lecenter
1614 2183 1884 2248 allocutus,
1927 2185 2029 2236 ait:
2069 2182 2196 2247 „Tu
2229 2202 2280 2237 es

330 2279 549 2343 Petrus,
600 2289 648 2331 et
694 2297 851 2348 super
897 2279 1031 2330 lianc
1074 2289 1280 2349 petram
1326 2279 1607 2346 aedificabo
1659 2279 1960 2332 aecclesiam
1994 2296 2197 2344 meam,
2237 2290 2284 2332 et
2339 2291 2341 2294 ⁴

327 2384 512 2444 portae
548 2374 713 2442 inferi
746 2393 853 2426 non
883 2375 1229 2444 prevalebunt
1264 2376 1512 2428 adversus
1553 2393 1665 2427 eam
1674 2394 1692 2436 ,·
1733 2384 1780 2427 et
1816 2374 1914 2428 tibi
1945 2374 2081 2428 dabo
2113 2374 2279 2427 claves

328 2472 481 2539 reyni
516 2471 825 2523 coelorum“.
884 2471 1058 2524 Habet
1083 2473 1218 2523 enim
1233 2481 1540 2541 potestatem
1565 2470 1829 2540 sinqulari
1843 2470 2127 2540 privileyio
2155 2488 2277 2523 con-

331 2583 540 2630 cessam,
581 2568 787 2636 aperire
813 2577 860 2619 et
885 2567 1123 2619 claudere
1147 2569 1337 2620 ianuas
1363 2569 1516 2637 requi
1539 2567 1783 2631 coelestis,
1826 2567 2014 2636 quibus
2039 2567 2275 2620 voluerit.

332 2659 429 2714 Cui
468 2677 590 2727 ergo
630 2661 898 2730 aperiendi
936 2661 1314 2731 claudendique
1342 2662 1472 2716 coeli
1499 2662 1622 2715 data
1647 2666 1880 2732 potestas
1911 2666 2012 2731 est,
2047 2661 2109 2715 de
2136 2665 2279 2716 terra

328 2755 559 2810 iudicare
583 2756 867 2810 nonlicet?
923 2756 1094 2810 Absit.
1153 2757 1323 2811 Numh
1350 2758 1604 2826 retinetiS‚
1645 2757 1784 2827 quod
1819 2757 1893 2812 ait
1925 2757 2277 2812 beatissimusi

328 2851 521 2905 Paulus
559 2851 883 2921 apostolusk:
932 2854 1185 2920 Nescitis,
1238 2857 1365 2925 quia
1402 2855 1613 2925 anyelos
1651 2855 2034 2908 iudicabimus?
2080 2866 2275 2925 quanto

326 2952 494 3020 mayis
533 2950 826 3002 saecularia
837 2944 870 3001 ³.
929 2948 1121 3002 Beatus
1160 2967 1363 3019 quoque
1403 2948 1684 3017 Gregorius
1731 2966 1871 3020 papa
1917 2966 2065 3017 reges
2113 2967 2145 3002 a
2182 2966 2277 3003 sua

326 3044 581 3112 dignitate
608 3045 791 3098 eadere
818 3045 1016 3113 statuit,
1045 3045 1134 3114 qui
1160 3045 1475 3115 apostolieae
1502 3045 1640 3099 sedis
1667 3045 1875 3099 decreta
1899 3044 2097 3098 violare
2122 3061 2275 3114 prae-

236 3161 252 3165 ··
327 3141 662 3211 sumpserint,
692 3140 942 3194 seribens¹
964 3141 1031 3194 ad
1057 3141 1316 3210 quendam
1345 3140 1649 3211 Senatorem
1677 3140 1918 3195 abbatem
1943 3139 2025 3194 his
2044 3136 2271 3194 verbis⁴z

441 3283 474 3309 a.
503 3274 541 3310 et
569 3273 661 3310 add.
686 3275 721 3310 2.
838 3272 874 3310 b.
903 3272 1069 3310 omnium
1097 3273 1189 3310 add.
1209 3274 1245 3310 3.
1363 3284 1395 3310 c.
1423 3284 1506 3310 eam
1533 3274 1556 3310 2
1581 3285 1650 3320 pro
1679 3271 1725 3309 ab
1754 3283 1809 3310 ea.
1927 3271 1964 3309 d.
1992 3273 2057 3309 aut
2088 3291 2128 3296 -
2157 3282 2273 3320 posse

315 3345 396 3375 om.
413 3340 449 3375 2.
554 3351 587 3376 e.
616 3350 655 3376 se
684 3338 886 3376 dissentire
917 3340 939 3376 2
963 3342 1032 3387 pro
1056 3339 1206 3376 sentire.
1310 3338 1337 3375 f.
1365 3339 1480 3376 eorda
1508 3353 1569 3385 ap.
1593 3340 1734 3376 Mansi.
1839 3349 1872 3386 g.
1899 3338 2023 3386 pietas
2045 3352 2106 3386 ap.
2130 3340 2272 3375 Mansi.

324 3401 361 3440 h.
389 3403 475 3441 Non
503 3405 538 3442 3.
667 3404 693 3442 i.
720 3404 853 3442 beatus
880 3405 917 3442 4.
1046 3404 1084 3442 k.
1113 3419 1180 3441 om.
1207 3406 1242 3442 3.
1371 3404 1396 3441 l.
1425 3404 1594 3442 scribens
1625 3423 1667 3429 -—
1697 3404 1939 3453 temptaverit
1964 3417 2034 3440 om.
2058 3404 2093 3440 3.

443 3482 483 3525 1.
514 3483 714 3538 Regesta
743 3487 867 3539 pont.
891 3483 1020 3527 Rom.
1052 3497 1095 3527 n.
1119 3483 1219 3539 387,
1251 3483 1397 3527 Mansi
1415 3483 1526 3528 VIII
1556 3472 1627 3526 3'1.
1768 3484 1809 3527 2.
1841 3482 1888 3526 in
1919 3482 2051 3539 epist.
2072 3481 2271 3527 Pseudo-

324 3553 580 3599 isidoriana.
596 3556 653 3601 V.
672 3556 935 3600 Decretales
948 3556 1419 3601 Pseudo-isidorianae
1435 3556 1505 3601 ed.
1522 3555 1767 3600 Hinsehius
1782 3555 1938 3612 p.464.
2059 3556 2100 3600 3.
2125 3556 2149 3600 1
2168 3554 2270 3600 Gor.

326 3627 367 3682 6,
390 3627 431 3670 3.
549 3628 592 3671 4.
626 3627 671 3673 S.
694 3629 830 3686 Greg.
853 3630 1035 3686 registri
1064 3631 1116 3674 L.
1138 3630 1251 3674 XIII
1282 3643 1353 3687 ep.
1375 3631 1418 3686 8,
1450 3629 1564 3687 Opp.
1587 3629 1659 3674 ed.
1681 3628 1967 3674 Benedictini
1989 3628 2043 3674 T.
2064 3628 2110 3673 II
2141 3629 2269 3673 1223.
