2730 4198
803 296 1151 334 Bomrnoms
1188 297 1266 333 AD
1304 296 1533 335 AMICUM
1569 297 1678 334 Lm.
1706 297 1743 333 v
2134 285 2237 337 631

300 412 512 466 niacum
554 412 801 482 tendens„
851 412 926 466 ibi
971 413 1255 467 monachus
1304 410 1516 467 effectus
1565 415 1645 467 est
1692 414 1746 466 et
1789 410 1927 465 inter
1972 412 2242 481 religiosos

301 507 441 562 viros
481 508 719 579 adprime
755 508 1169 579 phylosophatus
1209 512 1302 562 est.

448 604 653 659 Mortuo
691 604 894 658 interea
919 603 1183 658 Clemente
1207 603 1440 656 Romano
1478 600 1740 672 pontifice,
1777 600 2003 655 Romani
2041 601 2108 654 ad
2144 603 2242 655 im-

300 703 599 769 peratorem
634 700 880 767 tendunt,
919 703 1190 767 roganteS,
1232 698 1346 751 dari
1385 697 1485 751 sibi
1521 696 1835 766 pontificem.
1894 696 1994 761 Qui
2032 700 2084 750 et
2121 713 2242 751 con-

302 795 480 848 sensit.
537 794 674 848 Nam
718 795 982 866 patriciali
1030 794 1292 848 tirannide
1342 792 1485 846 dedit
1529 792 1604 845 eis
1643 809 1709 846 ex
1745 792 1910 846 latere
1948 808 2041 845 suo
2081 808 2242 861 quen-

301 891 423 944 dam
462 892 765 962 episcopum
782 887 810 959 ¹,
849 891 1022 944 virum
1060 890 1203 943 omni
1231 887 1476 957 superbia
1498 887 1738 957 plenum3
1779 887 2034 941 mandans
2060 887 2241 942 inclito

301 987 420 1040 duci
448 983 764 1055 Bonifacio²,
805 990 863 1039 ut
901 1003 1019 1039 eum
1055 984 1276 1038 Romam
1313 983 1526 1036 duceret
1565 986 1617 1036 et
1654 999 1720 1036 ex
1756 987 1908 1052 parte
1947 999 2043 1036 sua
2078 982 2242 1036 intro-

298 1083 518 1136 nizaret.
577 1082 726 1146 Quod
764 1085 816 1135 et
851 1082 1048 1135 factum
1088 1083 1181 1133 est.
1241 1077 1405 1142 Quem
1447 1081 1499 1131 et
1536 1077 1638 1131 alio
1676 1078 1887 1132 nomine
1922 1074 2241 1132 Damasum3

299 1182 629 1232 vocaverunt.
688 1177 765 1246 Is,
815 1180 1095 1247 postquam
1141 1173 1318 1228 sedem
1355 1172 1500 1227 Petri
1545 1172 1780 1242 invasit⁴,
1831 1177 2111 1243 antequam
2160 1173 2241 1227 bis

299 1273 420 1327 deni
466 1270 605 1328 dies⁵
642 1272 1000 1340 volverentur,
1048 1286 1264 1341 corpore
1313 1273 1366 1323 et
1416 1269 1592 1323 anima
1636 1274 1874 1323 mortuus
1926 1273 2019 1323 est.
2080 1268 2239 1323 Cuius

297 1372 406 1422 tam
443 1369 665 1423 celerem
702 1371 924 1422 mortem
963 1367 1250 1435 audienteS,
1285 1365 1662 1419 ultramontani
1697 1365 1930 1436 episcopi
1969 1365 2032 1419 de
2069 1369 2239 1419 cetero

296 1464 584 1518 timuerunt
619 1463 709 1517 illo
747 1463 942 1517 venire.

443 1559 648 1613 Interea
671 1559 909 1627 Romani,
939 1563 1049 1612 tam
1076 1557 1231 1611 celeri
1256 1560 1424 1610 morte
1448 1554 1709 1627 pontificis
1734 1555 2018 1626 perterriti,
2044 1559 2238 1625 tamen,

296 1655 419 1724 quia
455 1655 650 1709 diutius
691 1655 803 1709 sine
840 1652 1084 1725 pontifice
1121 1670 1228 1706 non
1266 1669 1378 1706 esse
1416 1656 1675 1723 poterant,
1721 1669 1903 1705 versus
1943 1652 2240 1720 aquilonem

294 1751 539 1820 tendunt,
586 1751 750 1821 Alpes
789 1754 1090 1817 transeunt,
1143 1747 1427 1802 Saxoniam
1465 1751 1720 1818 pergunt,
1767 1764 1947 1815 regem
1982 1747 2057 1801 ibi
2094 1747 2240 1801 inve-

293 1846 462 1915 niunt,
504 1850 656 1900 orant
694 1846 795 1900 sibi
833 1845 949 1899 dari
987 1843 1303 1916 pontificem.
1366 1842 1457 1896 Set
1495 1843 1618 1912 quia
1654 1843 1767 1912 hoc¹
1788 1860 1894 1897 non
1931 1845 2142 1913 poterat
2174 1842 2242 1896 ad

293 1958 509 2012 presens
546 1942 731 1996 leviter
764 1939 894 2010 fieri,
935 1941 1193 2011 episcopis
1221 1940 1414 2010 quippe
1440 1938 1736 1993 nolentibus
1761 1938 1982 1992 Romam
2008 1938 2239 2007 tendere,

295 2037 626 2107 deliberavit,
684 2037 817 2091 Reni
871 2036 1148 2090 Franciam
1201 2036 1395 2102 visere3
1454 2034 1698 2103 credenS,
1758 2052 1823 2089 ex
1870 2033 2240 2088 Lothariorum

292 2150 452 2202 regno
497 2150 653 2204 posse
682 2133 934 2199 *invenire
981 2132 1309 2203 episcopum,
1358 2147 1513 2199 quem
1548 2130 1798 2184 Romanis
1843 2130 1992 2184 daret
2027 2127 2239 2200 pontifi-

293 2244 422 2282 cem.
481 2228 630 2292 Quod
677 2233 729 2283 et
765 2229 961 2282 factum
1001 2232 1095 2282 est.
1152 2226 1287 2280 Nam
1328 2227 1507 2280 multis
1545 2226 1786 2296 precibus
1826 2231 1878 2280 et
1913 2230 2101 2294 rogatu
2135 2225 2238 2279 Ro-

291 2340 568 2378 manorum
605 2325 695 2378 vix
741 2341 1052 2395 persuasum
1091 2328 1170 2377 est
1206 2322 1442 2376 Brunoni
1478 2321 1829 2390 nobilissimo,
1877 2321 2110 2376 moribus
2149 2321 2237 2376 de-

293 2423 469 2474 center
507 2425 708 2489 ornat0‚
755 2416 986 2474 Tolano⁶
1026 2419 1223 2473 scilicet
1261 2414 1535 2489 episcopo⁷
1575 2458 1882 2471 .........

438 2516 695 2570 Veniente
722 2517 900 2586 itaque
927 2532 986 2569 eo
1014 2515 1344 2583 Vesuntium,
1383 2512 1698 2568 venerabilis
1738 2512 1898 2567 abbas
1929 2511 2238 2566 Cluniacen-

294 2607 398 2664 sis⁸
426 2611 632 2665 obviam
672 2612 719 2666 ei
756 2611 1029 2681 processit,
1069 2611 1262 2665 ducens
1302 2627 1478 2664 secum
1513 2611 1569 2664 in
1594 2609 1845 2664 comitatu
1868 2608 2237 2677 venerabilem,

296 2706 360 2760 de
399 2723 499 2775 quo
540 2723 699 2777 supra
735 2706 1026 2774 retulimus„
1066 2706 1496 2760 Hildebrandum.
1557 2705 1800 2769 Quicum
1826 2720 2009 2758 causas
2034 2703 2238 2758 itineris

294 2819 325 2855 a
364 2802 588 2872 quodam
628 2806 874 2856 narrante
915 2802 1161 2870 audisset,
1201 2803 1340 2871 cepit
1374 2818 1562 2870 rogare
1600 2796 1852 2871 patrem⁹,
1891 2816 1958 2853 ne
1994 2799 2086 2852 illo
2124 2802 2238 2852 ten-

293 2898 465 2965 deret3
516 2898 692 2951 dicens
742 2914 860 2951 eum
897 2914 1003 2951 non
1042 2897 1385 2967 apostolicum
1424 2900 1503 2950 set
1542 2896 1913 2967 apostaticum,
1966 2895 2055 2964 qui
2092 2895 2239 2948 iussu

291 2993 625 3063 imperatoris
650 2993 944 3048 Romanum
982 2996 1257 3047 conaretur
1296 2993 1528 3063 arripere
1565 2990 1943 3062 pontificatum.
2002 2989 2150 3054 Quod
2178 2994 2239 3044 ut

410 3162 451 3205 1.
482 3161 744 3217 Popponem
776 3160 1037 3217 episcopum
1066 3159 1394 3203 Brixinensem.
1536 3160 1578 3203 2.
1601 3156 1851 3202 marchioni
1880 3157 2088 3213 Tusciae,
2119 3156 2238 3213 patri

291 3234 534 3278 Mathildae
565 3234 834 3278 comitissae.
955 3234 997 3277 3.
1028 3233 1086 3277 Π.
1204 3232 1248 3276 4.
1280 3235 1569 3277 consecratus
1589 3232 1817 3275 Damasus
1835 3231 1880 3275 H
1910 3234 1981 3275 est
2008 3230 2052 3274 d.
2076 3231 2131 3274 17
2151 3230 2235 3274 Iul.

294 3307 430 3364 1048,
461 3321 506 3351 v.
527 3307 729 3363 Regesta
757 3310 882 3364 pont.
904 3307 1034 3350 Rom.
1065 3319 1110 3362 p.
1133 3305 1234 3349 366.
1383 3305 1425 3350 5.
1466 3305 1695 3349 Damasus
1724 3305 1770 3348 H
1808 3302 1998 3348 sedebat
2034 3302 2132 3347 dies
2162 3303 2234 3346 24.

294 3381 335 3424 6.
367 3380 583 3424 Tullensi.
705 3382 745 3424 7.
780 3415 801 3438 „
816 3381 1074 3424 Brunonem
1096 3403 1151 3410 —
1172 3379 1219 3422 in
1247 3381 1426 3422 tantum
1450 3378 1644 3434 seduxit,
1674 3381 1726 3421 ut
1745 3380 1962 3434 papatum
1982 3377 2236 3421 Romanum

291 3465 372 3510 per
401 3454 542 3510 ipsius
571 3454 886 3498 investituram
917 3453 1166 3508 susciperet
1189 3455 1243 3496 et
1272 3464 1373 3495 cum
1394 3451 1611 3495 Romanis
1633 3450 1692 3494 ad
1714 3449 1883 3495 Urbem
1912 3450 2061 3506 ipsum
2090 3452 2236 3493 trans-

292 3526 491 3571 mitteret
504 3526 542 3571 “.
583 3526 658 3572 Sic
679 3527 816 3572 estin
835 3526 1001 3571 Leonis
1021 3525 1089 3569 IX
1109 3525 1204 3569 vita
1224 3526 1312 3580 (ap.
1329 3523 1581 3570 Watterich
1600 3524 1729 3568 Pont.
1749 3523 1879 3568 Rom.
1900 3523 1980 3567 vit.
2003 3522 2057 3567 Τ.
2071 3521 2095 3566 Ι
2116 3522 2234 3578 101),

291 3598 338 3642 in
368 3611 458 3654 qua
487 3600 814 3646 conscribenda
837 3599 1102 3645 Bonithonis
1133 3597 1247 3643 liber
1277 3596 1504 3642 adhibitus
1536 3599 1620 3641 est.
1739 3596 1782 3640 8.
1813 3596 1963 3652 Hugo.
2083 3596 2125 3640 9.
2157 3594 2235 3640 ab·

290 3670 457 3715 batem.

2276 419 2388 463 1047

2272 615 2352 652 Oct.
2371 617 2394 653 9

2270 804 2361 842 Dec.
2382 806 2430 843 25

2273 1079 2387 1123 1048

2270 1184 2338 1221 Iul.
2357 1185 2405 1222 17

2269 1280 2364 1327 Aug.
2383 1281 2406 1318 9

2268 2335 2359 2372 Dec.

2271 2521 2385 2565 1049
