2722 4172
338 411 451 456 1073

313 471 403 510 Dec.
426 474 475 511 20

344 3500 459 3544 1074

343 3561 420 3598 Ian.
436 3562 458 3598 3

508 277 578 329 58
1013 290 1286 330 GREGORH
1322 291 1401 327 vn
1437 289 1700 328 REGISTRI
1735 291 1757 327 1
1783 290 1843 327 39.
1870 291 1932 328 40.

506 407 727 462 salutem
779 409 1022 463 dominici
1060 408 1230 476 gregis
1270 407 1518 475 attinent,
1567 406 1843 461 adiuvante
1880 407 1990 462 Deo
2029 409 2343 463 annunciare
2381 412 2435 463 et

502 502 723 558 fideliter
761 505 1122 558 administrare
1147 503 1374 570 valeam3
1414 507 1630 571 urgente
1665 520 1748 556 me
1781 520 1907 573 prae
1946 504 2182 559 omnibus
2219 509 2332 559 tum
2371 522 2431 560 eo

501 601 712 670 timore,
760 618 824 655 ne
872 604 1141 671 susceptae
1188 618 1273 654 me
1322 599 1459 670 apud
1507 616 1789 669 supernum
1840 599 2063 654 iudicem
2116 601 2433 670 negligentia

502 697 900 768 dispensationis
940 701 1161 766 accuset,
1200 701 1312 751 tum
1351 696 1522 750 debito
1563 712 1738 749 amore
1773 695 2123 766 apostolorum
2160 698 2430 768 principie,

503 794 591 863 qui
628 810 711 847 me
750 793 813 847 ab
852 793 1073 847 infantia
1118 811 1235 847 mea
1273 793 1366 846 sub
1406 793 1501 845 alis
1542 792 1648 845 suis
1687 791 1939 859 singulari
1977 792 2202 861 quadam
2237 794 2432 864 pietate

500 890 719 944 nutrivit
755 893 807 943 et
841 890 898 943 in
934 890 1130 957 gremio
1171 907 1294 943 suae
1332 889 1634 943 clementiae
1671 888 1816 942 fovit.
1967 887 2162 942 Verum
2188 889 2324 943 inter
2350 906 2432 944 ce-

500 991 638 1040 teras
677 1003 918 1039 curarum
946 987 1232 1040 anxietates
1260 1002 1321 1038 ea
1344 1002 1440 1038 nos
1464 985 1692 1038 maxime
1718 984 2008 1038 sollicitudo
2041 988 2254 1054 coartat,
2295 986 2433 1054 quod

498 1082 636 1136 inter
670 1099 762 1136 vos
802 1087 853 1136 et
889 1082 1172 1136 Henricum
1208 1099 1409 1150 regem,
1447 1085 1676 1135 vestrum
1718 1081 1958 1134 videlicet
1994 1080 2276 1150 dominum,
2315 1085 2433 1135 tan-

498 1182 609 1232 tam
646 1179 957 1232 discordiam
997 1183 1048 1232 et
1082 1182 1193 1232 tam
1230 1178 1443 1231 inimica
1481 1177 1653 1230 studia
1690 1177 1908 1231 exhorta
1943 1194 2053 1231 esse
2080 1178 2430 1247 cognovimuS,

497 1279 557 1328 ut
593 1275 779 1328 exinde
827 1274 993 1328 multa
1038 1274 1317 1328 homicidia
1352 1274 1594 1327 incendia
1631 1273 2057 1344 depraedationes
2097 1274 2432 1329 ecclesiarum

499 1375 551 1426 et
585 1389 876 1446 pauperum
924 1387 983 1424 ac
1029 1369 1379 1423 miserabilem
1414 1370 1615 1440 patriae
1652 1371 1950 1424 vastitatem
1987 1368 2102 1424 fieri
2139 1370 2427 1425 audiamus.

497 1467 609 1531 Qua
655 1468 718 1522 de
755 1485 811 1521 re
848 1468 960 1535 regi
996 1467 1263 1534 misimuS,
1313 1466 1646 1520 exhortantes
1694 1470 1745 1520 et
1783 1484 1847 1520 ex
1885 1470 2034 1537 parte
2074 1467 2428 1537 apostolorum

494 1563 638 1618 Petri
677 1568 728 1618 et
751 1564 901 1618 Pauli
940 1581 1055 1617 eum
1085 1563 1435 1631 admonenteS,
1475 1567 1534 1615 ut
1557 1563 1767 1616 interim
1795 1580 1906 1616 sese
1934 1563 1997 1617 ab
2026 1564 2184 1617 armis
2211 1568 2262 1618 et
2288 1565 2430 1618 omni

494 1661 747 1714 bellorum
784 1660 1114 1714 infestatione
1150 1659 1428 1728 contineat,
1470 1659 1632 1712 donec
1656 1659 1787 1713 tales
1817 1660 1882 1713 ad
1908 1677 2027 1714 eum
2053 1661 2117 1714 ab
2144 1660 2430 1731 apostolica

494 1757 613 1810 sede
650 1758 866 1810 nuncios
915 1756 1223 1824 dirigamuS,
1274 1756 1363 1824 qui
1400 1759 1577 1809 tantae
1624 1756 1962 1810 dissensionis
2001 1773 2182 1810 causas
2222 1760 2274 1811 et
2310 1756 2428 1810 dili-

491 1858 671 1923 genter
708 1854 971 1922 inquirere
1009 1856 1061 1906 et
1099 1855 1357 1913 annuente
1383 1851 1493 1905 Deo
1521 1852 1587 1905 ad
1612 1868 1795 1923 pacem
1834 1857 1887 1907 et
1911 1853 2238 1907 concordiam
2264 1870 2429 1923 aequa

491 1951 701 2005 valeant
738 1949 1167 2004 determinatione
1205 1948 1504 2019 perducere.
1562 1948 1738 2018 Atque
1775 1949 1958 2003 itidem
1983 1967 2075 2003 vos
2106 1954 2345 2004 exoratos
2377 1954 2429 2004 et

493 2047 777 2118 apostolica
815 2046 1123 2100 auctoritate
1162 2045 1501 2099 commonitos
1550 2062 1663 2099 esse
1701 2046 1963 2115 volumuS,
2011 2050 2095 2115 ut,
2145 2063 2209 2100 ex
2254 2051 2429 2101 vestra

491 2148 641 2215 parte
679 2144 821 2197 omni
854 2143 1083 2196 motione
1122 2142 1308 2213 sopita,
1348 2142 1558 2196 easdem
1592 2143 1736 2212 pacis
1762 2142 1997 2196 inducias
2025 2143 2308 2197 observetis
2332 2160 2428 2198 nec

493 2225 666 2310 aliqua
704 2240 971 2294 occasione
1008 2239 1157 2293 nobis
1196 2255 1314 2292 cum
1338 2237 1725 2292 Deiadiutorio
1765 2239 2110 2293 adstruendae
2147 2239 2292 2310 pacis
2328 2240 2426 2293 im-

490 2338 846 2409 pedimentum
886 2336 1176 2406 opponatis
1248 2334 1380 2389 Cum
1418 2335 1634 2403 etenim,
1682 2339 1742 2388 ut
1785 2336 1953 2403 scitiS,
2001 2335 2150 2389 nobis
2195 2335 2424 2405 mentiri,

493 2434 836 2502 sacrilegium,
877 2432 1112 2486 deserere
1137 2431 1408 2499 iustitiam,
1449 2430 1652 2484 animae
1678 2432 1748 2484 sit
1770 2432 2125 2500 naufragium:
2163 2432 2426 2486 neminem

490 2535 722 2586 vestrum
761 2529 998 2583 dubitare
1034 2528 1290 2594 volumuS,
1331 2528 1454 2596 quin
1495 2544 1651 2597 super
1687 2527 1784 2580 hac
1817 2545 1890 2597 re,
1929 2529 2148 2582 veritate
2174 2528 2424 2597 discussa,

491 2627 735 2698 quicquid
775 2643 997 2695 aequum
1035 2625 1311 2697 videbitpr,
1350 2623 1656 2694 providente
1678 2624 1804 2678 ,Deo
1845 2625 2120 2679 decernere
2160 2628 2212 2678 et
2249 2625 2424 2679 stabili

489 2724 729 2796 pactione
768 2722 1067 2776 studeamus
1106 2702 1333 2787 efficere-3
1386 2725 1437 2774 et
1483 2737 1840 2790 quamcunque
1878 2725 2081 2791 partem
2116 2721 2334 2776 iniurias
2373 2726 2425 2776 et

489 2819 818 2875 conculcatae
862 2819 1094 2872 iustitiae
1140 2817 1442 2871 violentiam
1491 2817 1603 2887 pati
1650 2819 2067 2887 cognoverimus,
2116 2818 2195 2871 illi
2242 2818 2423 2889 procul

490 2917 671 2986 dubio,
722 2915 862 2970 omni
909 2915 1096 2968 timore
1143 2918 1194 2968 et
1239 2917 1479 2984 respectu
1525 2914 1814 2984 personalis
1862 2915 2059 2982 gratiae
2105 2914 2419 2986 posthabitO,

487 3015 719 3067 favorem
759 3015 810 3066 et
848 3011 1159 3082 apostolicae
1198 3010 1520 3065 auctoritatis
1558 3011 1821 3080 praesidia
1858 3012 2221 3066 conferremus,
2282 3009 2422 3064 Data

487 3110 682 3164 Romae
725 3111 789 3163 13
828 3108 1087 3162 Kalendas
1126 3107 1370 3177 Ianuarii,
1409 3107 1692 3161 indictione
1735 3109 1816 3161 12.

488 3282 513 3342 I
544 3285 646 3343 40.
689 3287 1016 3353 Mathildim,
1068 3299 1127 3340 ut
1170 3308 1279 3340 una
1327 3307 1442 3340 cum
1487 3299 1652 3341 matre
1689 3287 1930 3339 Beatrice
1968 3285 2190 3337 Romam
2226 3285 2415 3350 veniat,

690 3384 942 3436 hortatur.

637 3491 915 3561 Gregorius
955 3494 1225 3565 episcopus
1266 3511 1444 3548 servus
1483 3510 1750 3548 servorum
1782 3491 1883 3545 Dei
1906 3489 2146 3544 Mathildi
2183 3490 2420 3559 egregiae

487 3588 677 3643 1ndolis
714 3590 918 3659 puellae
958 3591 1179 3645 salutem
1218 3595 1268 3644 et
1307 3591 1645 3661 apostolicam
1681 3587 2106 3642 benedictionem.

637 3685 768 3748 Quia
806 3687 1098 3739 serenitatis
1139 3691 1340 3740 vestrae
1377 3686 1606 3753 litterae,
1656 3683 1967 3754 apostolicae
2015 3683 2125 3736 sedi
2173 3683 2415 3752 directae,
