2730 4198
337 414 449 459 1081

305 475 414 514 Mart.
434 477 481 515 15

510 279 619 334 466
1026 293 1300 332 GREGORII
1337 293 1416 330 vn
1454 291 1716 330 REGIS'rm
1752 293 1852 329 vm
1878 293 1939 329 21.

509 409 745 465 Lotharii
792 410 1017 464 faciendi
1065 426 1152 476 ea,
1207 425 1306 476 que
1355 407 1419 460 ad
1479 411 1594 477 ipso
1658 426 1750 460 suo
1801 411 2035 478 appetitu
2084 410 2316 478 trepidus
2362 411 2446 460 in-

512 508 867 577 episcopatum
923 504 1187 574 pertinent
1233 503 1287 556 in
1338 503 1418 556 his
1479 505 1831 572 eliquationem
1874 505 2142 573 potestatis
2195 503 2451 556 humanae

511 601 920 673 episcopatibUS,
970 600 1025 652 in
1074 599 1260 668 quibus
1299 602 1421 652 sunt
1476 600 1817 668 pertimescit,·
1857 615 2072 667 cumque
2101 600 2158 650 in
2190 609 2330 651 terra
2356 598 2448 651 lto-

511 698 740 768 episeopi
767 695 1218 763 exeommunicati,
1259 694 1418 764 parti·
1479 696 1668 746 minem
1725 704 1905 746 contra
1961 696 2224 746 veritatem
2271 703 2446 763 pavet,

510 793 730 863 cipando
757 791 999 859 HenricO,
1029 791 1287 859 quondam
1309 791 1419 858 regi
1481 790 1704 842 eiusdem
1760 791 1992 842 veritatis
2048 792 2187 841 iram
2240 790 2448 850 coelitus

510 888 674 954 dict03
709 905 807 956 quo
833 904 996 956 usque
1023 887 1162 939 idem
1189 886 1418 956 episcopi
1479 885 1745 938 sustinet.“
1803 883 1934 937 Item
1970 884 2026 936 in
2064 881 2347 937 Pastorali¹
2386 883 2449 937 de

508 984 796 1037 manserint
813 983 868 1036 in
887 982 1419 1036 excommunicatione
1480 997 1556 1047 e0,
1596 980 1734 1048 quod
1759 996 1852 1049 per
1880 978 2208 1033 Salemonem
2234 979 2447 1032 dicitur:

509 1083 562 1132 et
596 1095 704 1132 non
739 1078 934 1131 fuerint
961 1095 992 1131 a
1020 1077 1169 1130 nobis
1197 1076 1419 1130 absoluti
1482 1076 1590 1142 Qui
1613 1077 1883 1129 abscondit
1895 1076 2189 1144 frumenta,
2230 1076 2447 1128 maledi-

508 1191 600 1228 seu
638 1173 794 1242 legali
831 1178 1009 1227 nostro
1051 1170 1383 1240 successore]
1479 1183 1618 1224 cetur
1675 1175 1731 1224 in
1781 1167 2057 1243 populis².·
2120 1171 2450 1236 „Frumenta

1478 1269 1789 1321 abscondere
1808 1279 1894 1333 est,
1906 1270 2280 1339 predicationis
2295 1268 2450 1321 verba

655 1365 802 1434 apud
825 1383 878 1416 se
902 1366 1147 1425 retinere‚·
1185 1365 1242 1414 in
1260 1364 1479 1433 populis
1509 1375 1678 1416 autem
1707 1365 1827 1417 talis
1862 1367 2078 1434 quisque
2102 1365 2446 1429 maledicitur,

656 1462 783 1529 quia
820 1462 878 1511 in
916 1460 1076 1511 solius
1116 1459 1273 1529 culpa
1310 1460 1505 1512 silentii
1532 1479 1636 1530 pro
1675 1461 1982 1525 nzultorum,
2026 1479 2153 1530 quos
2194 1463 2450 1531 corriqere

646 1557 840 1625 potuit,
860 1573 1037 1625 poena
1063 1556 1395 1624 dampnatur.
1441 1555 1507 1608 Si
1532 1557 1856 1608 medicinalis
1883 1558 2011 1608 artis
2036 1559 2247 1609 minime
2271 1558 2452 1627 iqnari

654 1652 932 1702 secandum
956 1650 1144 1702 vulnus
1172 1660 1431 1702 cernerent
1456 1661 1503 1703 et
1526 1669 1698 1703 secare
1721 1663 2030 1717 recusarent,
2064 1653 2302 1723 profecto
2319 1671 2447 1723 pee-

653 1757 823 1799 catum
846 1746 1092 1815 fraterne
1128 1748 1309 1798 mortis
1338 1764 1399 1797 ecc
1424 1747 1533 1798 solo
1561 1757 1768 1816 torpore
1795 1751 2175 1801 committerent.
2239 1747 2449 1814 Quanta

653 1861 773 1912 erqo
805 1842 958 1912 culpa
985 1842 1333 1907 involvantur,
1375 1844 1650 1912 aspiciant,
1695 1845 1802 1912 qui,
1845 1844 1966 1894 dum
1999 1854 2310 1912 coqnoscunt
2331 1843 2446 1895 vul-

650 1957 780 1990 nera
815 1941 1078 2003 mentium,
1121 1956 1305 1990 curare
1342 1938 1611 2007 neqliyunt
1634 1940 1852 1990 sectione
1875 1939 2161 1991 verborum.
2233 1939 2377 1992 Unde
2403 1950 2450 1992 et

653 2035 775 2087 bene
791 2053 894 2105 per
910 2035 1226 2105 prophetam
1251 2035 1469 2086 dicitur:
1502 2073 1531 2097 „
1549 2074 1576 2098 „
1595 2035 1925 2100 IVIaledictus,
1957 2038 2051 2105 qui
2065 2036 2308 2106 prohibet
2327 2035 2446 2105 yla-

1380 2125 1510 2181 '““³.
1593 2128 1844 2184 Gladium
1891 2133 2087 2202 quippe
2124 2151 2157 2183 a
2195 2133 2448 2201 sanquine

653 2133 797 2183 dium
843 2149 993 2183 suum
1043 2151 1076 2182 a
1122 2132 1376 2200 sanquine

644 2227 923 2298 prohibere
963 2236 1059 2291 est,
1105 2227 1480 2296 predicationis
1527 2226 1737 2278 verbum
1775 2246 1808 2277 a
1848 2227 2076 2278 carnalis
2114 2229 2248 2279 vitae
2283 2229 2444 2279 inter-

635 2322 871 2391 fectione
895 2322 1165 2374 retinere“.
1223 2319 1295 2373 Et
1321 2324 1441 2389 post
1466 2320 1621 2389 paulo
1649 2316 1917 2373 inferius⁴z
1948 2321 2054 2384 „Si
2081 2340 2200 2390 erqo
2226 2322 2315 2373 ille
2339 2321 2448 2374 Dei

651 2420 858 2483 dicitur,
901 2419 996 2486 qui
1031 2419 1103 2468 ad
1123 2416 1376 2485 ferienda
1414 2419 1552 2468 vicia
1588 2417 1695 2469 zelo
1736 2418 1907 2469 divini
1942 2419 2135 2469 amoris
2174 2419 2442 2482 eoecitatur,

642 2513 880 2584 profecto
909 2531 1012 2564 esse
1048 2531 1101 2564 se
1126 2512 1235 2564 Dei
1258 2514 1489 2581 deneyat,
1521 2515 1626 2581 qui,
1659 2523 1908 2582 quantum
1933 2513 2142 2581 sufficit,
2176 2515 2447 2582 increpare

649 2610 811 2661 vitam
850 2609 1142 2660 carnalium
1179 2618 1383 2660 recusat
1398 2608 1443 2659 “.
1504 2605 1634 2659 Cum
1675 2624 1796 2674 ergo
1834 2607 2123 2677 periculum
2161 2610 2398 2660 nostrum
2410 2614 2444 2675 ⁸,

651 2704 785 2756 sicut
810 2720 874 2756 ex
901 2702 980 2756 his
1007 2702 1267 2771 colligitis,
1307 2720 1399 2756 vos
1428 2708 1667 2775 oporteat
1694 2702 1912 2757 sollicite
1940 2702 2167 2771 cogitare
2193 2703 2445 2756 maxime-

651 2815 749 2867 que
788 2798 1066 2866 vigilanter
1105 2814 1304 2868 cavere,
1344 2804 1468 2853 tune
1500 2799 1688 2854 etiamb
1716 2799 1949 2853 subditos
1977 2803 2028 2852 et
2052 2798 2318 2869 proximos
2356 2815 2446 2852 ve-

649 2899 830 2963 stros⁰,
872 2894 959 2963 qui
1000 2895 1291 2963 corrigendi
1330 2900 1466 2964 sunt,
1510 2896 1788 2951 admonere
1815 2896 1991 2964 eisque
2016 2893 2279 2964 ipsorum‘¹
2304 2895 2444 2964 peri-

649 2990 840 3058 culum,
869 2990 914 3043 si
941 2990 1151 3044 obedire
1179 2994 1568 3062 contempnant,
1599 2991 1874 3060 diligenter
1900 2990 2127 3044 debetis⁰
2154 2989 2441 3043 ostendere.

648 3085 796 3140 Unde
834 3086 973 3140 idem
1012 3086 1194 3140 beatus
1222 3085 1503 3155 Gregorius
1534 3104 1691 3158 super
1720 3087 1810 3140 illo
1850 3085 2101 3156 capitulo:
2141 3086 2334 3138 Melior
2371 3095 2446 3138 est

649 3183 936 3236 obedientia
978 3201 1135 3253 quam
1172 3186 1409 3236 victimae
1447 3195 1494 3237 et
1530 3184 1824 3256 auscultare
1859 3184 2027 3253 maqis
2067 3199 2224 3251 quam
2261 3181 2443 3250 offerre

647 3280 857 3349 adipem
893 3281 1114 3332 arietum
1126 3299 1143 3341 ,·
1185 3282 1434 3349 quoniam
1473 3283 1628 3350 quasi
1653 3289 1925 3350 peccatum
1963 3277 2232 3329 ariolandi
2263 3286 2337 3330 est
2358 3294 2440 3329 re-

638 3394 909 3445 puqnare,
963 3386 1010 3428 et
1057 3378 1212 3444 quasi
1256 3376 1419 3428 scelus
1463 3377 1741 3428 idolatriae
1778 3374 1914 3426 nolle
1953 3374 2271 3442 acquiescere
2282 3367 2316 3438 ⁵,
2367 3371 2443 3424 sie

619 3494 652 3520 a.
679 3485 846 3521 vestrum
873 3485 918 3521 U.
1034 3483 1072 3521 b.
1098 3485 1178 3521 tum
1206 3486 1244 3522 et
1271 3486 1315 3523 U.
1443 3496 1474 3522 c.
1500 3486 1652 3521 nostros
1677 3486 1723 3521 B.
1845 3482 1882 3519 d.
1911 3493 1975 3519 eos
2003 3492 2131 3518 eorum
2159 3483 2192 3518 B
2215 3495 2285 3529 pro
2314 3481 2444 3530 eisque

498 3548 678 3596 ipsorum.
808 3561 840 3587 e.
876 3549 1022 3587 debetis
1049 3564 1117 3587 om.
1141 3552 1185 3587 Β.

617 3613 657 3656 1.
688 3613 739 3656 L.
762 3613 827 3656 111
858 3626 895 3656 c.
918 3615 988 3669 25,
1022 3613 1134 3669 Opp.
1157 3613 1202 3657 S.
1226 3613 1362 3670 Greg.
1390 3613 1460 3657 ed.
1483 3611 1764 3656 Benedictini
1794 3611 1848 3655 T.
1871 3610 1916 3654 II
1948 3611 2017 3655 74.
2042 3610 2111 3654 75.
2232 3612 2273 3654 2.
2305 3610 2438 3655 Prov.

500 3684 570 3741 11,
592 3684 663 3728 26.
807 3686 848 3728 3.
880 3685 1038 3728 Ierem.
1061 3686 1133 3742 48,
1157 3687 1225 3730 10.
1369 3686 1412 3729 4.
1444 3686 1473 3729 l.
1496 3685 1524 3728 l.
1556 3685 1609 3729 T.
1631 3685 1675 3728 II
1707 3686 1776 3728 76.
1921 3684 1962 3728 5.
1997 3685 2021 3728 1
2043 3684 2156 3740 Reg.
2181 3684 2250 3741 15,
2272 3685 2344 3728 22.
2366 3684 2438 3728 23.
