2730 4198
775 299 1050 338 GREGORH
1085 300 1165 337 vn
1202 299 1467 338 REGISTRI
1499 300 1604 336 vm
1633 298 1693 335 11.
1721 299 1781 335 12.
2144 283 2249 336 441

455 415 711 480 Quoniam
757 418 905 484 regni
954 418 1031 470 tui
1079 421 1275 471 terram
1324 416 1576 486 quosdam
1627 415 1762 469 sacri
1800 413 1947 469 verbi
1983 413 2252 467 ministros

304 512 465 566 fuisse
490 512 752 580 ingressos
782 512 1090 581 audivimus,
1127 512 1332 566 noverit
1358 512 1666 566 excellentia
1689 516 1796 580 tua,
1822 527 1918 564 nos
1944 511 2000 563 in
2026 510 2250 563 Domino

302 607 526 661 multum
563 607 773 674 laetari3
825 609 1067 679 deinceps
1109 625 1312 678 quoque
1352 608 1415 660 de
1455 608 1638 660 salutis
1677 611 1882 660 vestrae
1921 606 2252 676 reparatione

301 702 587 775 plurimum
628 703 740 773 spei
773 704 1128 777 indubitanter
1153 704 1360 757 habere.
1423 702 1693 757 Gallicana
1719 703 1975 772 siquidem
2005 702 2254 756 aecclesia

2285 420 2399 464 1080

2283 479 2362 518 Oct.
2381 482 2406 519 4

302 817 409 853 non
447 816 539 853 vos
581 799 764 853 alienis
793 801 1116 854 documentis
1143 799 1410 867 instruxit,
1452 799 1559 867 sed,
1603 799 1740 868 quod
1767 798 1830 851 de
1856 798 2114 851 thesauris
2140 814 2252 851 ma·
2292 863 2296 867 ¹

301 896 398 949 tris
440 913 563 950 suae
603 901 811 950 sanctae
837 896 1102 950 Romanae
1143 895 1420 949 aecclesiae
1461 895 1675 965 accepit,
1716 894 1913 947 salubri
1951 894 2098 947 vobis
2137 911 2252 947 eru-

301 991 498 1046 ditione
537 993 866 1046 contradidit.
928 992 1272 1062 Quapropter,
1311 994 1370 1044 ut
1409 990 1724 1044 christianae
1759 990 2026 1058 religionis
2055 993 2106 1043 et
2132 990 2252 1044 doc-

300 1088 471 1142 trinae
510 1089 732 1157 gratiam
764 1088 1042 1142 obtineatis
1069 1087 1380 1155 uberiorem,
1412 1087 1678 1140 volumus:
1717 1085 2081 1140 celsitudinem
2106 1090 2251 1140 tuam

302 1184 528 1255 aliquem
575 1184 658 1238 vel
707 1184 1006 1254 episcopum
1063 1183 1146 1236 vel
1192 1183 1436 1236 idoneum
1487 1183 1731 1237 clericum
1789 1183 1856 1236 ad
1913 1183 2252 1253 apostolicam
2272 1185 2285 1202 ‘

302 1280 477 1334 sedem
520 1281 759 1349 dirigere,
802 1280 890 1348 qui
930 1283 982 1333 et
1018 1283 1189 1333 terrae
1228 1283 1433 1333 vestrae
1471 1279 1804 1333 habitudines
1841 1279 2113 1348 gentisque
2140 1296 2251 1332 mo-

299 1393 384 1430 res
422 1376 572 1430 nobis
613 1393 916 1444 suggerere,
957 1380 1009 1429 et
1048 1375 1333 1446 apostolica
1369 1376 1645 1444 mandata,
1687 1376 1749 1430 de
1789 1376 1989 1430 cunctis
2027 1376 2251 1446 pleniter

297 1473 602 1541 instructUS,
644 1472 710 1525 ad
746 1489 837 1525 vos
878 1472 1070 1526 certius
1099 1476 1255 1542 queat
1285 1473 1494 1527 referre.
1554 1472 1771 1526 Interim
1799 1489 1919 1526 vero
1946 1489 2246 1526 monemus:

298 1573 358 1623 ut
395 1569 674 1639 prudentia
711 1572 802 1621 tua
841 1569 1175 1622 commissum
1204 1569 1304 1622 sibi
1329 1587 1548 1638 regnum
1575 1570 1630 1623 in
1658 1569 1963 1622 concordiae
1988 1569 2246 1622 iustitiae-

299 1683 397 1735 que
436 1664 670 1719 custodia
709 1665 900 1733 dirigat
938 1669 1092 1735 atque
1124 1666 1391 1736 disponat3
1435 1681 1494 1718 ac
1530 1665 1606 1719 ita
1644 1665 1781 1718 circa
1815 1665 2073 1719 subiectos
2103 1666 2248 1736 pacis

298 1761 415 1815 iura
464 1766 516 1815 et
564 1762 840 1831 aequitatis
892 1762 1270 1815 districtionem
1320 1777 1527 1814 servare
1573 1762 1711 1815 inter
1750 1764 1955 1815 caetera
1991 1762 2247 1815 virtutum

299 1858 474 1911 studia
511 1861 731 1926 satagat,
774 1859 1018 1927 quatinus
1056 1875 1151 1928 per
1189 1857 1494 1928 temporalis
1534 1857 1803 1926 regiminis
1844 1858 2247 1912 sollicitudinem

298 1957 561 2008 mereatur
612 1955 811 2007 aeterni
857 1955 1125 2024 percipere
1176 1954 1534 2023 securitatem,
1583 1958 1636 2007 et
1681 1971 1794 2008 cum
1846 1954 1999 2008 iustis
2047 1972 2245 2024 vocem,

298 2050 459 2103 totius
517 2050 853 2104 iocunditatis
902 2050 1140 2121 plenam,
1201 2050 1257 2103 in
1309 2054 1542 2104 extremo
1593 2051 1832 2104 examine
1879 2051 2033 2119 digne
2079 2052 2248 2122 possit

299 2145 503 2200 audire:
544 2147 734 2213 Venite,
777 2148 1031 2201 benedicti
1057 2150 1233 2218 patris
1272 2150 1389 2213 mei,
1430 2149 1685 2218 percipite
1713 2167 1945 2218 requam,
1990 2151 2131 2218 quod
2154 2168 2244 2202 vo-

296 2243 374 2296 bis
405 2255 660 2314 paratum
700 2255 773 2297 est
811 2245 874 2297 ab
917 2247 1118 2314 oriyine
1153 2239 1383 2296 mundi¹.
1444 2242 1586 2295 Data
1624 2244 1659 2295 4
1697 2243 1873 2296 Nonas
1914 2243 2168 2298 Octobris,

295 2413 426 2477 VIII
458 2418 555 2475 12.
606 2420 899 2487 Tuscanos,
941 2421 1224 2474 Firmanos
1237 2461 1252 2487 ,
1297 2422 1624 2474 Ravennates
1663 2421 1926 2486 hortatur,
1970 2433 2241 2492 quaerant,

483 2519 578 2587 qui
613 2517 909 2586 sufficiatur
945 2520 1003 2570 in
1043 2518 1212 2570 locum
1251 2518 1466 2571 Wibertz‘
1501 2517 1884 2589 archiepiscopi
1922 2514 2244 2572 Ravennatis

478 2615 588 2665 iam
625 2614 719 2665 diu
757 2614 1195 2667 anathematizati.

446 2720 728 2791 Gregorius
769 2723 1042 2793 episcopus
1083 2741 1262 2778 servus
1299 2740 1567 2778 servorum
1593 2723 1692 2777 Dei
1719 2725 1957 2779 omnibus
1985 2726 2242 2797 episcopis

295 2817 570 2871 abbatibus
610 2818 811 2871 clericis
853 2821 1007 2888 atque
1048 2819 1196 2874 laicis
1234 2821 1291 2873 in
1329 2820 1564 2888 marchia
1603 2821 1864 2891 Tuscana,
1904 2822 2152 2876 Firmana
2191 2827 2243 2877 et

293 2914 349 2967 in
389 2913 673 2967 exarchatu
697 2913 990 2968 Ravennati
1028 2903 1341 2985 constitutis,
1383 2918 1473 2986 qui
1513 2921 1722 2971 sanctae
1747 2917 2011 2972 Romanae
2047 2919 2240 2972 aeccle-

294 3010 401 3064 siae
441 3009 576 3063 sicut
614 3010 925 3064 christianos
966 3015 1171 3082 oportet
1209 3013 1507 3083 oboediunt,
1547 3014 1769 3068 salutem
1810 3019 1861 3067 et
1899 3015 2240 3085 apostolicam

291 3106 722 3161 benedictionem.

437 3201 753 3258 Prudentiae
793 3207 996 3258 vestrae
1034 3207 1218 3259 notum
1258 3223 1371 3260 esse
1397 3223 1500 3259 non
1530 3206 1854 3260 dubitamus:
1897 3211 2089 3276 quanto
2115 3207 2238 3262 reli-

291 3299 460 3367 gionis
500 3299 643 3353 cultu
682 3304 862 3354 sancta
885 3300 1159 3355 Ravennas
1201 3302 1452 3356 aecclesia
1487 3301 1685 3372 pollere
1724 3303 2036 3372 quantisque
2061 3320 2237 3357 rerum

289 3396 704 3449 necessariarum
742 3397 904 3467 copiis
945 3397 1099 3451 solita
1134 3398 1202 3451 sit
1227 3399 1524 3469 praeteritis
1553 3398 1702 3452 annis
1731 3398 1957 3468 affluere,
1998 3400 2237 3470 quodque

290 3491 456 3558 magis
495 3491 636 3545 illius
675 3493 911 3563 interest,
953 3511 1111 3564 quam
1150 3495 1365 3565 speciali
1392 3494 1666 3548 dilectione
1691 3495 1849 3548 matri
1875 3512 1998 3549 suae
2026 3500 2236 3550 sanctae

290 3586 555 3641 Romanae
604 3588 883 3643 aecclesiae
933 3590 996 3644 ab
1044 3591 1160 3660 ipso
1207 3590 1329 3645 fidei
1378 3591 1693 3644 christianae
1730 3590 1988 3662 principio
2028 3609 2235 3663 semper

407 3696 447 3739 1.
480 3694 547 3740 cf.
568 3696 724 3741 Matth.
747 3698 818 3755 25,
842 3698 912 3742 34.

2291 2741 2405 2785 1080

2272 2800 2352 2839 Oct.
2373 2802 2419 2840 15
