2730 4198
726 265 1070 304 Bom'rnoms
1109 268 1186 304 AD
1225 267 1453 305 AMrch
1490 268 1599 304 Lm.
1628 269 1707 304 vn
2079 255 2186 307 669

243 379 529 451 pontificiS‚
580 380 892 451 dictaverat,
934 383 1405 437 excommunicavit
1419 379 1447 452 ¹,
1489 399 1770 453 eorumque
1809 383 2189 453 depositionem
2219 390 2335 435 1076

243 476 483 548 cassavit.
539 475 1007 532 Reverentissimus
1043 497 1166 533 vero
1203 480 1507 549 imperator,
1547 496 1670 532 mox
1696 483 1755 531 ut
1778 478 1974 532 factum
2000 496 2189 547 cogno—

243 571 335 640 vit,
374 588 481 624 non
506 572 714 626 rebellis
743 574 934 643 extitit,
976 579 1055 628 set
1080 576 1284 628 veniam
1314 575 1581 628 humiliter
1606 574 1768 644 peciit
1792 578 1844 628 et
1867 574 2185 643 impetravit.

242 665 643 721 Constantinus²
668 685 809 739 papa
834 669 1088 723 Iustinum
1115 671 1484 741 imperatorem
1496 666 1531 738 ³,
1557 669 1835 736 Iustiniani
1858 668 2042 738 filium,
2068 687 2189 739 pro-

241 767 359 832 pter
395 780 501 816 non
539 764 807 818 decentem
845 765 1133 833 legatorum
1175 782 1388 818 suorum
1424 766 1808 834 susceptionem
1834 766 2189 819 excommuni-

242 859 406 926 cavit;
448 860 537 928 qui
566 865 750 930 postea
774 861 829 914 in
857 860 1433 930 Constantinopolitane
1458 859 1603 913 urbis
1628 860 1805 930 platea
1828 861 2049 930 pedibus
2077 861 2187 914 eius

241 970 360 1007 cum
398 972 557 1023 regno
597 960 890 1026 prostratus
929 961 1039 1009 tam
1078 956 1168 1008 diu
1194 956 1402 1010 veniam
1435 955 1609 1025 peciit,
1649 955 1814 1009 donec
1837 953 2185 1027 impetravit⁴.

245 1048 336 1104 Set
381 1049 724 1105 Anastasius⁵
774 1069 912 1122 papa
957 1051 1362 1106 Anastasium⁶6
1409 1051 1784 1121 imperatorem
1832 1053 2188 1106 excommuni-

242 1143 431 1214 cavit⁷;
484 1148 600 1217 qui,
640 1151 881 1217 proterve
921 1147 1139 1216 loquens
1180 1147 1243 1201 de
1281 1165 1445 1218 papa,
1484 1147 1542 1200 in
1579 1148 1695 1218 ipso
1733 1148 1930 1219 palatio
1968 1149 2187 1203 fulmine

239 1258 516 1312 percussus
565 1239 810 1296 interiit⁸.
963 1243 1175 1297 Tercius
1214 1261 1337 1298 vero
1378 1242 1658 1312 Gregorius
1696 1262 1837 1315 papa
1873 1262 1981 1298 non
2019 1245 2190 1298 solum

239 1336 468 1392 Leonem
506 1339 876 1409 imperatorem
904 1340 1391 1409 excommunicavit,
1433 1344 1512 1395 set
1538 1341 1698 1394 etiam
1723 1358 1884 1408 regno
1913 1337 2185 1412 privavit⁹.

243 1430 584 1504 Stephanus¹⁰
622 1452 744 1488 vero
784 1452 926 1505 papa
962 1435 1213 1489 Karolum
1250 1435 1465 1507 Pippini
1502 1437 1641 1505 regis
1688 1437 1908 1491 fratrem
1959 1455 1990 1490 a
2026 1454 2187 1506 regno

241 1527 538 1600 deposuit¹¹‚
590 1534 641 1583 et
678 1529 962 1600 Pippinum
1001 1531 1058 1585 in
1095 1532 1207 1586 loco
1250 1533 1359 1586 eius
1399 1533 1685 1586 constituit.
1840 1532 1931 1586 Set
1969 1538 2021 1587 et
2060 1532 2188 1588 Gre-

238 1626 414 1694 gorius
426 1622 459 1649 ¹²
480 1625 677 1695 doctor,
698 1625 962 1680 Romanus
989 1645 1146 1698 papa,
1170 1629 1311 1682 omni
1339 1629 1591 1697 dignitate
1619 1629 1863 1700 privavit,
1893 1630 2186 1700 quicunque

237 1721 500 1793 privilegii
539 1723 620 1775 sui
658 1723 904 1793 paginam
943 1723 1232 1778 violaverit.
1294 1724 1381 1778 Sic
1419 1725 1561 1779 enim
1597 1726 1653 1778 in
1693 1725 1918 1795 quodam
1958 1743 2050 1779 suo
2076 1726 2186 1796 pri-

238 1814 471 1886 vilegio¹³
498 1818 867 1889 subscripsisse
894 1820 1180 1874 invenitur:
1226 1819 1512 1892 Greqorius
1542 1822 1793 1876 Senatori
1812 1823 2112 1893 presbytero
2142 1833 2189 1876 et

240 1915 418 1968 abbati
451 1917 762 1968 xenodochii
791 1916 1123 1970 Francorum
1132 1938 1150 1981 ‚·
1187 1917 1326 1971 inter
1364 1922 1563 1972 cetera:
1603 1919 1751 1972 Haec
1787 1921 1953 1989 iyitur
1991 1922 2183 1986 omnia,

242 2030 339 2081 que
385 2011 536 2064 huius
586 2015 820 2083 precepti
865 2015 1154 2083 decretique
1203 2018 1372 2068 nostri
1404 2017 1609 2086 paqina
1647 2018 1896 2082 continet,
1947 2026 2054 2069 tam
2092 2016 2189 2069 tibi

242 2125 399 2178 quani
437 2111 648 2174 cunctis,
691 2112 786 2179 qui
820 2112 876 2162 in
917 2129 972 2163 eo
1014 2128 1115 2180 quo
1156 2129 1205 2162 es
1246 2113 1428 2164 ordine
1467 2112 1680 2182 locoque
1717 2113 2066 2177 successerint,
2107 2111 2189 2163 vel

239 2206 328 2269 eis,
371 2221 591 2274 quorum
628 2207 868 2258 interesse
903 2205 1178 2276 potuericb,
1220 2209 1277 2259 in
1307 2219 1620 2278 perpetuum
1657 2210 1915 2261 servanda
1953 2209 2208 2264 decerni-v

237 2318 368 2352 mus.
430 2299 498 2354 Si
523 2303 638 2370 quis
665 2320 783 2354 vero
810 2321 1008 2372 recum,
1049 2305 1394 2369 sacerdotum,
1434 2306 1668 2357 iudicum
1694 2315 1848 2374 atque
1874 2305 2186 2357 secularium

229 2415 595 2467 personarum,
639 2398 773 2450 hanc
802 2401 1182 2452 constitutionis
1220 2410 1394 2452 nostre
1409 2403 1671 2470 paqinam
1698 2419 2021 2471 coynoscens,
2065 2419 2185 2454 con-

239 2503 323 2546 tra
371 2511 483 2546 eam
528 2496 702 2546 venire
749 2498 1098 2565 temptaverit,
1149 2499 1416 2567 potestatis
1456 2497 1770 2567 honorisque
1808 2500 1893 2550 sui
1929 2498 2188 2567 diynitate

241 2599 429 2654 careat,
471 2608 715 2659 reumque
753 2599 831 2643 se⁰
873 2593 1051 2644 divino
1089 2594 1286 2646 iudicio
1328 2596 1544 2646 eoeistere
1570 2595 1634 2646 de
1653 2604 1961 2664 perpetrata
1986 2595 2186 2663 iniqui-

239 2695 342 2738 tate
379 2697 667 2755 coynoscat.
781 2685 852 2739 Et
890 2686 1015 2755 quid
1053 2687 1223 2740 dicam
1258 2688 1321 2741 de
1348 2685 1623 2757 Nicolao¹⁴‚
1666 2689 1755 2758 qui
1794 2689 1922 2742 duos
1960 2689 2187 2759 impera-

238 2783 378 2835 tores
417 2797 519 2834 uno
547 2780 829 2850 eodemque
854 2785 1090 2852 tempore
1118 2783 1616 2838 excommunicavit:
1658 2784 1966 2839 orientalem
1991 2784 2189 2839 scilicet

358 2931 391 2957 a.
426 2920 673 2957 Athanasium
701 2935 732 2958 c.
885 2921 923 2958 b.
956 2921 1150 2969 potuerint
1177 2936 1209 2958 c.
1365 2934 1397 2960 c.
1433 2934 1473 2960 se
1501 2938 1570 2960 om.
1592 2939 1623 2961 c.

359 2992 398 3035 1.
440 2992 494 3036 V.
528 3005 665 3048 supra
694 3006 738 3048 p.
760 2992 848 3036 458
880 3007 923 3036 n.
948 2993 988 3036 1.
1119 2994 1167 3036 2.Α
1202 2993 1238 3037 Ι.
1358 2994 1401 3038 3.
1441 2994 1558 3038 Tum
1589 3007 1680 3039 non
1709 2995 1910 3039 Iustinus
1942 2995 2024 3039 sed
2053 2996 2186 3040 Iusti-

238 3064 400 3109 nianus
430 3065 474 3108 II
503 3064 768 3121 imperabat.
918 3066 961 3108 4.
1001 3065 1158 3122 Neque
1188 3078 1297 3110 vero
1329 3071 1507 3111 constat
1536 3068 1804 3125 quidquam,
1846 3068 1935 3112 nisi
1966 3067 2186 3113 Constan-

237 3138 382 3182 tinum
412 3138 435 3182 Ι
471 3152 636 3194 papam
675 3138 859 3182 iubente
897 3139 1147 3184 Iustiniano
1186 3140 1229 3184 II
1268 3141 1537 3197 imperatore
1585 3154 1702 3186 anno
1744 3142 1828 3186 709
1871 3141 2186 3186 Constantino-

238 3211 375 3268 polim
406 3212 491 3256 iter
519 3211 696 3256 fecisse.
745 3211 799 3256 V.
829 3210 1114 3256 Constantini
1143 3214 1166 3257 I
1194 3227 1341 3270 papae
1371 3215 1512 3259 vitam
1544 3228 1616 3271 ap.
1638 3215 1855 3259 Muratori
1885 3214 1965 3259 SS.
1986 3215 2054 3259 III
2085 3216 2186 3260 152.

238 3285 280 3328 5.
311 3285 369 3328 II.
498 3286 539 3329 6.
571 3285 606 3328 I.
737 3285 777 3329 7.
809 3283 916 3328 ficta
946 3298 1032 3330 res.
1160 3287 1202 3331 8.
1235 3286 1303 3332 Cf.
1335 3288 1451 3333 Hist.
1484 3289 1732 3333 miseellam
1763 3302 1835 3345 ap.
1857 3289 2073 3333 Muratori
2104 3287 2184 3334 SS.

238 3358 259 3402 I
292 3359 390 3402 102.
511 3359 552 3402 9.
586 3359 679 3401 Leo
709 3357 776 3401 111
804 3358 1048 3414 imperator
1068 3361 1170 3414 (717
1183 3361 1353 3416 —741)
1386 3375 1414 3406 a
1434 3360 1653 3418 Gregorio
1674 3362 1741 3406 III
1760 3375 1881 3418 papa
1901 3355 2186 3417 (731—741)

238 3443 385 3486 neque
417 3432 832 3475 excommunicatus
863 3444 946 3475 nec
968 3432 1169 3477 deiectus
1191 3438 1274 3478 est.
1397 3436 1467 3479 10.
1500 3435 1871 3490 111(752—757).
1994 3437 2063 3480 11.
2094 3436 2186 3479 Ka-

239 3504 500 3548 rolomanno
546 3509 696 3549 autem
741 3506 830 3549 iam
878 3518 995 3549 anno
1038 3506 1121 3550 747
1167 3506 1429 3552 Zachariam
1473 3522 1639 3565 papam
1684 3511 1866 3552 constat
1912 3543 1933 3565 „
1949 3509 2186 3553 clericatus

238 3575 421 3632 iugum“
445 3577 728 3634 imposuisse.
760 3579 817 3623 V.
840 3579 1039 3634 Regesta
1058 3583 1181 3635 pont.
1203 3580 1332 3624 Rom.
1354 3595 1399 3637 p.
1418 3582 1518 3625 187.
1642 3582 1712 3625 12.
1743 3581 1780 3624 I.
1902 3581 1972 3625 13.
2006 3580 2051 3625 S.
2076 3580 2185 3626 Gre-

240 3649 356 3705 gorii
373 3650 572 3706 Registri
591 3652 641 3695 L.
659 3652 771 3696 XIII
790 3664 860 3708 ep.
877 3653 919 3709 8,
952 3651 1065 3709 Opp.
1088 3652 1159 3697 ed.
1181 3653 1465 3699 Benedictini
1494 3654 1548 3699 T.
1569 3655 1615 3699 H
1647 3655 1776 3699 1221.
1801 3654 1930 3698 1223.
2052 3654 2123 3699 14.
2147 3655 2184 3700 I.
