2782 4198
375 389 490 432 1076

349 450 444 496 Aug.
465 450 512 487 25

542 249 649 304 242
1087 264 1362 304 GREGORII
1398 265 1476 302 vn
1513 263 1776 302 REGIs'rRI
1812 266 1870 302 1v
1897 265 1932 301 2.

542 399 687 451 men,
735 399 801 436 116
847 382 1183 451 impatienter
1230 380 1439 433 illorum
1477 380 1834 450 insipientiam
1874 382 2158 451 praeterire
2197 382 2482 451 videamur,

544 478 610 531 ad
649 482 949 532 sanctorum
985 479 1194 546 patrum
1235 476 1374 529 dicta
1410 475 1494 528 vel
1530 476 1671 529 facta
1706 475 1823 529 illos
1863 477 2145 546 mittimus,
2193 482 2252 531 ut
2290 494 2377 531 eos
2418 477 2483 531 ad

542 591 724 627 sanam
764 573 1053 626 doctrinam
1090 589 1407 626 revocemus.
1558 570 1760 638 Legant
1797 572 1990 641 itaque,
2030 573 2155 642 quid
2179 573 2360 627 beatus
2387 572 2483 627 Pe-

541 673 652 722 trus
691 669 747 721 in
786 668 1111 722 ordinatione
1151 669 1318 722 sancti
1344 667 1626 721 Clementis
1662 666 1855 737 populo
1883 667 2163 722 christiano
2190 665 2482 739 praecepit¹

542 765 605 818 de
644 781 720 833 60,
763 781 917 833 quem
956 765 1149 818 scirent
1185 781 1290 817 11011
1319 763 1508 817 11611616
1535 763 1757 830 gratiam
1784 762 2061 833 pontificis.
2176 764 2482 833 Addiscant,

541 876 632 913 cur
671 860 935 931 apostolus
976 860 1139 914 dicat:
1180 862 1440 914 Habentes
1478 863 1535 912 in
1564 870 1819 930 promptu
1844 861 2029 913 ulcisci
2052 880 2250 914 omnem
2274 863 2481 916 inoboe-

541 951 847 1019 dientiam23
897 960 949 1010 et
996 956 1059 1009 de
1107 956 1292 1025 quibus
1342 956 1490 1008 dicit:
1544 955 1671 1008 Cum
1717 957 2017 1009 huiusmodi
2058 976 2150 1009 nec
2189 958 2358 1010 cibum
2394 977 2482 1010 su-

538 1048 718 1105 mere⁸.
870 1050 1236 1120 Considerent,
1293 1069 1384 1105 cur
1430 1050 1708 1105 Zacharias
1755 1068 1895 1121 papa
1939 1069 2115 1120 regem
2163 1051 2484 1106 Francorum

540 1148 840 1217 deposuerit
879 1152 930 1201 et
968 1164 1146 1201 omnes
1173 1147 1522 1215 Francigenas
1564 1165 1593 1200 a
1631 1147 1837 1200 vinculo
1876 1147 2172 1215 iuramenti,
2213 1148 2350 1217 quod
2385 1149 2485 1203 sibi

538 1243 786 1311 fecerant,
828 1243 1122 1297 absolverit.
1247 1243 1304 1297 In
1343 1244 1564 1311 registro
1604 1243 1744 1296 beati
1771 1242 2010 1311 Gregorii
2037 1244 2322 1312 addiscant,
2363 1245 2485 1314 quia

538 1338 595 1392 in
644 1339 956 1409 privilegiiS,
1018 1356 1150 1408 quae
1199 1339 1510 1408 quibusdam
1559 1339 1788 1392 ecclesiis
1836 1340 1982 1408 fecit,
2031 1357 2180 1408 reges
2229 1345 2281 1394 et
2328 1341 2484 1394 duces

539 1439 721 1488 contra
759 1452 854 1488 sua
892 1434 1031 1487 dicta
1070 1435 1333 1489 venientes
1369 1452 1473 1488 non
1501 1435 1670 1488 solum
1696 1436 2165 1490 excommunicavit
2191 1437 2283 1490 sed
2309 1438 2483 1504 etiam,

538 1534 598 1582 ut
648 1530 902 1597 dignitate
952 1535 1188 1599 careant,
1247 1528 1542 1585 iudicavit⁴.
1694 1531 1802 1585 Nec
1840 1533 2288 1601 praetermittant,
2347 1534 2485 1601 quod

537 1625 720 1679 beatus
759 1625 1071 1679 Ambrosius
1110 1643 1215 1679 non
1254 1627 1422 1680 solum
1459 1644 1638 1695 regem
1677 1628 1768 1680 sed
1808 1628 1967 1681 etiam
2004 1645 2061 1681 re
2099 1645 2223 1682 vera
2259 1629 2484 1698 impera-

537 1724 705 1774 torem
743 1721 975 1775 moribus
1015 1725 1068 1775 et
1103 1726 1361 1791 potestate
1389 1722 1764 1776 Theodosium⁸
1803 1740 1909 1776 non
1944 1727 2150 1777 tantum
2188 1741 2485 1778 excommu-

537 1817 758 1885 nicavit,
814 1817 905 1871 sed
955 1818 1141 1885 etiam,
1190 1835 1257 1871 ne
1303 1823 1662 1888 praesumeret
1700 1820 1754 1872 in
1792 1818 1905 1872 loco
1946 1819 2273 1873 sacerdotum
2310 1821 2367 1873 in
2403 1837 2486 1874 66-

538 1912 697 1966 616616
735 1930 963 1981 111611616,
1002 1913 1291 1967 interdixit.

669 2008 772 2062 Sed
790 2009 924 2062 forte
943 2009 1041 2063 hoc
1060 2009 1243 2063 volunt
1260 2010 1516 2080 praedicti
1537 2011 1638 2063 viri
1658 2011 2072 2079 subintelligere:
2102 2011 2255 2080 quod,
2279 2012 2485 2080 quando

537 2104 680 2158 Deus
732 2105 1004 2159 ecclesiam
1053 2122 1201 2158 suam
1251 2110 1331 2159 ter
1379 2105 1529 2158 beato
1569 2105 1724 2159 Petro
1764 2107 2025 2160 commisit
2062 2107 2267 2161 dicens:
2317 2110 2487 2162 Pasce

540 2220 654 2254 oves
693 2197 879 2267 ’1116αεῦ,
921 2218 1070 2268 reges
1111 2202 1390 2271 exceperit.
1451 2200 1555 2254 Cur
1594 2219 1698 2254 non
1738 2202 2025 2255 adtendunt
2059 2203 2142 2256 vel
2167 2204 2342 2272 potius
2369 2221 2486 2257 eru-

539 2295 795 2349 bescendo
844 2295 1180 2350 confitentur:
1234 2297 1380 2365 quia,
1431 2297 1520 2350 ubi
1558 2297 1701 2350 Deus
1741 2297 1892 2351 beato
1931 2297 2086 2350 Petro
2125 2299 2486 2367 principaliter

541 2390 685 2445 dedit
723 2396 1034 2460 potestatem
1060 2392 1259 2459 ligandi
1298 2397 1350 2446 et
1381 2392 1615 2445 solvendi
1639 2393 1694 2444 in
1730 2392 1871 2445 coelo
1901 2397 1952 2445 et
1975 2393 2031 2445 in
2056 2390 2243 2461 161166,
2283 2393 2484 2447 nullum

541 2487 761 2556 excepit,
789 2487 949 2541 nichil
976 2488 1039 2541 ab
1068 2488 1177 2542 eius
1205 2492 1462 2558 potestate
1489 2488 1765 2541 subtraxit.
1810 2487 1947 2541 Nam
1974 2489 2062 2556 qui
2090 2506 2143 2541 se
2168 2493 2326 2556 negat
2349 2489 2484 2542 nonb

539 2599 694 2652 posse
734 2582 982 2637 ecclesiae
1020 2584 1226 2637 vinculo
1269 2584 1497 2653 alligari,
1548 2588 1713 2637 restat
1749 2588 1809 2637 ut
1845 2589 2024 2652 neget,
2065 2601 2120 2637 se
2157 2584 2293 2638 nonb
2332 2602 2486 2656 posse

541 2678 606 2731 ab
656 2678 765 2733 eius
804 2683 1063 2748 potestate
1103 2680 1326 2746 absolvi3
1379 2685 1431 2733 et
1479 2681 1568 2749 qui
1614 2680 1712 2733 hoc
1758 2680 2090 2750 impudenter
2126 2685 2308 2749 negat,
2359 2698 2416 2736 se
2455 2699 2487 2735 a

540 2772 746 2849 Christo
788 2775 997 2828 omnino
1036 2779 1344 2844 sequestrat.
1405 2775 1600 2839 Quodsi
1630 2780 1810 2829 sancta
1836 2776 1984 2830 sedes
2013 2776 2312 2846 apostolica,
2353 2777 2485 2830 divi-

657 2917 689 2943 6.
725 2905 980 2943 Theodosium
1005 2907 1172 2944 moribus
1200 2908 1238 2944 et
1263 2909 1451 2955 potestate
1480 2922 1512 2945 c.
1666 2908 1702 2945 b.
1729 2911 1786 2946 sic
1813 2909 1897 2946 cod.

661 2985 701 3028 1.
734 2984 781 3028 in
812 2985 1003 3041 epistola
1034 2984 1277 3029 Clementis
1308 2987 1454 3042 prima
1484 2988 1544 3040 (v.
1566 2987 1829 3031 Decretales
1859 2986 2121 3030 Ps.-Isidor.
2148 2986 2218 3030 ed.
2240 2986 2484 3031 Hinschius

540 3071 584 3114 p.
608 3059 682 3112 36)
712 3057 864 3102 verbis
894 3058 986 3102 his:
1021 3093 1042 3116 „
1058 3059 1096 3102 si
1127 3059 1333 3103 inimicus
1365 3064 1435 3104 est
1456 3060 1699 3116 (Clemens)
1721 3060 1868 3116 alicui,
1893 3085 1947 3091 —-
1973 3073 2072 3103 cum
2095 3060 2170 3103 illo
2191 3060 2329 3103 nolite
2351 3061 2484 3104 amici

541 3142 656 3186 esse,
689 3130 770 3174 sed
802 3157 856 3162 —
888 3131 1064 3176 debetis
1096 3157 1151 3163 —-
1184 3137 1389 3177 avertere
1420 3147 1504 3178 vos
1536 3135 1592 3178 ab
1625 3147 1692 3190 eo,
1731 3134 1803 3178 cui
1832 3134 1979 3189 ipsum
2011 3132 2187 3176 sentitis
2218 3131 2482 3191 adversum3

541 3203 623 3247 sed
653 3216 738 3247 nec
767 3205 892 3261 loqui
919 3204 1011 3262 his,
1055 3205 1218 3261 quibus
1258 3207 1354 3262 ipse
1394 3220 1484 3251 non
1513 3206 1744 3264 loquitur“
1786 3210 1872 3250 cet.
2052 3206 2093 3248 2.
2141 3205 2168 3247 2
2200 3203 2300 3248 Gor.
2335 3205 2408 3261 10,
2441 3207 2482 3249 6.

542 3277 583 3320 3.
617 3278 641 3320 1
667 3276 767 3321 Cor.
789 3279 831 3334 5,
855 3279 925 3322 11.
1050 3279 1093 3322 4.
1135 3277 1181 3322 S.
1205 3278 1411 3335 Gregorii
1440 3280 1620 3336 registri
1650 3281 1701 3324 L.
1724 3280 1836 3324 XIII
1866 3291 1935 3334 ep.
1959 3278 1986 3321 8
2016 3278 2062 3320 in
2091 3276 2247 3320 tabula
2278 3276 2485 3322 Senatori

541 3349 807 3407 presbytero
847 3356 894 3395 et
933 3351 1087 3396 abbati
1127 3352 1396 3396 xenodochii
1427 3353 1535 3397 data
1565 3353 1696 3410 (Opp.
1719 3352 1789 3396 ed.
1811 3350 2095 3395 Benedictini
2122 3350 2167 3394 II
2199 3351 2354 3406 1223):
2398 3351 2483 3409 „Si

542 3423 642 3477 quis
672 3436 780 3468 vero
809 3437 982 3482 regum,
1016 3426 1316 3482 sacerdotum,
1348 3426 1546 3470 iudicum
1570 3450 1623 3457 —
1647 3425 1761 3468 hanc
1785 3424 1998 3481 paginam
2029 3435 2296 3480 agnoscens,
2328 3428 2485 3469 contra

543 3507 643 3539 eam
674 3497 826 3541 venire
857 3499 1121 3556 tentaverit,
1156 3500 1395 3556 potestatis
1426 3499 1696 3555 honorisque
1728 3497 1799 3541 sui
1829 3496 2049 3553 dignitate
2081 3500 2233 3540 careat
2264 3522 2318 3527 —-
2351 3501 2396 3542 et
2427 3523 2482 3529 —

544 3581 571 3611 a
592 3570 895 3614 sacratissimo
925 3584 1111 3628 corpore
1142 3576 1189 3616 et
1219 3573 1438 3629 sanguine
1458 3572 1546 3616 Dei
1567 3596 1620 3604 —
1643 3571 1816 3615 alienus
1844 3568 1968 3614 fiat“.
2117 3571 2159 3615 5.
2197 3569 2293 3615 1011.
2317 3573 2387 3628 21,
2412 3572 2482 3615 17.

544 3642 585 3685 6.
616 3641 772 3685 Matth.
800 3645 865 3699 16,
890 3644 959 3687 19.
