<?xml version="1.0" encoding="UTF-8"?>
<!DOCTYPE html PUBLIC "-//W3C//DTD XHTML 1.0 Transitional//EN"
    "http://www.w3.org/TR/xhtml1/DTD/xhtml1-transitional.dtd">
<html xmlns="http://www.w3.org/1999/xhtml" xml:lang="en" lang="en">
 <head>
  <title>
</title>
<meta http-equiv="Content-Type" content="text/html;charset=utf-8" />
  <meta name='ocr-system' content='tesseract 3.04.00' />
  <meta name='ocr-capabilities' content='ocr_page ocr_carea ocr_par ocr_line ocrx_word'/>
</head>
<body>
  <div class='ocr_page' id='page_1' title='image "bibliothecarerum02wattuoft_0146.png"; bbox 0 0 2722 4172; ppageno 0'>
   <div class='ocr_carea' id='block_1_1' title="bbox 487 263 1930 320">
    <p class='ocr_par' dir='ltr' id='par_1_1' title="bbox 487 263 1930 320">
     <span class='ocr_line' id='line_1_1' title="bbox 487 263 1930 320; baseline 0.001 -4"><span class='ocrx_word' id='word_1_1' title='bbox 487 263 593 317; x_wconf 87' lang='lat'>130</span> <span class='ocrx_word' id='word_1_2' title='bbox 983 279 1257 319; x_wconf 79' lang='lat' dir='ltr'><strong>GREGORII</strong></span> <span class='ocrx_word' id='word_1_3' title='bbox 1293 281 1373 318; x_wconf 85' lang='lat' dir='ltr'>vn</span> <span class='ocrx_word' id='word_1_4' title='bbox 1409 279 1674 320; x_wconf 76' lang='lat' dir='ltr'>REGIs&#39;rm</span> <span class='ocrx_word' id='word_1_5' title='bbox 1709 281 1753 319; x_wconf 95' lang='lat'>11</span> <span class='ocrx_word' id='word_1_6' title='bbox 1779 280 1841 318; x_wconf 87' lang='lat'>14.</span> <span class='ocrx_word' id='word_1_7' title='bbox 1869 281 1930 320; x_wconf 88' lang='lat'>15.</span> 
     </span>
    </p>
   </div>
   <div class='ocr_carea' id='block_1_2' title="bbox 321 394 2424 466">
    <p class='ocr_par' dir='ltr' id='par_1_2' title="bbox 321 394 2424 466">
     <span class='ocr_line' id='line_1_2' title="bbox 321 394 2424 466; baseline 0.006 -25"><span class='ocrx_word' id='word_1_8' title='bbox 321 399 436 444; x_wconf 80' lang='lat'>1074</span> <span class='ocrx_word' id='word_1_9' title='bbox 483 395 806 465; x_wconf 82' lang='lat' dir='ltr'>auctoritate,</span> <span class='ocrx_word' id='word_1_10' title='bbox 846 394 1055 463; x_wconf 91' lang='lat' dir='ltr'>Hugoni</span> <span class='ocrx_word' id='word_1_11' title='bbox 1092 396 1401 466; x_wconf 79' lang='lat' dir='ltr'>interdicite,</span> <span class='ocrx_word' id='word_1_12' title='bbox 1442 414 1508 451; x_wconf 88' lang='lat' dir='ltr'>ne</span> <span class='ocrx_word' id='word_1_13' title='bbox 1546 397 1764 451; x_wconf 87' lang='lat' dir='ltr'>ulterius</span> <span class='ocrx_word' id='word_1_14' title='bbox 1803 398 1909 452; x_wconf 93' lang='lat' dir='ltr'>ullo</span> <span class='ocrx_word' id='word_1_15' title='bbox 1948 400 2101 454; x_wconf 93' lang='lat' dir='ltr'>modo</span> <span class='ocrx_word' id='word_1_16' title='bbox 2141 400 2205 454; x_wconf 92' lang='lat' dir='ltr'>de</span> <span class='ocrx_word' id='word_1_17' title='bbox 2242 399 2424 453; x_wconf 90' lang='lat' dir='ltr'>eadem</span> 
     </span>
    </p>
   </div>
   <div class='ocr_carea' id='block_1_3' title="bbox 302 458 453 498">
    <p class='ocr_par' dir='ltr' id='par_1_3' title="bbox 302 458 453 498">
     <span class='ocr_line' id='line_1_3' title="bbox 302 458 453 498; baseline 0.013 -2"><span class='ocrx_word' id='word_1_18' title='bbox 302 458 382 497; x_wconf 84' lang='lat' dir='ltr'>Oct.</span> <span class='ocrx_word' id='word_1_19' title='bbox 403 461 453 498; x_wconf 85' lang='lat'>29</span> 
     </span>
    </p>
   </div>
   <div class='ocr_carea' id='block_1_4' title="bbox 282 1643 443 1741">
    <p class='ocr_par' dir='ltr' id='par_1_4' title="bbox 282 1643 443 1741">
     <span class='ocr_line' id='line_1_4' title="bbox 306 1643 422 1687; baseline 0 0"><span class='ocrx_word' id='word_1_20' title='bbox 306 1643 422 1687; x_wconf 82' lang='lat'>1074</span> 
     </span>
     <span class='ocr_line' id='line_1_5' title="bbox 282 1703 443 1741; baseline -0.006 0"><span class='ocrx_word' id='word_1_21' title='bbox 282 1703 376 1741; x_wconf 78' lang='lat' dir='ltr'>Nov.</span> <span class='ocrx_word' id='word_1_22' title='bbox 398 1705 443 1741; x_wconf 87' lang='lat'>11</span> 
     </span>
    </p>
   </div>
   <div class='ocr_carea' id='block_1_5' title="bbox 475 491 2424 1232">
    <p class='ocr_par' dir='ltr' id='par_1_5' title="bbox 475 491 2424 1232">
     <span class='ocr_line' id='line_1_6' title="bbox 481 491 2424 563; baseline 0.002 -19"><span class='ocrx_word' id='word_1_23' title='bbox 481 491 752 545; x_wconf 88' lang='lat' dir='ltr'>advocatia</span> <span class='ocrx_word' id='word_1_24' title='bbox 790 508 844 544; x_wconf 89' lang='lat' dir='ltr'>se</span> <span class='ocrx_word' id='word_1_25' title='bbox 872 491 1189 545; x_wconf 86' lang='lat' dir='ltr'>intromittat</span> <span class='ocrx_word' id='word_1_26' title='bbox 1211 509 1379 561; x_wconf 91' lang='lat' dir='ltr'>neque</span> <span class='ocrx_word' id='word_1_27' title='bbox 1406 493 1782 546; x_wconf 89' lang='lat' dir='ltr'>monasterium</span> <span class='ocrx_word' id='word_1_28' title='bbox 1809 497 1898 547; x_wconf 92' lang='lat' dir='ltr'>aut</span> <span class='ocrx_word' id='word_1_29' title='bbox 1923 494 2059 549; x_wconf 85' lang='lat' dir='ltr'>bona</span> <span class='ocrx_word' id='word_1_30' title='bbox 2084 495 2211 563; x_wconf 81' lang='lat' dir='ltr'>eiuS,</span> <span class='ocrx_word' id='word_1_31' title='bbox 2252 495 2424 549; x_wconf 89' lang='lat' dir='ltr'>cuius-</span> 
     </span>
     <span class='ocr_line' id='line_1_7' title="bbox 480 586 2423 660; baseline 0.002 -21"><span class='ocrx_word' id='word_1_32' title='bbox 480 603 699 656; x_wconf 78' lang='lat' dir='ltr'><strong>cumque</strong></span> <span class='ocrx_word' id='word_1_33' title='bbox 724 586 867 640; x_wconf 84' lang='lat' dir='ltr'>modi</span> <span class='ocrx_word' id='word_1_34' title='bbox 892 587 1012 655; x_wconf 87' lang='lat' dir='ltr'>sint,</span> <span class='ocrx_word' id='word_1_35' title='bbox 1053 586 1228 656; x_wconf 88' lang='lat' dir='ltr'>aliqua</span> <span class='ocrx_word' id='word_1_36' title='bbox 1251 588 1480 642; x_wconf 88' lang='lat' dir='ltr'>laesione</span> <span class='ocrx_word' id='word_1_37' title='bbox 1507 588 1589 642; x_wconf 86' lang='lat' dir='ltr'>vel</span> <span class='ocrx_word' id='word_1_38' title='bbox 1617 589 1983 643; x_wconf 78' lang='lat' dir='ltr'>contrarietate</span> <span class='ocrx_word' id='word_1_39' title='bbox 2009 590 2254 660; x_wconf 83' lang='lat' dir='ltr'>impetat3</span> <span class='ocrx_word' id='word_1_40' title='bbox 2296 590 2423 643; x_wconf 90' lang='lat' dir='ltr'>alio-</span> 
     </span>
     <span class='ocr_line' id='line_1_8' title="bbox 481 682 2423 756; baseline 0.003 -22"><span class='ocrx_word' id='word_1_41' title='bbox 481 682 605 751; x_wconf 91' lang='lat' dir='ltr'>quin</span> <span class='ocrx_word' id='word_1_42' title='bbox 655 682 809 750; x_wconf 87' lang='lat' dir='ltr'>sciat,</span> <span class='ocrx_word' id='word_1_43' title='bbox 858 698 913 735; x_wconf 91' lang='lat' dir='ltr'>se</span> <span class='ocrx_word' id='word_1_44' title='bbox 961 683 1231 752; x_wconf 88' lang='lat' dir='ltr'>apostolici</span> <span class='ocrx_word' id='word_1_45' title='bbox 1279 684 1438 752; x_wconf 87' lang='lat' dir='ltr'>gladii</span> <span class='ocrx_word' id='word_1_46' title='bbox 1477 684 1639 738; x_wconf 89' lang='lat' dir='ltr'>ictum</span> <span class='ocrx_word' id='word_1_47' title='bbox 1677 683 1973 738; x_wconf 84' lang='lat' dir='ltr'>nullatenus</span> <span class='ocrx_word' id='word_1_48' title='bbox 2012 686 2230 739; x_wconf 85' lang='lat' dir='ltr'>evadere</span> <span class='ocrx_word' id='word_1_49' title='bbox 2268 702 2423 756; x_wconf 90' lang='lat' dir='ltr'>posse</span> 
     </span>
     <span class='ocr_line' id='line_1_9' title="bbox 480 777 2422 845; baseline 0.003 -15"><span class='ocrx_word' id='word_1_50' title='bbox 480 781 532 831; x_wconf 92' lang='lat' dir='ltr'>et</span> <span class='ocrx_word' id='word_1_51' title='bbox 568 794 675 831; x_wconf 92' lang='lat' dir='ltr'>non</span> <span class='ocrx_word' id='word_1_52' title='bbox 713 777 881 830; x_wconf 91' lang='lat' dir='ltr'>solum</span> <span class='ocrx_word' id='word_1_53' title='bbox 921 794 952 831; x_wconf 91' lang='lat' dir='ltr'>a</span> <span class='ocrx_word' id='word_1_54' title='bbox 990 778 1161 845; x_wconf 87' lang='lat' dir='ltr'>gratia</span> <span class='ocrx_word' id='word_1_55' title='bbox 1197 779 1337 832; x_wconf 86' lang='lat' dir='ltr'>beati</span> <span class='ocrx_word' id='word_1_56' title='bbox 1362 779 1506 833; x_wconf 91' lang='lat' dir='ltr'>Petri</span> <span class='ocrx_word' id='word_1_57' title='bbox 1545 780 1636 833; x_wconf 90' lang='lat' dir='ltr'>sed</span> <span class='ocrx_word' id='word_1_58' title='bbox 1675 796 1705 834; x_wconf 92' lang='lat' dir='ltr'>a</span> <span class='ocrx_word' id='word_1_59' title='bbox 1744 780 2104 835; x_wconf 92' lang='lat' dir='ltr'>communione</span> <span class='ocrx_word' id='word_1_60' title='bbox 2141 781 2300 835; x_wconf 91' lang='lat' dir='ltr'>totius</span> <span class='ocrx_word' id='word_1_61' title='bbox 2340 798 2422 835; x_wconf 87' lang='lat' dir='ltr'>ec-</span> 
     </span>
     <span class='ocr_line' id='line_1_10' title="bbox 478 872 2421 945; baseline 0.003 -19"><span class='ocrx_word' id='word_1_62' title='bbox 478 872 666 927; x_wconf 88' lang='lat' dir='ltr'>clesiae</span> <span class='ocrx_word' id='word_1_63' title='bbox 709 872 900 926; x_wconf 89' lang='lat' dir='ltr'>iudicio</span> <span class='ocrx_word' id='word_1_64' title='bbox 940 874 1108 927; x_wconf 89' lang='lat' dir='ltr'>sancti</span> <span class='ocrx_word' id='word_1_65' title='bbox 1147 873 1374 944; x_wconf 84' lang='lat' dir='ltr'>Spiritus</span> <span class='ocrx_word' id='word_1_66' title='bbox 1415 880 1467 929; x_wconf 92' lang='lat' dir='ltr'>et</span> <span class='ocrx_word' id='word_1_67' title='bbox 1506 875 1790 945; x_wconf 87' lang='lat' dir='ltr'>apostolica</span> <span class='ocrx_word' id='word_1_68' title='bbox 1828 876 2087 930; x_wconf 88' lang='lat' dir='ltr'>sententia</span> <span class='ocrx_word' id='word_1_69' title='bbox 2125 893 2421 931; x_wconf 84' lang='lat' dir='ltr'>excommu-</span> 
     </span>
     <span class='ocr_line' id='line_1_11' title="bbox 477 968 2421 1041; baseline 0.003 -21"><span class='ocrx_word' id='word_1_70' title='bbox 477 968 708 1021; x_wconf 90' lang='lat' dir='ltr'>nicatum</span> <span class='ocrx_word' id='word_1_71' title='bbox 748 985 808 1022; x_wconf 91' lang='lat' dir='ltr'>ac</span> <span class='ocrx_word' id='word_1_72' title='bbox 845 969 1244 1023; x_wconf 90' lang='lat' dir='ltr'>condemnatum</span> <span class='ocrx_word' id='word_1_73' title='bbox 1281 971 1489 1040; x_wconf 90' lang='lat' dir='ltr'>penitus</span> <span class='ocrx_word' id='word_1_74' title='bbox 1527 971 1776 1041; x_wconf 88' lang='lat' dir='ltr'>separari.</span> <span class='ocrx_word' id='word_1_75' title='bbox 1837 970 2092 1040; x_wconf 75' lang='lat' dir='ltr'>Quicquid</span> <span class='ocrx_word' id='word_1_76' title='bbox 2116 972 2276 1040; x_wconf 89' lang='lat' dir='ltr'>igitur</span> <span class='ocrx_word' id='word_1_77' title='bbox 2300 972 2421 1026; x_wconf 89' lang='lat' dir='ltr'>inde</span> 
     </span>
     <span class='ocr_line' id='line_1_12' title="bbox 476 1063 2422 1136; baseline 0.003 -21"><span class='ocrx_word' id='word_1_78' title='bbox 476 1063 673 1116; x_wconf 83' lang='lat' dir='ltr'>factum</span> <span class='ocrx_word' id='word_1_79' title='bbox 709 1064 884 1133; x_wconf 83' lang='lat' dir='ltr'>fuerit,</span> <span class='ocrx_word' id='word_1_80' title='bbox 925 1081 1019 1135; x_wconf 90' lang='lat' dir='ltr'>per</span> <span class='ocrx_word' id='word_1_81' title='bbox 1056 1065 1257 1119; x_wconf 84' lang='lat' dir='ltr'>litteras</span> <span class='ocrx_word' id='word_1_82' title='bbox 1296 1070 1497 1120; x_wconf 87' lang='lat' dir='ltr'>vestras</span> <span class='ocrx_word' id='word_1_83' title='bbox 1535 1067 1684 1121; x_wconf 91' lang='lat' dir='ltr'>nobis</span> <span class='ocrx_word' id='word_1_84' title='bbox 1725 1067 2030 1136; x_wconf 88' lang='lat' dir='ltr'>quantocius</span> <span class='ocrx_word' id='word_1_85' title='bbox 2069 1067 2300 1121; x_wconf 87' lang='lat' dir='ltr'>indicare</span> <span class='ocrx_word' id='word_1_86' title='bbox 2334 1083 2422 1121; x_wconf 91' lang='lat' dir='ltr'>cu-</span> 
     </span>
     <span class='ocr_line' id='line_1_13' title="bbox 475 1158 2223 1232; baseline 0.002 -20"><span class='ocrx_word' id='word_1_87' title='bbox 475 1162 604 1213; x_wconf 89' lang='lat' dir='ltr'>rate.</span> <span class='ocrx_word' id='word_1_88' title='bbox 669 1158 810 1213; x_wconf 88' lang='lat' dir='ltr'>Data</span> <span class='ocrx_word' id='word_1_89' title='bbox 844 1159 1041 1215; x_wconf 87' lang='lat' dir='ltr'>Romae</span> <span class='ocrx_word' id='word_1_90' title='bbox 1079 1162 1114 1214; x_wconf 91' lang='lat'>4</span> <span class='ocrx_word' id='word_1_91' title='bbox 1152 1161 1413 1216; x_wconf 87' lang='lat' dir='ltr'>Kalendas</span> <span class='ocrx_word' id='word_1_92' title='bbox 1451 1163 1776 1232; x_wconf 80' lang='lat' dir='ltr'>NovembriS,</span> <span class='ocrx_word' id='word_1_93' title='bbox 1816 1163 2099 1217; x_wconf 85' lang='lat' dir='ltr'>indictione</span> <span class='ocrx_word' id='word_1_94' title='bbox 2141 1165 2223 1217; x_wconf 85' lang='lat'>13.</span> 
     </span>
    </p>
   </div>
   <div class='ocr_carea' id='block_1_6' title="bbox 475 1327 2422 1598">
    <p class='ocr_par' dir='ltr' id='par_1_6' title="bbox 475 1327 2422 1598">
     <span class='ocr_line' id='line_1_14' title="bbox 475 1327 2422 1410; baseline 0.003 -21"><span class='ocrx_word' id='word_1_95' title='bbox 475 1327 532 1409; x_wconf 19' lang='grc' dir='ltr'>Π-</span> <span class='ocrx_word' id='word_1_96' title='bbox 564 1332 661 1390; x_wconf 85' lang='grc'>15.</span> <span class='ocrx_word' id='word_1_97' title='bbox 698 1335 984 1389; x_wconf 74' lang='lat' dir='ltr'>Humberto</span> <span class='ocrx_word' id='word_1_98' title='bbox 1018 1338 1406 1409; x_wconf 72' lang='lat' dir='ltr'>archiepiscopo</span> <span class='ocrx_word' id='word_1_99' title='bbox 1433 1339 1778 1410; x_wconf 67' lang='lat' dir='ltr'>Luydunensi</span> <span class='ocrx_word' id='word_1_100' title='bbox 1802 1351 1848 1393; x_wconf 77' lang='lat' dir='ltr'>et</span> <span class='ocrx_word' id='word_1_101' title='bbox 1872 1339 2338 1410; x_wconf 68' lang='lat' dir='ltr'>Auqustodunemi</span> <span class='ocrx_word' id='word_1_102' title='bbox 2360 1359 2422 1394; x_wconf 84' lang='lat' dir='ltr'>ac</span> 
     </span>
     <span class='ocr_line' id='line_1_15' title="bbox 697 1433 2419 1507; baseline 0.002 -22"><span class='ocrx_word' id='word_1_103' title='bbox 697 1433 1075 1485; x_wconf 75' lang='lat' dir='ltr'>Matisconensz&#39;</span> <span class='ocrx_word' id='word_1_104' title='bbox 1111 1437 1365 1505; x_wconf 71' lang='lat' dir='ltr'>episcopis</span> <span class='ocrx_word' id='word_1_105' title='bbox 1393 1437 1627 1501; x_wconf 71' lang='lat' dir='ltr'>mandat,</span> <span class='ocrx_word' id='word_1_106' title='bbox 1670 1447 1856 1506; x_wconf 67' lang='lat' dir='ltr'>coqcmt</span> <span class='ocrx_word' id='word_1_107' title='bbox 1882 1437 2092 1489; x_wconf 75' lang='lat' dir='ltr'>clericos</span> <span class='ocrx_word' id='word_1_108' title='bbox 2117 1436 2419 1507; x_wconf 66' lang='lat' dir='ltr'>Linqonen-</span> 
     </span>
     <span class='ocr_line' id='line_1_16' title="bbox 697 1528 2350 1598; baseline 0.004 -19"><span class='ocrx_word' id='word_1_109' title='bbox 697 1545 774 1579; x_wconf 74' lang='lat' dir='ltr'>ses</span> <span class='ocrx_word' id='word_1_110' title='bbox 814 1529 886 1580; x_wconf 81' lang='lat' dir='ltr'>ad</span> <span class='ocrx_word' id='word_1_111' title='bbox 923 1528 1181 1598; x_wconf 71' lang='lat' dir='ltr'>explenda</span> <span class='ocrx_word' id='word_1_112' title='bbox 1218 1530 1429 1596; x_wconf 75' lang='lat' dir='ltr'>damna,</span> <span class='ocrx_word' id='word_1_113' title='bbox 1471 1534 1784 1585; x_wconf 66' lang='lat' dir='ltr'>monasterio</span> <span class='ocrx_word' id='word_1_114' title='bbox 1822 1533 2150 1585; x_wconf 68' lang='lat' dir='ltr'>Pultariensi</span> <span class='ocrx_word' id='word_1_115' title='bbox 2184 1533 2350 1585; x_wconf 76' lang='lat' dir='ltr'>illata.</span> 
     </span>
    </p>
   </div>
   <div class='ocr_carea' id='block_1_7' title="bbox 471 1634 2420 2189">
    <p class='ocr_par' dir='ltr' id='par_1_7' title="bbox 475 1634 2420 1901">
     <span class='ocr_line' id='line_1_17' title="bbox 623 1634 2420 1708; baseline 0.003 -19"><span class='ocrx_word' id='word_1_116' title='bbox 623 1634 904 1704; x_wconf 86' lang='lat' dir='ltr'>Gregorius</span> <span class='ocrx_word' id='word_1_117' title='bbox 944 1637 1218 1708; x_wconf 89' lang='lat' dir='ltr'>episcopus</span> <span class='ocrx_word' id='word_1_118' title='bbox 1260 1656 1438 1693; x_wconf 87' lang='lat' dir='ltr'>servus</span> <span class='ocrx_word' id='word_1_119' title='bbox 1479 1657 1748 1694; x_wconf 86' lang='lat' dir='ltr'>servorum</span> <span class='ocrx_word' id='word_1_120' title='bbox 1785 1641 1886 1695; x_wconf 90' lang='lat' dir='ltr'>Dei</span> <span class='ocrx_word' id='word_1_121' title='bbox 1924 1641 2213 1696; x_wconf 90' lang='lat' dir='ltr'>Humberto</span> <span class='ocrx_word' id='word_1_122' title='bbox 2252 1641 2420 1696; x_wconf 86' lang='lat' dir='ltr'>archi-</span> 
     </span>
     <span class='ocr_line' id='line_1_18' title="bbox 477 1731 2419 1803; baseline 0.004 -19"><span class='ocrx_word' id='word_1_123' title='bbox 477 1731 718 1802; x_wconf 87' lang='lat' dir='ltr'>episcopo</span> <span class='ocrx_word' id='word_1_124' title='bbox 743 1731 1083 1800; x_wconf 88' lang='lat' dir='ltr'>Lugdunensi</span> <span class='ocrx_word' id='word_1_125' title='bbox 1121 1737 1174 1787; x_wconf 93' lang='lat' dir='ltr'>et</span> <span class='ocrx_word' id='word_1_126' title='bbox 1197 1733 1370 1802; x_wconf 92' lang='lat' dir='ltr'>Agino</span> <span class='ocrx_word' id='word_1_127' title='bbox 1396 1735 1862 1803; x_wconf 90' lang='lat' dir='ltr'>Augustudunensi</span> <span class='ocrx_word' id='word_1_128' title='bbox 1888 1742 1940 1791; x_wconf 92' lang='lat' dir='ltr'>et</span> <span class='ocrx_word' id='word_1_129' title='bbox 1963 1737 2184 1791; x_wconf 89' lang='lat' dir='ltr'>Rodulfo</span> <span class='ocrx_word' id='word_1_130' title='bbox 2201 1734 2214 1758; x_wconf 92' lang='lat'>¹</span> <span class='ocrx_word' id='word_1_131' title='bbox 2237 1737 2419 1791; x_wconf 88' lang='lat' dir='ltr'>Matis-</span> 
     </span>
     <span class='ocr_line' id='line_1_19' title="bbox 475 1827 2186 1901; baseline 0.004 -20"><span class='ocrx_word' id='word_1_132' title='bbox 475 1827 689 1881; x_wconf 91' lang='lat' dir='ltr'>conensi</span> <span class='ocrx_word' id='word_1_133' title='bbox 728 1828 984 1898; x_wconf 89' lang='lat' dir='ltr'>episcopis</span> <span class='ocrx_word' id='word_1_134' title='bbox 1025 1829 1247 1883; x_wconf 89' lang='lat' dir='ltr'>salutem</span> <span class='ocrx_word' id='word_1_135' title='bbox 1286 1834 1338 1884; x_wconf 89' lang='lat' dir='ltr'>et</span> <span class='ocrx_word' id='word_1_136' title='bbox 1376 1831 1718 1901; x_wconf 90' lang='lat' dir='ltr'>apostolicam</span> <span class='ocrx_word' id='word_1_137' title='bbox 1755 1832 2186 1886; x_wconf 88' lang='lat' dir='ltr'>benedictionem.</span> 
     </span>
    </p>

    <p class='ocr_par' dir='ltr' id='par_1_8' title="bbox 471 1922 2419 2189">
     <span class='ocr_line' id='line_1_20' title="bbox 621 1922 2419 2000; baseline 0.004 -25"><span class='ocrx_word' id='word_1_138' title='bbox 621 1922 885 1977; x_wconf 90' lang='lat' dir='ltr'>Hubertus</span> <span class='ocrx_word' id='word_1_139' title='bbox 923 1922 1300 1979; x_wconf 84' lang='lat' dir='ltr'>Pultariensis2</span> <span class='ocrx_word' id='word_1_140' title='bbox 1339 1927 1527 1996; x_wconf 82' lang='lat' dir='ltr'>abbaS,</span> <span class='ocrx_word' id='word_1_141' title='bbox 1568 1928 1658 1981; x_wconf 91' lang='lat' dir='ltr'>diu</span> <span class='ocrx_word' id='word_1_142' title='bbox 1697 1929 1835 1999; x_wconf 92' lang='lat' dir='ltr'>apud</span> <span class='ocrx_word' id='word_1_143' title='bbox 1872 1946 1966 1983; x_wconf 90' lang='lat' dir='ltr'>nos</span> <span class='ocrx_word' id='word_1_144' title='bbox 2005 1922 2100 2000; x_wconf 89' lang='lat' dir='ltr'>pro</span> <span class='ocrx_word' id='word_1_145' title='bbox 2139 1929 2419 1983; x_wconf 86' lang='lat' dir='ltr'>necessita-</span> 
     </span>
     <span class='ocr_line' id='line_1_21' title="bbox 471 2018 2419 2095; baseline 0.004 -24"><span class='ocrx_word' id='word_1_146' title='bbox 471 2018 611 2072; x_wconf 88' lang='lat' dir='ltr'>tibus</span> <span class='ocrx_word' id='word_1_147' title='bbox 650 2021 955 2074; x_wconf 89' lang='lat' dir='ltr'>monasterii</span> <span class='ocrx_word' id='word_1_148' title='bbox 993 2021 1074 2074; x_wconf 89' lang='lat' dir='ltr'>sui</span> <span class='ocrx_word' id='word_1_149' title='bbox 1113 2027 1478 2092; x_wconf 81' lang='lat' dir='ltr'>commoratuS,</span> <span class='ocrx_word' id='word_1_150' title='bbox 1519 2023 1711 2078; x_wconf 89' lang='lat' dir='ltr'>multas</span> <span class='ocrx_word' id='word_1_151' title='bbox 1752 2025 2092 2079; x_wconf 88' lang='lat' dir='ltr'>adversitates</span> <span class='ocrx_word' id='word_1_152' title='bbox 2133 2029 2185 2079; x_wconf 91' lang='lat' dir='ltr'>et</span> <span class='ocrx_word' id='word_1_153' title='bbox 2215 2025 2419 2095; x_wconf 88' lang='lat' dir='ltr'>inquie-</span> 
     </span>
     <span class='ocr_line' id='line_1_22' title="bbox 471 2115 2418 2189; baseline 0.004 -21"><span class='ocrx_word' id='word_1_154' title='bbox 471 2115 680 2169; x_wconf 87' lang='lat' dir='ltr'>tudines</span> <span class='ocrx_word' id='word_1_155' title='bbox 718 2117 1053 2185; x_wconf 88' lang='lat' dir='ltr'>conqueritur</span> <span class='ocrx_word' id='word_1_156' title='bbox 1092 2134 1146 2171; x_wconf 92' lang='lat' dir='ltr'>se</span> <span class='ocrx_word' id='word_1_157' title='bbox 1187 2135 1218 2171; x_wconf 87' lang='lat' dir='ltr'>a</span> <span class='ocrx_word' id='word_1_158' title='bbox 1256 2118 1455 2172; x_wconf 89' lang='lat' dir='ltr'>clericis</span> <span class='ocrx_word' id='word_1_159' title='bbox 1494 2121 1606 2189; x_wconf 90' lang='lat' dir='ltr'>pati</span> <span class='ocrx_word' id='word_1_160' title='bbox 1642 2119 2074 2189; x_wconf 89' lang='lat' dir='ltr'>Lingonensibus.</span> <span class='ocrx_word' id='word_1_161' title='bbox 2140 2120 2300 2175; x_wconf 87' lang='lat' dir='ltr'>Cuius</span> <span class='ocrx_word' id='word_1_162' title='bbox 2337 2122 2418 2175; x_wconf 90' lang='lat' dir='ltr'>in-</span> 
     </span>
    </p>
   </div>
   <div class='ocr_carea' id='block_1_8' title="bbox 470 2210 2505 2295">
    <p class='ocr_par' dir='ltr' id='par_1_9' title="bbox 470 2210 2505 2295">
     <span class='ocr_line' id='line_1_23' title="bbox 470 2210 2505 2295; baseline 0.003 -31"><span class='ocrx_word' id='word_1_163' title='bbox 470 2210 636 2265; x_wconf 90' lang='lat' dir='ltr'>iuriae</span> <span class='ocrx_word' id='word_1_164' title='bbox 682 2216 828 2265; x_wconf 87' lang='lat' dir='ltr'>tanto</span> <span class='ocrx_word' id='word_1_165' title='bbox 875 2212 1232 2267; x_wconf 89' lang='lat' dir='ltr'>vehementius</span> <span class='ocrx_word' id='word_1_166' title='bbox 1280 2231 1375 2267; x_wconf 92' lang='lat' dir='ltr'>nos</span> <span class='ocrx_word' id='word_1_167' title='bbox 1431 2215 1718 2284; x_wconf 89' lang='lat' dir='ltr'>attingunt,</span> <span class='ocrx_word' id='word_1_168' title='bbox 1774 2221 1966 2286; x_wconf 88' lang='lat' dir='ltr'>quanto</span> <span class='ocrx_word' id='word_1_169' title='bbox 1981 2225 1997 2244; x_wconf 76' lang='lat'>‘¹</span> <span class='ocrx_word' id='word_1_170' title='bbox 2044 2217 2416 2271; x_wconf 87' lang='lat' dir='ltr'>sollicitudines</span> <span class='ocrx_word' id='word_1_171' title='bbox 2500 2290 2505 2295; x_wconf 19' lang='grc'><em>1</em></span> 
     </span>
    </p>
   </div>
   <div class='ocr_carea' id='block_1_9' title="bbox 468 2306 2418 3525">
    <p class='ocr_par' dir='ltr' id='par_1_10' title="bbox 468 2306 2418 3525">
     <span class='ocr_line' id='line_1_24' title="bbox 472 2306 2418 2380; baseline 0.004 -21"><span class='ocrx_word' id='word_1_172' title='bbox 472 2306 787 2377; x_wconf 87' lang='lat' dir='ltr'>apostolicae</span> <span class='ocrx_word' id='word_1_173' title='bbox 831 2308 1235 2378; x_wconf 90' lang='lat' dir='ltr'>dispensationis</span> <span class='ocrx_word' id='word_1_174' title='bbox 1274 2327 1368 2379; x_wconf 90' lang='lat' dir='ltr'>per</span> <span class='ocrx_word' id='word_1_175' title='bbox 1407 2311 1616 2364; x_wconf 89' lang='lat' dir='ltr'>beatum</span> <span class='ocrx_word' id='word_1_176' title='bbox 1652 2311 1891 2380; x_wconf 91' lang='lat' dir='ltr'>Petrum,</span> <span class='ocrx_word' id='word_1_177' title='bbox 1942 2312 2117 2366; x_wconf 85' lang='lat' dir='ltr'>cuiusb</span> <span class='ocrx_word' id='word_1_178' title='bbox 2156 2313 2294 2366; x_wconf 83' lang='lat' dir='ltr'>servi</span> <span class='ocrx_word' id='word_1_179' title='bbox 2331 2330 2418 2366; x_wconf 90' lang='lat' dir='ltr'>su-</span> 
     </span>
     <span class='ocr_line' id='line_1_25' title="bbox 471 2403 2416 2478; baseline 0.004 -23"><span class='ocrx_word' id='word_1_180' title='bbox 471 2419 588 2455; x_wconf 91' lang='lat' dir='ltr'>mus</span> <span class='ocrx_word' id='word_1_181' title='bbox 628 2406 680 2456; x_wconf 88' lang='lat' dir='ltr'>et</span> <span class='ocrx_word' id='word_1_182' title='bbox 718 2403 802 2456; x_wconf 92' lang='lat' dir='ltr'>cui</span> <span class='ocrx_word' id='word_1_183' title='bbox 837 2405 1212 2458; x_wconf 88' lang='lat' dir='ltr'>monasterium</span> <span class='ocrx_word' id='word_1_184' title='bbox 1250 2405 1381 2458; x_wconf 94' lang='lat' dir='ltr'>illud</span> <span class='ocrx_word' id='word_1_185' title='bbox 1419 2407 1633 2476; x_wconf 90' lang='lat' dir='ltr'>speciali</span> <span class='ocrx_word' id='word_1_186' title='bbox 1672 2412 1723 2461; x_wconf 92' lang='lat' dir='ltr'>et</span> <span class='ocrx_word' id='word_1_187' title='bbox 1749 2409 1962 2478; x_wconf 93' lang='lat' dir='ltr'>proprio</span> <span class='ocrx_word' id='word_1_188' title='bbox 1988 2408 2101 2462; x_wconf 89' lang='lat' dir='ltr'>iure</span> <span class='ocrx_word' id='word_1_189' title='bbox 2129 2408 2416 2462; x_wconf 88' lang='lat' dir='ltr'>subiectum</span> 
     </span>
     <span class='ocr_line' id='line_1_26' title="bbox 472 2498 2416 2572; baseline 0.004 -21"><span class='ocrx_word' id='word_1_190' title='bbox 472 2501 578 2566; x_wconf 86' lang='lat' dir='ltr'>est,</span> <span class='ocrx_word' id='word_1_191' title='bbox 618 2498 767 2552; x_wconf 90' lang='lat' dir='ltr'>nobis</span> <span class='ocrx_word' id='word_1_192' title='bbox 805 2516 933 2569; x_wconf 89' lang='lat' dir='ltr'>prae</span> <span class='ocrx_word' id='word_1_193' title='bbox 972 2501 1158 2554; x_wconf 90' lang='lat' dir='ltr'>ceteris</span> <span class='ocrx_word' id='word_1_194' title='bbox 1195 2501 1516 2555; x_wconf 90' lang='lat' dir='ltr'>incumbunt.</span> <span class='ocrx_word' id='word_1_195' title='bbox 1581 2501 1683 2556; x_wconf 87' lang='lat' dir='ltr'>Sed</span> <span class='ocrx_word' id='word_1_196' title='bbox 1722 2504 1845 2572; x_wconf 89' lang='lat' dir='ltr'>quia</span> <span class='ocrx_word' id='word_1_197' title='bbox 1881 2504 2095 2571; x_wconf 86' lang='lat' dir='ltr'>longum</span> <span class='ocrx_word' id='word_1_198' title='bbox 2133 2508 2270 2572; x_wconf 86' lang='lat' dir='ltr'>erat,</span> <span class='ocrx_word' id='word_1_199' title='bbox 2310 2505 2416 2558; x_wconf 88' lang='lat' dir='ltr'>sin-</span> 
     </span>
     <span class='ocr_line' id='line_1_27' title="bbox 471 2593 2415 2670; baseline 0.004 -24"><span class='ocrx_word' id='word_1_200' title='bbox 471 2593 619 2661; x_wconf 88' lang='lat' dir='ltr'>gulas</span> <span class='ocrx_word' id='word_1_201' title='bbox 660 2595 1102 2663; x_wconf 89' lang='lat' dir='ltr'>querimoniarum</span> <span class='ocrx_word' id='word_1_202' title='bbox 1141 2597 1342 2650; x_wconf 90' lang='lat' dir='ltr'>abbatis</span> <span class='ocrx_word' id='word_1_203' title='bbox 1383 2614 1566 2651; x_wconf 87' lang='lat' dir='ltr'>causas</span> <span class='ocrx_word' id='word_1_204' title='bbox 1603 2598 1690 2652; x_wconf 92' lang='lat' dir='ltr'>hic</span> <span class='ocrx_word' id='word_1_205' title='bbox 1727 2600 2189 2670; x_wconf 77' lang='lat' dir='ltr'>comprehendere,</span> <span class='ocrx_word' id='word_1_206' title='bbox 2228 2601 2415 2654; x_wconf 86' lang='lat' dir='ltr'>fratcr-</span> 
     </span>
     <span class='ocr_line' id='line_1_28' title="bbox 470 2689 2416 2764; baseline 0.004 -22"><span class='ocrx_word' id='word_1_207' title='bbox 470 2689 691 2743; x_wconf 88' lang='lat' dir='ltr'>nitatem</span> <span class='ocrx_word' id='word_1_208' title='bbox 727 2695 956 2751; x_wconf 86' lang='lat' dir='ltr'>vestram</span> <span class='ocrx_word' id='word_1_209' title='bbox 994 2709 1237 2759; x_wconf 85' lang='lat' dir='ltr'>rogamus</span> <span class='ocrx_word' id='word_1_210' title='bbox 1278 2697 1329 2746; x_wconf 90' lang='lat' dir='ltr'>et</span> <span class='ocrx_word' id='word_1_211' title='bbox 1367 2694 1651 2764; x_wconf 88' lang='lat' dir='ltr'>apostolica</span> <span class='ocrx_word' id='word_1_212' title='bbox 1681 2696 1988 2750; x_wconf 86' lang='lat' dir='ltr'>auctoritate</span> <span class='ocrx_word' id='word_1_213' title='bbox 2018 2713 2316 2751; x_wconf 87' lang='lat' dir='ltr'>monemus:</span> <span class='ocrx_word' id='word_1_214' title='bbox 2355 2700 2416 2750; x_wconf 89' lang='lat' dir='ltr'>ut</span> 
     </span>
     <span class='ocr_line' id='line_1_29' title="bbox 472 2786 2414 2856; baseline 0.004 -19"><span class='ocrx_word' id='word_1_215' title='bbox 472 2802 537 2838; x_wconf 84' lang='lat' dir='ltr'>ex</span> <span class='ocrx_word' id='word_1_216' title='bbox 595 2802 683 2839; x_wconf 91' lang='lat' dir='ltr'>ore</span> <span class='ocrx_word' id='word_1_217' title='bbox 738 2786 904 2856; x_wconf 92' lang='lat' dir='ltr'>ipsius</span> <span class='ocrx_word' id='word_1_218' title='bbox 960 2787 1133 2841; x_wconf 90' lang='lat' dir='ltr'>illatas</span> <span class='ocrx_word' id='word_1_219' title='bbox 1185 2789 1285 2842; x_wconf 90' lang='lat' dir='ltr'>sibi</span> <span class='ocrx_word' id='word_1_220' title='bbox 1330 2790 1596 2844; x_wconf 89' lang='lat' dir='ltr'>molestias</span> <span class='ocrx_word' id='word_1_221' title='bbox 1647 2796 1699 2844; x_wconf 91' lang='lat' dir='ltr'>et</span> <span class='ocrx_word' id='word_1_222' title='bbox 1746 2792 2052 2845; x_wconf 87' lang='lat' dir='ltr'>monasterii</span> <span class='ocrx_word' id='word_1_223' title='bbox 2100 2792 2414 2846; x_wconf 88' lang='lat' dir='ltr'>detrimenta</span> 
     </span>
     <span class='ocr_line' id='line_1_30' title="bbox 472 2880 2412 2958; baseline 0.004 -25"><span class='ocrx_word' id='word_1_224' title='bbox 472 2880 697 2934; x_wconf 90' lang='lat' dir='ltr'>audiatis</span> <span class='ocrx_word' id='word_1_225' title='bbox 742 2885 794 2935; x_wconf 87' lang='lat' dir='ltr'>et</span> <span class='ocrx_word' id='word_1_226' title='bbox 832 2882 1107 2950; x_wconf 89' lang='lat' dir='ltr'>diligenter</span> <span class='ocrx_word' id='word_1_227' title='bbox 1145 2885 1450 2952; x_wconf 84' lang='lat' dir='ltr'>attendatis3</span> <span class='ocrx_word' id='word_1_228' title='bbox 1500 2888 1898 2956; x_wconf 87' lang='lat' dir='ltr'>convocatisque</span> <span class='ocrx_word' id='word_1_229' title='bbox 1935 2887 2273 2958; x_wconf 88' lang='lat' dir='ltr'>praescriptis</span> <span class='ocrx_word' id='word_1_230' title='bbox 2311 2886 2412 2940; x_wconf 93' lang='lat' dir='ltr'>cle-</span> 
     </span>
     <span class='ocr_line' id='line_1_31' title="bbox 468 2977 2410 3053; baseline 0.003 -24"><span class='ocrx_word' id='word_1_231' title='bbox 468 2977 609 3046; x_wconf 82' lang='lat' dir='ltr'>riciS,</span> <span class='ocrx_word' id='word_1_232' title='bbox 650 2977 717 3030; x_wconf 91' lang='lat' dir='ltr'>ad</span> <span class='ocrx_word' id='word_1_233' title='bbox 741 2977 1032 3032; x_wconf 88' lang='lat' dir='ltr'>faciendam</span> <span class='ocrx_word' id='word_1_234' title='bbox 1059 2981 1477 3034; x_wconf 86' lang='lat' dir='ltr'>emendationem</span> <span class='ocrx_word' id='word_1_235' title='bbox 1504 2987 1555 3036; x_wconf 91' lang='lat' dir='ltr'>et</span> <span class='ocrx_word' id='word_1_236' title='bbox 1580 2983 2003 3052; x_wconf 80' lang='lat' dir='ltr'>satisfactionem,</span> <span class='ocrx_word' id='word_1_237' title='bbox 2036 2986 2191 3053; x_wconf 93' lang='lat' dir='ltr'>prout</span> <span class='ocrx_word' id='word_1_238' title='bbox 2215 2983 2410 3035; x_wconf 88' lang='lat' dir='ltr'>iustum</span> 
     </span>
     <span class='ocr_line' id='line_1_32' title="bbox 469 3072 2412 3149; baseline 0.003 -24"><span class='ocrx_word' id='word_1_239' title='bbox 469 3072 643 3142; x_wconf 84' lang='lat' dir='ltr'>fuerit,</span> <span class='ocrx_word' id='word_1_240' title='bbox 684 3090 841 3144; x_wconf 91' lang='lat' dir='ltr'>super</span> <span class='ocrx_word' id='word_1_241' title='bbox 879 3075 1118 3129; x_wconf 90' lang='lat' dir='ltr'>omnibus</span> <span class='ocrx_word' id='word_1_242' title='bbox 1159 3077 1221 3129; x_wconf 90' lang='lat' dir='ltr'>de</span> <span class='ocrx_word' id='word_1_243' title='bbox 1250 3077 1435 3145; x_wconf 87' lang='lat' dir='ltr'>quibus</span> <span class='ocrx_word' id='word_1_244' title='bbox 1461 3078 1516 3131; x_wconf 92' lang='lat' dir='ltr'>in</span> <span class='ocrx_word' id='word_1_245' title='bbox 1544 3096 1630 3132; x_wconf 89' lang='lat' dir='ltr'>eos</span> <span class='ocrx_word' id='word_1_246' title='bbox 1658 3081 1990 3149; x_wconf 89' lang='lat' dir='ltr'>conqueritur</span> <span class='ocrx_word' id='word_1_247' title='bbox 2017 3078 2193 3146; x_wconf 80' lang='lat' dir='ltr'>abbaS,</span> <span class='ocrx_word' id='word_1_248' title='bbox 2232 3081 2412 3132; x_wconf 88' lang='lat' dir='ltr'>nostra</span> 
     </span>
     <span class='ocr_line' id='line_1_33' title="bbox 469 3169 2409 3239; baseline 0.003 -17"><span class='ocrx_word' id='word_1_249' title='bbox 469 3169 582 3222; x_wconf 87' lang='lat' dir='ltr'>vice</span> <span class='ocrx_word' id='word_1_250' title='bbox 609 3173 661 3223; x_wconf 87' lang='lat' dir='ltr'>et</span> <span class='ocrx_word' id='word_1_251' title='bbox 687 3170 972 3239; x_wconf 89' lang='lat' dir='ltr'>apostolica</span> <span class='ocrx_word' id='word_1_252' title='bbox 998 3172 1305 3226; x_wconf 89' lang='lat' dir='ltr'>auctoritate</span> <span class='ocrx_word' id='word_1_253' title='bbox 1332 3183 1448 3227; x_wconf 78' lang='lat' dir='ltr'>eos⁰</span> <span class='ocrx_word' id='word_1_254' title='bbox 1475 3176 1862 3229; x_wconf 89' lang='lat' dir='ltr'>commoneatis.</span> <span class='ocrx_word' id='word_1_255' title='bbox 1913 3174 2106 3238; x_wconf 85' lang='lat' dir='ltr'>Quodsi</span> <span class='ocrx_word' id='word_1_256' title='bbox 2131 3190 2223 3227; x_wconf 88' lang='lat' dir='ltr'>vos</span> <span class='ocrx_word' id='word_1_257' title='bbox 2249 3174 2409 3227; x_wconf 92' lang='lat' dir='ltr'>immo</span> 
     </span>
     <span class='ocr_line' id='line_1_34' title="bbox 469 3263 2410 3340; baseline 0.004 -23"><span class='ocrx_word' id='word_1_258' title='bbox 469 3263 680 3318; x_wconf 88' lang='lat' dir='ltr'>beatum</span> <span class='ocrx_word' id='word_1_259' title='bbox 716 3264 932 3319; x_wconf 89' lang='lat' dir='ltr'>Petrum</span> <span class='ocrx_word' id='word_1_260' title='bbox 970 3271 1022 3320; x_wconf 92' lang='lat' dir='ltr'>et</span> <span class='ocrx_word' id='word_1_261' title='bbox 1059 3267 1168 3320; x_wconf 88' lang='lat' dir='ltr'>eius</span> <span class='ocrx_word' id='word_1_262' title='bbox 1207 3285 1302 3338; x_wconf 89' lang='lat' dir='ltr'>per</span> <span class='ocrx_word' id='word_1_263' title='bbox 1339 3286 1433 3322; x_wconf 90' lang='lat' dir='ltr'>nos</span> <span class='ocrx_word' id='word_1_264' title='bbox 1474 3271 1836 3324; x_wconf 87' lang='lat' dir='ltr'>administrata</span> <span class='ocrx_word' id='word_1_265' title='bbox 1863 3271 2063 3323; x_wconf 91' lang='lat' dir='ltr'>monita</span> <span class='ocrx_word' id='word_1_266' title='bbox 2088 3273 2410 3340; x_wconf 89' lang='lat' dir='ltr'>contempse-</span> 
     </span>
     <span class='ocr_line' id='line_1_35' title="bbox 468 3359 2410 3437; baseline 0.005 -26"><span class='ocrx_word' id='word_1_267' title='bbox 468 3359 576 3412; x_wconf 89' lang='lat' dir='ltr'>rint</span> <span class='ocrx_word' id='word_1_268' title='bbox 615 3364 681 3429; x_wconf 89' lang='lat' dir='ltr'>et,</span> <span class='ocrx_word' id='word_1_269' title='bbox 719 3361 975 3415; x_wconf 88' lang='lat' dir='ltr'>iustitiam</span> <span class='ocrx_word' id='word_1_270' title='bbox 1014 3362 1185 3417; x_wconf 86' lang='lat' dir='ltr'>facere</span> <span class='ocrx_word' id='word_1_271' title='bbox 1222 3369 1517 3435; x_wconf 78' lang='lat' dir='ltr'>renuentes,</span> <span class='ocrx_word' id='word_1_272' title='bbox 1555 3366 1611 3419; x_wconf 92' lang='lat' dir='ltr'>in</span> <span class='ocrx_word' id='word_1_273' title='bbox 1635 3366 1926 3437; x_wconf 89' lang='lat' dir='ltr'>pertinacia</span> <span class='ocrx_word' id='word_1_274' title='bbox 1949 3365 2259 3419; x_wconf 87' lang='lat' dir='ltr'>temeritatis</span> <span class='ocrx_word' id='word_1_275' title='bbox 2286 3383 2410 3421; x_wconf 88' lang='lat' dir='ltr'>suae</span> 
     </span>
     <span class='ocr_line' id='line_1_36' title="bbox 468 3456 2409 3525; baseline 0.005 -18"><span class='ocrx_word' id='word_1_276' title='bbox 468 3456 810 3525; x_wconf 87' lang='lat' dir='ltr'>perstiterint,</span> <span class='ocrx_word' id='word_1_277' title='bbox 857 3458 921 3512; x_wconf 88' lang='lat' dir='ltr'>ab</span> <span class='ocrx_word' id='word_1_278' title='bbox 959 3458 1178 3513; x_wconf 89' lang='lat' dir='ltr'>introitu</span> <span class='ocrx_word' id='word_1_279' title='bbox 1218 3460 1464 3515; x_wconf 87' lang='lat' dir='ltr'>ecclesiae</span> <span class='ocrx_word' id='word_1_280' title='bbox 1503 3478 1677 3515; x_wconf 90' lang='lat' dir='ltr'>arcere</span> <span class='ocrx_word' id='word_1_281' title='bbox 1717 3478 1803 3515; x_wconf 85' lang='lat' dir='ltr'>eos</span> <span class='ocrx_word' id='word_1_282' title='bbox 1843 3465 1895 3515; x_wconf 90' lang='lat' dir='ltr'>et</span> <span class='ocrx_word' id='word_1_283' title='bbox 1933 3461 2204 3515; x_wconf 82' lang='lat' dir='ltr'>excludere</span> <span class='ocrx_word' id='word_1_284' title='bbox 2241 3462 2409 3516; x_wconf 88' lang='lat' dir='ltr'>nulla-</span> 
     </span>
    </p>
   </div>
   <div class='ocr_carea' id='block_1_10' title="bbox 585 3580 2140 3626">
    <p class='ocr_par' dir='ltr' id='par_1_11' title="bbox 585 3580 2140 3626">
     <span class='ocr_line' id='line_1_37' title="bbox 585 3580 2140 3626; baseline 0.003 -10"><span class='ocrx_word' id='word_1_285' title='bbox 585 3590 618 3616; x_wconf 83' lang='lat' dir='ltr'>a.</span> <span class='ocrx_word' id='word_1_286' title='bbox 655 3580 805 3626; x_wconf 85' lang='lat' dir='ltr'>gravius</span> <span class='ocrx_word' id='word_1_287' title='bbox 833 3581 879 3618; x_wconf 86' lang='lat' dir='ltr'>dc</span> <span class='ocrx_word' id='word_1_288' title='bbox 908 3593 952 3619; x_wconf 90' lang='lat' dir='ltr'>eo</span> <span class='ocrx_word' id='word_1_289' title='bbox 979 3584 1167 3621; x_wconf 76' lang='lat' dir='ltr'>excidisse</span> <span class='ocrx_word' id='word_1_290' title='bbox 1193 3585 1349 3622; x_wconf 80' lang='lat' dir='ltr'>videtur.</span> <span class='ocrx_word' id='word_1_291' title='bbox 1478 3585 1515 3622; x_wconf 92' lang='lat' dir='ltr'>b.</span> <span class='ocrx_word' id='word_1_292' title='bbox 1551 3586 1612 3622; x_wconf 88' lang='lat' dir='ltr'>cui</span> <span class='ocrx_word' id='word_1_293' title='bbox 1640 3600 1670 3622; x_wconf 89' lang='lat' dir='ltr'>c.</span> <span class='ocrx_word' id='word_1_294' title='bbox 1827 3595 1860 3621; x_wconf 86' lang='lat' dir='ltr'>c.</span> <span class='ocrx_word' id='word_1_295' title='bbox 1896 3595 1960 3622; x_wconf 84' lang='lat' dir='ltr'>eos</span> <span class='ocrx_word' id='word_1_296' title='bbox 1989 3586 2140 3623; x_wconf 83' lang='lat' dir='ltr'>addidi.</span> 
     </span>
    </p>
   </div>
   <div class='ocr_carea' id='block_1_11' title="bbox 588 3658 2078 3732">
    <p class='ocr_par' dir='ltr' id='par_1_12' title="bbox 588 3658 2078 3732">
     <span class='ocr_line' id='line_1_38' title="bbox 588 3658 2078 3732; baseline 0.005 -32"><span class='ocrx_word' id='word_1_297' title='bbox 588 3658 628 3700; x_wconf 92' lang='lat'>1.</span> <span class='ocrx_word' id='word_1_298' title='bbox 661 3670 720 3702; x_wconf 86' lang='lat' dir='ltr'>an</span> <span class='ocrx_word' id='word_1_299' title='bbox 750 3658 1004 3732; x_wconf 84' lang='lat' dir='ltr'>Landrico‘?</span> <span class='ocrx_word' id='word_1_300' title='bbox 1151 3663 1193 3705; x_wconf 82' lang='lat'>2.</span> <span class='ocrx_word' id='word_1_301' title='bbox 1226 3674 1352 3706; x_wconf 86' lang='lat' dir='ltr'>coen.</span> <span class='ocrx_word' id='word_1_302' title='bbox 1374 3662 1666 3707; x_wconf 88' lang='lat' dir='ltr'>Pultariensis</span> <span class='ocrx_word' id='word_1_303' title='bbox 1698 3661 1742 3707; x_wconf 89' lang='lat' dir='ltr'>d.</span> <span class='ocrx_word' id='word_1_304' title='bbox 1763 3662 2078 3720; x_wconf 85' lang='lat' dir='ltr'>Lingonensis.</span> 
     </span>
    </p>
   </div>
  </div>
 </body>
</html>
