2730 4198
0 2483 7 2505 ‚z

0 3558 16 3608 {²

0 3610 12 3661 Ρ

795 289 1070 329 GREGORH
1106 293 1186 330 vn
1221 293 1486 331 REGISTRI
1522 295 1559 331 v
1586 293 1678 331 14a.
1705 294 1766 331 15.
2145 281 2252 337 309

311 408 615 460 auctoritate
670 407 735 459 ab
792 409 1131 462 anathematis
1187 411 1393 463 vinculo
1451 412 1542 464 hos
1589 412 1965 465 subtrahimus.-
2022 412 2257 466 videlicet

309 520 495 554 uxores
545 502 732 554 liberos
779 522 950 556 servos
989 506 1211 557 ancillas
1248 525 1338 559 seu
1374 510 1643 578 mancipia
1678 527 1772 560 nec
1807 527 1913 560 non
1949 510 2170 561 rusticos
2209 519 2256 562 et

309 599 580 650 servientes
620 609 667 650 et
705 617 877 650 omnes
920 601 1070 665 alios,
1114 604 1209 670 qui
1242 620 1347 658 non
1386 604 1515 654 adeo
1555 604 1778 655 curiales
1817 615 1952 669 sunt,
1994 614 2052 657 ut
2077 623 2254 657 eorum

309 693 524 745 consilio
563 694 755 746 scelera
784 707 1167 765 perpetrentur,
1211 707 1256 749 et
1292 697 1412 749 illos
1451 701 1547 766 qui
1574 700 1879 767 iqnoranter
1905 703 2252 753 excommuni-

308 791 437 842 catis
476 793 873 855 communicant,
915 810 1005 843 seu
1041 792 1159 844 illos
1199 795 1292 862 qui
1316 795 1696 847 communicant
1722 813 1837 846 cum
1865 797 1953 860 eis,
1997 798 2092 864 qui
2114 815 2251 849 com-

307 886 576 938 municant
621 889 1089 939 excommunicatis.
1171 887 1492 958 Quicumque
1539 899 1709 941 autem
1758 897 1876 942 aut‘*
1924 901 2102 943 orator
2147 894 2253 944 sive

302 982 610 1049 pereyrinus
656 992 750 1034 aut
794 985 966 1035 viator
1012 985 1069 1034 in
1113 994 1306 1049 terram
1344 987 1904 1038 excommunicatorum
1942 985 2248 1053 devenerab,

305 1075 398 1127 ubi
431 1094 538 1128 non
566 1079 742 1146 possit
779 1096 940 1130 emere
979 1079 1060 1130 vel
1096 1096 1203 1130 non
1243 1079 1399 1131 habet
1435 1081 1573 1132 unde
1611 1092 1760 1143 emat,
1805 1081 1869 1133 ab
1899 1086 2249 1136 excommuni-

306 1173 434 1222 catis
481 1174 777 1242 accipiendi
821 1174 1082 1225 licentiam
1129 1175 1330 1226 damus.
1409 1176 1483 1227 Εὐ
1535 1178 1585 1228 si
1631 1179 1749 1246 quis
1796 1182 2250 1232 excommunicatis

303 1284 408 1318 non
446 1276 580 1337 pro⁰
619 1271 986 1322 sustentatione
1027 1270 1301 1339 superbiae
1338 1272 1429 1323 sed
1465 1272 1806 1326 humanitatis
1846 1293 2006 1327 causa
2044 1275 2253 1345 aliquid

304 1363 431 1414 dare
467 1363 700 1428 voluerit,
729 1365 857 1431 fieri
865 1364 883 1392 ‘¹
920 1384 1027 1418 non
1056 1367 1410 1436 prohibemus.

449 1457 639 1511 Actum
697 1458 920 1513 Romae⁰
968 1460 1024 1513 in
1082 1461 1301 1515 ecclesia
1356 1461 1554 1515 domini
1615 1461 1931 1517 Salvatoris‘
1987 1465 2021 1518 5
2069 1463 2247 1519 Nonas

300 1551 494 1622 Martii,
532 1554 815 1608 indictione
858 1558 904 1608 1.

299 1723 352 1786 V
383 1729 481 1786 15.
528 1731 822 1785 Teutonicis
869 1733 1151 1802 siqnificat,
1202 1735 1266 1785 de
1303 1753 1439 1804 *pace
1487 1737 1843 1805 componenda
1891 1736 2083 1806 leyatos
2119 1739 2246 1789 mis-

520 1847 635 1880 sum
671 1831 758 1880 iri.
821 1828 1020 1894 Quibus
1061 1831 1155 1898 qui
1189 1831 1553 1900 impedimento
1565 1831 1792 1900 fuerint,
1835 1850 1917 1884 eos
1945 1833 2245 1886 anathema-

521 1925 660 1975 tizat.
725 1925 1026 1977 Praemittit
1061 1927 1327 1991 nuntium,
1378 1929 1471 1996 qui
1507 1928 1570 1979 de
1608 1938 1833 1998 tempore
1872 1928 2085 1999 locoque
2123 1948 2244 1982 oon-

520 2029 698 2071 ventus
735 2023 1054 2078 constituat&

2315 419 2430 463 1078

2294 478 2404 516 Mart.
2423 482 2446 517 3

449 2127 728 2196 Gregorius
792 2130 1065 2200 episcopus
1122 2148 1301 2184 servus
1359 2148 1628 2186 servorum
1683 2133 1784 2187 Dei
1841 2133 2245 2205 archiepiscopis
2291 2146 2406 2190 1078

298 2224 555 2294 episcopis
604 2224 834 2278 clericish
874 2225 1091 2278 ducibus
1137 2227 1484 2297 principibus⁵
1522 2228 1940 2283 marchionibusk
1979 2230 2244 2284 omnibus-

297 2335 397 2387 que
445 2319 730 2373 maioribus
781 2324 835 2373 et
879 2320 1169 2375 minoribus
1216 2322 1274 2375 in
1315 2323 1596 2377 Teutonico
1635 2341 1796 2392 regno
1835 2326 2132 2379 constitutis
2175 2357 2239 2364 ——

296 2416 525 2485 exceptis
563 2415 645 2468 his
656 2415 681 2484 ¹,
726 2416 815 2484 qui
852 2416 1103 2470 canonica
1141 2420 1676 2473 excommunicatione
1714 2423 1958 2474 tenentur
1995 2451 2065 2458 —-
2103 2422 2242 2476 salu-

294 2514 401 2564 tem
429 2514 480 2564 et
505 2511 845 2581 apostolicam
870 2512 1302 2582 benedictionem,
1343 2515 1429 2568 sim
1456 2516 1677 2570 decretis
1701 2515 1967 2572 Romanae
1994 2518 2241 2573 ecclesiae

295 2606 630 2660 oboedierint.

441 2702 635 2755 Notum
674 2703 820 2756 vobis
869 2702 983 2756 fieri
1020 2703 1285 2774 volumuS‚
1334 2706 1524 2760 fratres
1562 2708 1855 2777 karissimi,
1909 2709 2047 2779 quod
2083 2709 2140 2762 in
2178 2727 2240 2764 ea

295 2798 508 2868 synodo,
549 2815 706 2867 quam
743 2815 910 2868 nuper
946 2798 1110 2853 Rome
1148 2800 1540 2871 celebravimUS,
1579 2804 1716 2857 inter
1753 2804 1920 2858 multa
1945 2805 2063 2874 alia,
2105 2820 2238 2874 quae

294 2894 357 2946 de
397 2897 537 2946 statu
576 2898 786 2947 sanctae
826 2894 1073 2947 ecclesiae
1111 2895 1223 2949 Deo
1262 2902 1572 2968 cooperante
1609 2901 1931 2969 peregimUS‚
1985 2900 2048 2954 de
2084 2901 2238 2954 ruina

2271 2206 2381 2244 Mart.
2400 2208 2424 2244 9

294 2992 346 3042 et
393 2989 692 3043 confusione
729 2990 1043 3044 nobilissimi
1079 2992 1228 3059 regni
1266 2994 1428 3046 vestri
1467 2995 1744 3063 diligenter
1781 2999 2091 3065 tractanteS‚
2138 2997 2237 3050 hoc
2283 3064 2286 3065 ⁷

293 3084 619 3139 salutiferum
660 3090 711 3139 et
749 3091 1064 3156 oportunum
1100 3105 1196 3158 pro
1234 3091 1565 3159 reparatione
1602 3092 1748 3161 pacis
1774 3095 1978 3145 vestrae
2002 3092 2113 3146 fore
2138 3110 2236 3163 pu-

291 3181 542 3235 tavimus:
591 3186 652 3235 ut
697 3183 928 3251 religiosi
973 3183 1133 3251 legati
1182 3185 1497 3254 apostolicae
1537 3187 1674 3240 sedis
1715 3187 1780 3239 ad
1818 3191 1995 3257 partes
2033 3191 2235 3242 vestras

292 3277 598 3346 dirigantur,
639 3279 727 3346 qui
767 3279 1185 3349 archiepiscopos
1227 3280 1497 3350 episcopos
1524 3285 1577 3334 et
1599 3282 1870 3349 religiosos
1898 3282 2111 3337 clericos
2138 3301 2235 3338 nec

406 3426 439 3452 a.
468 3430 538 3454 om.
558 3418 593 3453 2.
704 3417 741 3454 b.
767 3418 914 3454 venerit
941 3419 976 3454 2.
1089 3429 1120 3455 c.
1147 3429 1215 3466 pro
1244 3433 1312 3455 om.
1333 3421 1368 3456 2.
1475 3420 1511 3456 d.
1538 3419 1622 3457 fieri
1648 3434 1716 3457 om.
1740 3422 1775 3457 2.
1880 3433 1912 3458 e.
1939 3421 2080 3459 Romae
2107 3436 2176 3460 om.
2196 3424 2233 3461 2.

290 3481 315 3516 f.
344 3491 438 3528 quae
467 3482 677 3529 appellatur
704 3483 1012 3520 Constantiniana
1039 3484 1132 3521 add.
1154 3486 1189 3521 2.
1345 3495 1379 3531 g.
1415 3488 1568 3536 Legitur
1594 3489 1703 3523 etiam
1740 3484 1777 3532 2)
1805 3500 1866 3534 ap.
1882 3489 2045 3524 Paulum
2064 3490 2233 3527 Bernrid.

292 3562 322 3582 c.
344 3547 438 3591 100,
476 3550 582 3584 Pont.
607 3551 711 3585 Rom.
739 3550 812 3586 Vit.
836 3550 895 3586 ed.
921 3551 1130 3587 Watterich
1158 3554 1178 3588 I
1204 3551 1298 3596 533,
1340 3549 1378 3597 3)
1408 3566 1468 3599 ap.
1496 3554 1646 3602 Hagen.
1674 3553 1842 3598 Flavia„
1884 3556 1988 3591 Mon.
2017 3556 2134 3592 Germ.
2162 3557 2231 3594 SS-

295 3612 394 3649 VIII
415 3612 503 3650 448.
605 3613 643 3651 h.
672 3628 742 3651 om.
762 3616 797 3652 3.
908 3615 933 3652 i.
963 3630 1032 3653 om.
1053 3617 1075 3652 2
1187 3616 1225 3653 k.
1253 3617 1451 3654 comitibus
1480 3618 1573 3654 add.
1589 3618 1625 3654 2.
1735 3618 1762 3654 l.
1787 3619 1821 3655 is
1850 3621 1934 3657 cod.
2037 3631 2087 3658 m.
2121 3621 2154 3658 si
2183 3640 2228 3647 —

291 3677 500 3714 obedierint
525 3693 594 3717 om.
617 3681 653 3716 2.
675 3680 710 3716 3.
