2722 4172
489 310 560 362 94
1038 326 1311 365 GREGORII
1346 328 1426 363 vn
1461 326 1725 366 Rners'rm
1761 330 1783 366 1
1809 328 1868 366 75.

327 444 442 489 1074
488 441 839 511 apostolorum
875 443 1101 514 principi
1139 443 1320 497 devote
1361 460 1420 497 ac
1459 443 1699 498 decenter
1732 445 1864 499 velle
1903 447 2110 501 obedire
2149 452 2202 501 31
2236 452 2415 501 nostra

300 504 457 552 Apr.13
485 537 541 590 111
577 538 674 607 1113,
717 556 845 608 quae
885 541 948 593 ad
990 540 1388 594 ecclesiasticam
1426 540 1727 608 religionem
1767 542 2045 612 pertinent,
2090 544 2291 598 monita
2326 544 2414 598 de-

486 634 774 689 sideranter
819 636 998 690 audire
1039 641 1191 706 atque
1229 635 1490 706 perficere.
1552 636 1700 700 Quod
1738 638 1781 690 si
1817 638 1893 691 ita
1931 640 2074 692 cordi
2109 644 2198 694 tuo
2238 641 2413 694 divino

483 729 732 785 instinctu
773 732 985 786 affixum
1024 737 1119 802 est,
1164 733 1385 786 multum
1425 734 1649 801 gaudere
1685 751 1780 787 nos
1820 735 2073 804 convenit,
2115 737 2251 805 quod
2289 737 2414 790 emi-

483 828 662 880 nentia
698 832 804 896 tua,
846 829 911 882 ad
949 829 1178 882 divinam
1215 846 1381 899 prona
1418 831 1780 899 reverentiam,
1822 847 1952 900 quae
1990 832 2163 899 regiae
2193 833 2414 886 admini-

484 920 749 978 strationis
790 929 924 992 sunt,
964 925 1156 992 cogitat
1195 930 1348 995 atque
1388 927 1664 994 cognoscit.
1724 926 1871 980 Unde
1908 927 2232 982 nobilitatem
2268 933 2414 983 tuam

484 1036 548 1072 ex
585 1024 735 1090 parte
770 1020 910 1074 beati
947 1019 1090 1074 Petri
1128 1022 1464 1075 admonemus
1505 1027 1556 1076 et
1593 1023 1734 1076 omni
1772 1023 2003 1076 caritatis
2043 1022 2227 1078 affectu
2263 1042 2413 1093 roga-

481 1133 621 1170 mus:
663 1121 914 1186 quatenus
950 1117 1120 1170 Deum
1158 1118 1254 1172 tibi
1290 1119 1498 1188 placare
1539 1120 1746 1173 studeas
1787 1123 1862 1189 et,
1901 1121 2036 1173 inter
2075 1124 2247 1174 cetera
2282 1138 2414 1191 quae

480 1216 630 1265 tuum
669 1217 748 1266 est
786 1214 1058 1283 corrigere,
1098 1232 1191 1284 per
1228 1219 1280 1268 te
1311 1215 1457 1269 illata
1480 1215 1808 1270 Belvacensi³³
1835 1216 2080 1270 ecclesiae
2107 1217 2416 1271 detrimenta

480 1325 574 1378 pro
621 1310 977 1378 magnitudine
1025 1311 1102 1364 tui
1150 1312 1376 1365 nominis
1427 1294 1488 1365 etv
1526 1312 1735 1366 honoris
1777 1313 2099 1383 aliquatenus
2138 1315 2413 1369 emendare

480 1422 584 1457 non
614 1407 1014 1475 praetermittas.
1067 1406 1352 1461 Attendere
1380 1409 1518 1462 enim
1542 1413 1594 1462 te
1621 1409 1889 1463 nobiscum
1916 1395 1968 1463 31
1994 1411 2268 1478 diligenter
2292 1428 2413 1464 con-

481 1501 709 1556 siderare
748 1503 1002 1572 volumus,
1042 1504 1098 1556 in
1137 1508 1330 1573 quanta
1368 1504 1641 1558 dilectione
1681 1506 1816 1559 sedis
1853 1507 2165 1577 apostolicae
2196 1511 2413 1576 quanta-

481 1615 579 1667 que
617 1599 782 1666 gloria
820 1605 871 1653 et
906 1600 1144 1653 laudibus
1182 1601 1291 1654 fere
1327 1618 1422 1671 per
1462 1601 1639 1655 orbem
1677 1606 1932 1656 terrarum
1961 1609 2310 1658 antecessores
2335 1605 2414 1658 tui

477 1711 626 1762 reges
657 1682 950 1749 'clarissimi
998 1701 1048 1749 et
1092 1697 1427 1750 famosissimi
1464 1698 1628 1751 habiti
1667 1703 1813 1768 sunt,
1862 1700 1985 1752 dum
2022 1700 2234 1753 illorum
2269 1701 2415 1769 regia

477 1792 721 1845 maiestas
759 1793 814 1844 in
855 1791 1231 1862 amplificandis
1274 1798 1324 1846 et
1362 1793 1696 1847 defendendis
1738 1775 1965 1849 ecclesiis
2003 1797 2092 1867 pia
2131 1814 2190 1850 ac
2229 1797 2415 1851 devota

478 1887 726 1956 constitit,
755 1888 809 1940 in
829 1889 1051 1942 tenendo
1078 1890 1332 1943 iustitiam
1356 1889 1522 1944 libera
1549 1908 1608 1944 ac
1635 1891 1897 1945 districtab
1923 1894 2225 1963 permansit.
2264 1893 2412 1947 Post-

478 2001 632 2053 quam
677 2002 800 2038 vero
850 1985 1026 2038 divina
1073 1989 1124 2039 et
1170 1986 1398 2040 humana
1434 1988 1551 2040 iura
1590 1988 1932 2042 subvertendo
1969 1975 2117 2042 tanta
2155 1990 2320 2043 virtus
2356 1991 2413 2044 in

474 2080 848 2150 posterioribus
897 2082 1068 2153 coepit
1114 2083 1415 2152 hebescere,
1466 2085 1627 2137 totius
1665 2086 1813 2153 regni
1852 2074 2018 2153 gloria
2056 2087 2209 2140 decus
2247 2086 2412 2142 honor

476 2180 527 2229 et
563 2178 799 2247 potentia
836 2195 954 2231 cum
991 2180 1508 2248 perversisbmoribus
1534 2181 1810 2234 immutata
1837 2185 1972 2250 sunt,
2014 2186 2065 2235 et
2089 2183 2412 2237 nobilissima

473 2272 616 2326 fama
660 2277 712 2326 et
759 2278 924 2327 status
972 2276 1120 2343 regni
1165 2293 1196 2328 a
1234 2275 1458 2329 culmine
1506 2294 1628 2330 suae
1675 2277 1926 2330 claritatis
1971 2278 2233 2332 11101111311ο
2273 2284 2406 2333 311111.

446 2368 616 2422 ⁴Haec
655 2370 863 2438 quidem
901 2375 952 2424 et
990 2372 1093 2425 alia
1128 2372 1255 2425 talia
1279 2372 1576 2442 frequenter
1603 2378 1668 2442 31,
1710 2374 1753 2426 31
1781 2377 1999 2443 oportet,
2041 2391 2224 2444 aspero
2251 2376 2409 2429 etiam

477 2481 711 2519 sermone
748 2467 845 2520 tibi
881 2467 1156 2537 inculcare,
1198 2470 1424 2539 suscepti
1461 2487 1556 2523 nos
1596 2469 1751 2523 officii
1788 2487 1910 2523 cura
1936 2471 2213 2541 compellit.
2272 2471 2408 2535 Quo—

473 2561 616 2615 niam
662 2562 785 2616 licet
821 2563 1037 2617 verbum
1082 2565 1480 2635 praedicationis
1530 2566 1842 2620 abscondere
1891 2571 1942 2620 et
1986 2567 2194 2637 uspiam
2237 2572 2408 2622 tacere

473 2674 578 2710 non
618 2659 686 2711 sit
709 2659 857 2713 nobis
886 2664 1056 2713 tutum
1097 2665 1186 2714 aut
1220 2661 1459 2731 liberum,
1497 2667 1690 2732 tamen,
1724 2667 1915 2732 quanto
1943 2663 2167 2731 dignitas
2195 2669 2274 2718 est
2299 2682 2408 2718 am-

473 2753 610 2824 plior
649 2759 701 2808 et
735 2773 961 2826 persona
1000 2757 1283 2827 sublimior,
1322 2762 1467 2812 tanto
1506 2760 1896 2830 propensiorem
1936 2777 2113 2814 curam
2141 2765 2193 2814 et
2217 2761 2407 2814 clamo-

472 2850 613 2903 remd
650 2868 746 2921 pro
794 2854 903 2907 eius
948 2854 1257 2907 rectitudine
1295 2871 1389 2907 nos
1427 2855 1617 2909 habere
1656 2857 1918 2926 convenit,
1968 2858 2274 2910 admonente
2311 2874 2406 2910 nos

472 2945 696 3001 Domino
735 2966 830 3019 per
866 2950 1175 3020 prophetam
1214 2951 1494 3004 dicentem:
1542 2951 1738 3020 Clama,
1779 2974 1843 3007 ne
1880 2974 2053 3020 cessae,
2096 2957 2250 3024 quasi
2284 2955 2406 3006 tuba

474 3045 645 3097 exalta
681 3065 853 3098 vocem
891 3044 1083 3114 tuam¹3
1124 3048 1403 3118 praecipue
1442 3065 1559 3101 cum
1597 3050 1762 3103 virtus
1790 3049 2404 3127 christianorum-princi-

471 3156 598 3209 pum
636 3141 692 3193 in
731 3141 962 3195 eiusdem
990 3142 1145 3211 Regis
1185 3144 1368 3197 castris
1410 3144 1475 3197 ad
1514 3146 1799 3199 custodiam
1839 3147 2150 3200 christianae
2187 3145 2404 3199 militiae

471 3236 740 3290 nobiscum
788 3240 1061 3293 convenire
1110 3240 1307 3293 debeat.
1379 3240 1449 3294 Ut
1491 3242 1652 3309 igitur
1689 3260 1890 3311 eorum,
1940 3259 2158 3311 quorum
2197 3258 2250 3294 es
2290 3258 2403 3295 suc-

472 3348 643 3387 cessor
679 3335 735 3386 in
772 3352 956 3404 regno,
1006 3337 1293 3390 nobilitatis
1342 3341 1392 3390 et
1439 3338 1633 3405 gloriae
1673 3338 1809 3408 apud
1854 3337 2023 3391 Deum
2074 3342 2125 3391 et
2168 3337 2402 3391 homines

472 3427 747 3496 singularis
788 3435 839 3484 31
876 3432 1173 3486 individuus
1212 3433 1362 3487 heres
1403 3435 1613 3503 existas,
1653 3435 1896 3487 virtutem
1932 3434 2140 3514 illorum
2176 3451 2402 3488 summo-

469 3540 592 3593 pere
631 3529 682 3578 te
719 3526 917 3580 imitari
956 3532 1021 3597 et,
1061 3530 1317 3583 iustitiam
1354 3530 1456 3584 Dei
1494 3532 1617 3584 totis
1655 3529 1851 3584 viribus
1891 3530 2205 3599 exequendO,
2243 3531 2402 3585 eccle-

585 3660 616 3685 a.
644 3649 882 3688 Belvacensis
902 3667 932 3689 c.
1022 3653 1058 3690 b.
1087 3654 1267 3692 distracta
1285 3671 1316 3693 c.
1408 3666 1438 3692 c.
1466 3655 1643 3692 inclinata
1662 3670 1693 3691 c.
1785 3654 1821 3691 d.
1848 3655 2027 3691 maiorem
2045 3656 2230 3693 excidisse
2246 3657 2401 3694 videtur.

588 3729 627 3771 1.
660 3728 762 3772 Isai.
785 3730 855 3786 58,
880 3732 918 3773 1.
