2730 4198
344 401 457 446 1078

325 462 403 499 Ian.
425 462 474 500 28

342 1258 457 1302 1078

325 1318 402 1355 Ian.
425 1318 474 1355 29

502 268 610 321 304
1003 283 1277 321 GREGORH
1314 284 1393 320 vn
1429 283 1693 321 REGISTRI
1730 285 1765 320 v
1793 284 1852 320 13.
1880 285 1939 321 14.

501 398 745 452 trimento
773 398 1063 452 animarum
1083 403 1376 453 vestrarum
1404 403 1455 453 et
1479 403 1657 452 nostro
1686 400 1912 469 periculo
1941 402 2244 470 poterimuS,
2267 402 2440 471 parati

504 510 696 567 sumus.
753 493 1122 548 Desideramus
1150 495 1289 548 enim
1316 495 1487 564 potius
1513 494 1625 548 Deo
1652 499 1784 548 teste
1823 500 2025 550 vestrae
2063 496 2219 550 saluti
2258 500 2309 549 et
2345 513 2440 566 po-

503 588 614 659 puli
650 588 795 642 vobis
843 590 1025 643 crediti
1064 590 1348 658 consulere,
1389 607 1545 659 quam
1571 594 1749 644 nostro
1786 591 2038 645 saeculari
2077 591 2344 645 commodo
2383 592 2440 645 in

504 684 675 752 aliquo
702 684 990 753 providere.
1039 684 1179 739 Data
1196 685 1389 739 Romae
1418 690 1449 739 5
1477 685 1737 739 Kalendas
1763 685 2050 756 Februarii,
2077 688 2359 741 indictione
2391 690 2435 740 1.

502 852 555 914 V
586 857 682 914 14.
720 860 1183 914 Aurelianensibus
1233 863 1437 928 scribit,
1499 865 1561 915 de
1613 862 1881 928 Samene,
1942 882 2093 932 quem
2142 867 2438 934 episcopum

725 957 933 1009 elec-tuni
967 960 1319 1010 nuntiaverint
1335 969 1619 1028 posteaque
1646 961 2015 1023 accusaverint,
2057 961 2113 1010 in
2141 960 2289 1011 aliud
2314 970 2437 1012 tem-

717 1071 822 1122 pus
861 1063 1173 1105 reservatam
1198 1057 1500 1106 sententiam
1527 1073 1645 1106 esse.
1704 1055 1994 1124 Praecipit,
2035 1057 2243 1106 interim
2267 1065 2325 1107 ut
2349 1056 2437 1107 de-

723 1147 884 1199 bitum
921 1148 1006 1199 illi
1041 1149 1285 1201 honorem
1315 1160 1597 1219 praestent.

652 1254 931 1323 Gregorius
979 1257 1253 1327 episcopus
1302 1276 1480 1312 servus
1530 1276 1799 1312 servorum
1836 1259 1936 1312 Dei
1982 1259 2117 1312 clero
2158 1264 2209 1313 et
2245 1259 2438 1329 populo

506 1350 894 1404 Aurelianensis
934 1352 1180 1406 ecclesiae
1220 1354 1441 1407 salutem
1480 1359 1532 1408 et
1571 1354 1910 1424 apostolicam
1948 1354 2376 1408 benedictionem.

648 1444 874 1498 Litteras
915 1463 946 1499 a
982 1447 1128 1501 vobis
1168 1449 1366 1502 delatas
1408 1451 1746 1519 apostolicam
1786 1451 1963 1503 sedem
2002 1451 2287 1520 accepisse,
2334 1467 2439 1503 non

501 1540 741 1607 ignorare
781 1558 871 1594 vos
910 1542 1185 1610 credimUS,
1227 1545 1412 1612 quibus
1453 1546 1633 1599 electio
1675 1546 2001 1615 episcopaliS,
2040 1547 2178 1598 facta
2215 1547 2269 1598 in
2308 1545 2438 1599 San·-

502 1651 631 1688 zone
666 1636 912 1689 ecclesiae
937 1642 1140 1691 vestrae
1167 1638 1368 1707 cleric0,
1408 1641 1765 1694 intimabatur.
1824 1641 2036 1709 QuibuS,
2079 1642 2322 1709 quoniam
2346 1641 2439 1694 ho-

500 1734 758 1784 nestatem
807 1732 916 1784 eius
963 1733 1068 1785 iam
1106 1736 1312 1804 pridem
1353 1737 1684 1804 agnovimuS,
1731 1736 1889 1790 fidem
1928 1737 2317 1790 accommodare
2357 1754 2438 1789 as-

501 1843 811 1895 sensumque
849 1828 1098 1896 praebere
1136 1832 1309 1900 parati
1345 1832 1554 1906 fuimus
1618 1830 1719 1885 Sed
1760 1832 2022 1900 quoniam,
2063 1849 2162 1900 quo
2188 1832 2440 1885 instinctu

502 1926 710 1975 actuve⁰
749 1923 1027 1992 nescimUS,
1067 1926 1368 1996 inopinatae
1406 1927 1627 1996 litterae,
1668 1928 1829 1980 nichil
1865 1929 2097 1997 priorum
2138 1945 2318 1980 sensus
2347 1928 2439 1980 ha-

501 2017 681 2071 bentes
729 2019 889 2071 immo
930 2022 1191 2074 contraria
1230 2023 1538 2091 sentienteS,
1588 2023 1653 2075 ad
1690 2028 1925 2075 nostram
1963 2024 2311 2093 praesentiam
2352 2023 2440 2077 de-

499 2113 637 2166 latae
677 2119 812 2182 sunt,
851 2119 1087 2169 nostram
1126 2116 1456 2170 diffinitivam
1496 2119 1804 2171 sententiam
1847 2149 1915 2155 —-
1955 2136 2020 2171 ne
2046 2120 2216 2172 facere
2244 2119 2440 2187 aliquid

503 2225 659 2278 super
685 2209 782 2263 hoc
808 2211 1019 2277 negocio
1039 2213 1445 2282 praecipitanter
1473 2218 1524 2267 et
1548 2214 1841 2267 inordinate
1862 2214 2158 2267 videremur
2179 2232 2247 2250 ·--
2270 2213 2439 2282 quoad

501 2321 664 2373 usque
717 2305 863 2358 vobis
918 2310 1008 2358 aut
1063 2309 1311 2360 nuncium
1368 2325 1458 2361 seu
1513 2309 1714 2362 litteras
1772 2314 1977 2361 nostras
2026 2350 2258 2361 .......
2273 2309 2292 2337 ¹’
2345 2326 2439 2378 per

504 2400 639 2467 quod
678 2401 853 2452 omnia
891 2401 1123 2455 eiusdem
1160 2404 1362 2470 negocii
1401 2408 1516 2456 acta
1554 2405 1758 2473 plenius
1797 2421 2182 2472 cognoscamuS,
2223 2422 2439 2474 suspen-

503 2494 624 2548 dere
661 2495 874 2562 dignum
913 2496 1173 2550 duximus,
1289 2499 1484 2552 Tamen
1522 2517 1683 2552 unum
1710 2517 1800 2552 vos
1839 2500 1969 2553 scire
1995 2500 2261 2553 volumus:
2303 2500 2438 2568 quod

503 2590 715 2643 clericos
753 2591 896 2659 illos,
939 2593 1027 2660 qui
1067 2610 1096 2645 a
1133 2593 1280 2647 vobis
1318 2594 1519 2647 litteras
1558 2575 1706 2648 nobis
1747 2595 2040 2648 detulerant
2080 2596 2269 2664 quique
2310 2594 2440 2648 San-

504 2686 622 2738 zoni
661 2687 919 2740 contraria
957 2688 1264 2756 sentiebant,
1305 2706 1409 2742 una
1439 2706 1553 2743 cum
1580 2691 1975 2760 praenominato
2004 2690 2239 2744 Sanzone
2266 2708 2439 2744 coram

505 2781 864 2851 episcoporum
902 2787 1199 2836 nostrorum
1232 2786 1528 2854 praesentia
1555 2786 1828 2853 diligenter
1854 2787 2172 2855 perscrutari
2197 2787 2437 2852 fecimus3

505 2880 783 2946 quatenuS,
836 2878 1102 2947 utriusque
1140 2881 1303 2949 partis
1342 2882 1561 2934 veritate
1599 2883 1928 2951 percognita,
1981 2882 2104 2950 quid
2141 2881 2439 2950 improban-

503 2973 628 3026 dum
666 2978 846 3041 esset⁰,
897 2974 1288 3042 obiurgaremus
1302 2976 1336 3043 d,
1379 2977 1567 3045 quidve
1606 2979 2026 3047 approbandum,
2064 2977 2435 3029 laudassemus,

503 3068 735 3121 Tandem
774 3078 966 3138 paene⁰
1006 3071 1206 3139 omnia,
1258 3088 1388 3139 quae
1428 3073 1509 3125 sui
1558 3074 1716 3126 emuli
1761 3074 1861 3126 sibi
1899 3073 2216 3138 obiecerant,
2269 3070 2437 3124 Sanzo

501 3164 614 3234 ipse
653 3165 950 3233 confutanS,
999 3166 1098 3219 sibi
1137 3164 1303 3234 magis
1343 3169 1517 3221 favere
1555 3170 1835 3236 iustitiam,
1873 3169 2021 3221 nobis
2063 3167 2230 3234 dignis
2271 3183 2439 3222 asser-

500 3260 729 3314 tionibus
770 3261 1159 3314 demonstravit.
1217 3262 1414 3316 Verum
1454 3294 1522 3299 —
1565 3264 1688 3333 quia
1723 3263 1883 3316 nichil
1916 3279 2070 3331 super
2104 3262 2201 3314 hoc
2224 3263 2438 3329 negocio

503 3354 719 3424 aliisque
758 3356 865 3409 suis
906 3357 1074 3410 causis
1115 3358 1307 3427 absque
1345 3365 1523 3412 nostro
1565 3359 1845 3429 apostolico
1881 3374 2135 3411 consensu
2161 3358 2439 3410 consiliove

618 3541 651 3566 a.
687 3530 762 3567 Sed
789 3542 950 3579 quonam
976 3533 1159 3570 instinctu
1186 3545 1259 3582 quo
1287 3536 1418 3572 actuve
1446 3536 1529 3572 cod.
1685 3534 1720 3571 b.
1759 3548 1854 3582 quae
1887 3534 1956 3569 hoc
1991 3534 2075 3569 loco
2112 3535 2297 3570 excidisse
2319 3540 2438 3581 patet,

503 3608 573 3630 uno
606 3597 714 3632 verbo
749 3597 939 3635 mittamus
974 3601 1119 3636 omnino
1153 3602 1338 3648 suppleri,
1373 3615 1445 3637 non
1482 3601 1721 3637 concesserim
1757 3599 2007 3635 Giesebrechto
2045 3596 2106 3645 (de
2140 3600 2278 3636 emend.
2302 3614 2341 3648 p.
2361 3597 2438 3645 38).

503 3670 534 3696 c.
569 3663 669 3697 esset
698 3663 848 3701 addidi.
1004 3664 1041 3701 d.
1075 3665 1307 3711 abigeremus
1336 3667 1419 3702 cod.
1574 3677 1606 3702 e.
1642 3676 1762 3713 poene
1791 3679 1822 3701 c.
