<?xml version="1.0" encoding="UTF-8"?>
<!DOCTYPE html PUBLIC "-//W3C//DTD XHTML 1.0 Transitional//EN"
    "http://www.w3.org/TR/xhtml1/DTD/xhtml1-transitional.dtd">
<html xmlns="http://www.w3.org/1999/xhtml" xml:lang="en" lang="en">
 <head>
  <title>
</title>
<meta http-equiv="Content-Type" content="text/html;charset=utf-8" />
  <meta name='ocr-system' content='tesseract 3.04.00' />
  <meta name='ocr-capabilities' content='ocr_page ocr_carea ocr_par ocr_line ocrx_word'/>
</head>
<body>
  <div class='ocr_page' id='page_1' title='image "bibliothecarerum02wattuoft_0703.png"; bbox 0 0 2730 4198; ppageno 0'>
   <div class='ocr_carea' id='block_1_1' title="bbox 778 282 2228 336">
    <p class='ocr_par' dir='ltr' id='par_1_1' title="bbox 778 282 2228 336">
     <span class='ocr_line' id='line_1_1' title="bbox 778 282 2228 336; baseline 0.001 -2"><span class='ocrx_word' id='word_1_1' title='bbox 778 297 1126 336; x_wconf 76' lang='lat' dir='ltr'>BomTHoNIS</span> <span class='ocrx_word' id='word_1_2' title='bbox 1165 299 1242 335; x_wconf 90' lang='lat' dir='ltr'>AD</span> <span class='ocrx_word' id='word_1_3' title='bbox 1281 297 1509 336; x_wconf 80' lang='lat' dir='ltr'>AMICUM</span> <span class='ocrx_word' id='word_1_4' title='bbox 1545 298 1653 335; x_wconf 86' lang='lat' dir='ltr'><strong>LIB.</strong></span> <span class='ocrx_word' id='word_1_5' title='bbox 1682 298 1745 334; x_wconf 83' lang='lat' dir='ltr'>1x</span> <span class='ocrx_word' id='word_1_6' title='bbox 2123 282 2228 336; x_wconf 83' lang='lat'>687</span> 
     </span>
    </p>
   </div>
   <div class='ocr_carea' id='block_1_2' title="bbox 279 413 2236 3171">
    <p class='ocr_par' dir='ltr' id='par_1_2' title="bbox 279 413 2236 3171">
     <span class='ocr_line' id='line_1_2' title="bbox 290 413 2234 484; baseline 0.001 -18"><span class='ocrx_word' id='word_1_7' title='bbox 290 415 537 479; x_wconf 82' lang='lat' dir='ltr'>centurie,</span> <span class='ocrx_word' id='word_1_8' title='bbox 579 415 642 467; x_wconf 92' lang='lat' dir='ltr'>de</span> <span class='ocrx_word' id='word_1_9' title='bbox 681 431 781 484; x_wconf 89' lang='lat' dir='ltr'>quo</span> <span class='ocrx_word' id='word_1_10' title='bbox 821 416 948 468; x_wconf 91' lang='lat' dir='ltr'>dicit</span> <span class='ocrx_word' id='word_1_11' title='bbox 970 415 1264 467; x_wconf 83' lang='lat' dir='ltr'>Dominus:</span> <span class='ocrx_word' id='word_1_12' title='bbox 1304 414 1519 479; x_wconf 85' lang='lat' dir='ltr'>„Amen</span> <span class='ocrx_word' id='word_1_13' title='bbox 1558 416 1674 467; x_wconf 92' lang='lat' dir='ltr'>dico</span> <span class='ocrx_word' id='word_1_14' title='bbox 1713 413 1876 478; x_wconf 83' lang='lat' dir='ltr'>vobis,</span> <span class='ocrx_word' id='word_1_15' title='bbox 1917 431 2023 465; x_wconf 91' lang='lat' dir='ltr'>non</span> <span class='ocrx_word' id='word_1_16' title='bbox 2057 416 2234 467; x_wconf 80' lang='lat' dir='ltr'>inveni</span> 
     </span>
     <span class='ocr_line' id='line_1_3' title="bbox 289 509 2229 580; baseline -0.001 -18"><span class='ocrx_word' id='word_1_17' title='bbox 289 518 487 562; x_wconf 85' lang='lat' dir='ltr'>tantam</span> <span class='ocrx_word' id='word_1_18' title='bbox 511 510 675 577; x_wconf 86' lang='lat' dir='ltr'>fidem</span> <span class='ocrx_word' id='word_1_19' title='bbox 711 513 769 562; x_wconf 88' lang='lat' dir='ltr'>in</span> <span class='ocrx_word' id='word_1_20' title='bbox 795 511 966 564; x_wconf 79' lang='lat' dir='ltr'>Israel</span> <span class='ocrx_word' id='word_1_21' title='bbox 979 511 1024 562; x_wconf 82' lang='lat'>“.</span> <span class='ocrx_word' id='word_1_22' title='bbox 1083 511 1151 563; x_wconf 92' lang='lat' dir='ltr'>In</span> <span class='ocrx_word' id='word_1_23' title='bbox 1189 511 1269 563; x_wconf 72' lang='lat' dir='ltr'>liis</span> <span class='ocrx_word' id='word_1_24' title='bbox 1293 511 1413 580; x_wconf 82' lang='lat' dir='ltr'>fuit</span> <span class='ocrx_word' id='word_1_25' title='bbox 1451 521 1514 563; x_wconf 86' lang='lat' dir='ltr'>et·</span> <span class='ocrx_word' id='word_1_26' title='bbox 1533 509 1818 574; x_wconf 82' lang='lat' dir='ltr'>Cornelius,</span> <span class='ocrx_word' id='word_1_27' title='bbox 1860 510 2006 561; x_wconf 85' lang='lat' dir='ltr'>cuius</span> <span class='ocrx_word' id='word_1_28' title='bbox 2047 509 2229 561; x_wconf 82' lang='lat' dir='ltr'>elemo-</span> 
     </span>
     <span class='ocr_line' id='line_1_4' title="bbox 288 605 2230 677; baseline -0.001 -21"><span class='ocrx_word' id='word_1_29' title='bbox 288 605 604 674; x_wconf 87' lang='lat' dir='ltr'>sinaefuere</span> <span class='ocrx_word' id='word_1_30' title='bbox 630 617 866 677; x_wconf 75' lang='lat' dir='ltr'><strong><em>acceptae</em></strong></span> <span class='ocrx_word' id='word_1_31' title='bbox 893 608 1039 676; x_wconf 91' lang='lat' dir='ltr'>apud</span> <span class='ocrx_word' id='word_1_32' title='bbox 1062 607 1252 659; x_wconf 89' lang='lat' dir='ltr'>Deum.</span> <span class='ocrx_word' id='word_1_33' title='bbox 1316 605 1461 672; x_wconf 78' lang='lat' dir='ltr'>Quid</span> <span class='ocrx_word' id='word_1_34' title='bbox 1484 605 1693 658; x_wconf 67' lang='lat' dir='ltr'>dicam?</span> <span class='ocrx_word' id='word_1_35' title='bbox 1747 605 1962 658; x_wconf 89' lang='lat' dir='ltr'>Hostem</span> <span class='ocrx_word' id='word_1_36' title='bbox 1981 623 2230 674; x_wconf 76' lang='lat' dir='ltr'>puqnan-</span> 
     </span>
     <span class='ocr_line' id='line_1_5' title="bbox 289 697 2233 772; baseline -0.002 -18"><span class='ocrx_word' id='word_1_37' title='bbox 289 711 389 754; x_wconf 89' lang='lat' dir='ltr'>tem</span> <span class='ocrx_word' id='word_1_38' title='bbox 434 704 708 754; x_wconf 90' lang='lat' dir='ltr'>necessitas</span> <span class='ocrx_word' id='word_1_39' title='bbox 748 705 983 772; x_wconf 88' lang='lat' dir='ltr'>perimat</span> <span class='ocrx_word' id='word_1_40' title='bbox 1017 721 1123 754; x_wconf 92' lang='lat' dir='ltr'>non</span> <span class='ocrx_word' id='word_1_41' title='bbox 1161 702 1415 754; x_wconf 79' lang='lat' dir='ltr'>voluntas.</span> <span class='ocrx_word' id='word_1_42' title='bbox 1568 699 1712 753; x_wconf 85' lang='lat' dir='ltr'>Idem</span> <span class='ocrx_word' id='word_1_43' title='bbox 1752 699 1816 753; x_wconf 91' lang='lat' dir='ltr'>de</span> <span class='ocrx_word' id='word_1_44' title='bbox 1856 715 2094 752; x_wconf 81' lang='lat' dir='ltr'><strong>sermone</strong></span> <span class='ocrx_word' id='word_1_45' title='bbox 2131 697 2233 751; x_wconf 83' lang='lat' dir='ltr'>Dei</span> 
     </span>
     <span class='ocr_line' id='line_1_6' title="bbox 288 793 2234 866; baseline -0.002 -18"><span class='ocrx_word' id='word_1_46' title='bbox 288 794 466 849; x_wconf 87' lang='lat' dir='ltr'>habito</span> <span class='ocrx_word' id='word_1_47' title='bbox 517 796 574 849; x_wconf 93' lang='lat' dir='ltr'>in</span> <span class='ocrx_word' id='word_1_48' title='bbox 617 800 819 866; x_wconf 89' lang='lat' dir='ltr'>monte,</span> <span class='ocrx_word' id='word_1_49' title='bbox 868 813 987 850; x_wconf 89' lang='lat' dir='ltr'>cum</span> <span class='ocrx_word' id='word_1_50' title='bbox 1026 797 1089 850; x_wconf 90' lang='lat' dir='ltr'>de</span> <span class='ocrx_word' id='word_1_51' title='bbox 1127 795 1537 850; x_wconf 75' lang='lat' dir='ltr'>beatitudinibus</span> <span class='ocrx_word' id='word_1_52' title='bbox 1574 795 1876 864; x_wconf 90' lang='lat' dir='ltr'>loqueretur</span> <span class='ocrx_word' id='word_1_53' title='bbox 1914 797 1967 847; x_wconf 90' lang='lat' dir='ltr'>et</span> <span class='ocrx_word' id='word_1_54' title='bbox 2003 793 2234 847; x_wconf 86' lang='lat' dir='ltr'>venisset</span> 
     </span>
     <span class='ocr_line' id='line_1_7' title="bbox 289 891 2232 964; baseline -0.001 -20"><span class='ocrx_word' id='word_1_55' title='bbox 289 891 356 944; x_wconf 87' lang='lat' dir='ltr'>ad</span> <span class='ocrx_word' id='word_1_56' title='bbox 394 892 556 945; x_wconf 87' lang='lat' dir='ltr'>Beati</span> <span class='ocrx_word' id='word_1_57' title='bbox 592 896 686 962; x_wconf 91' lang='lat' dir='ltr'>qui</span> <span class='ocrx_word' id='word_1_58' title='bbox 710 895 1123 964; x_wconf 73' lang='lat' dir='ltr'><em>persecutionem</em></span> <span class='ocrx_word' id='word_1_59' title='bbox 1157 894 1461 962; x_wconf 82' lang='lat' dir='ltr'>patiuntur¹¹</span> <span class='ocrx_word' id='word_1_60' title='bbox 1491 903 1716 962; x_wconf 86' lang='lat' dir='ltr'>propter</span> <span class='ocrx_word' id='word_1_61' title='bbox 1753 893 2032 955; x_wconf 88' lang='lat' dir='ltr'>iustitiam,</span> <span class='ocrx_word' id='word_1_62' title='bbox 2075 905 2232 958; x_wconf 84' lang='lat' dir='ltr'>equa-</span> 
     </span>
     <span class='ocr_line' id='line_1_8' title="bbox 286 984 2232 1057; baseline -0.001 -18"><span class='ocrx_word' id='word_1_63' title='bbox 286 986 408 1041; x_wconf 82' lang='lat' dir='ltr'>liter</span> <span class='ocrx_word' id='word_1_64' title='bbox 447 987 581 1040; x_wconf 86' lang='lat' dir='ltr'>dixit</span> <span class='ocrx_word' id='word_1_65' title='bbox 617 987 797 1041; x_wconf 88' lang='lat' dir='ltr'>beatos</span> <span class='ocrx_word' id='word_1_66' title='bbox 838 1005 942 1056; x_wconf 91' lang='lat' dir='ltr'>eos,</span> <span class='ocrx_word' id='word_1_67' title='bbox 984 987 1071 1056; x_wconf 89' lang='lat' dir='ltr'>qui</span> <span class='ocrx_word' id='word_1_68' title='bbox 1109 986 1527 1057; x_wconf 79' lang='lat' dir='ltr'>persecutionem</span> <span class='ocrx_word' id='word_1_69' title='bbox 1564 986 1797 1039; x_wconf 82' lang='lat' dir='ltr'>inferunt</span> <span class='ocrx_word' id='word_1_70' title='bbox 1833 988 2050 1055; x_wconf 88' lang='lat' dir='ltr'>propter</span> <span class='ocrx_word' id='word_1_71' title='bbox 2082 984 2232 1037; x_wconf 89' lang='lat' dir='ltr'>iusti-</span> 
     </span>
     <span class='ocr_line' id='line_1_9' title="bbox 287 1080 2229 1154; baseline -0.002 -18"><span class='ocrx_word' id='word_1_72' title='bbox 287 1083 449 1151; x_wconf 86' lang='lat' dir='ltr'>ciam,</span> <span class='ocrx_word' id='word_1_73' title='bbox 509 1100 569 1137; x_wconf 87' lang='lat' dir='ltr'>ac</span> <span class='ocrx_word' id='word_1_74' title='bbox 627 1084 672 1137; x_wconf 91' lang='lat' dir='ltr'>si</span> <span class='ocrx_word' id='word_1_75' title='bbox 729 1084 818 1153; x_wconf 92' lang='lat' dir='ltr'>qui</span> <span class='ocrx_word' id='word_1_76' title='bbox 873 1082 1287 1154; x_wconf 83' lang='lat' dir='ltr'>persecutionem</span> <span class='ocrx_word' id='word_1_77' title='bbox 1345 1082 1625 1152; x_wconf 86' lang='lat' dir='ltr'>paciuntur</span> <span class='ocrx_word' id='word_1_78' title='bbox 1680 1084 1898 1152; x_wconf 91' lang='lat' dir='ltr'>propter</span> <span class='ocrx_word' id='word_1_79' title='bbox 1951 1080 2229 1134; x_wconf 89' lang='lat' dir='ltr'>iusticiam.</span> 
     </span>
     <span class='ocr_line' id='line_1_10' title="bbox 287 1177 2236 1247; baseline -0.002 -15"><span class='ocrx_word' id='word_1_80' title='bbox 287 1177 576 1233; x_wconf 91' lang='lat' dir='ltr'>Ieronimus</span> <span class='ocrx_word' id='word_1_81' title='bbox 615 1196 738 1233; x_wconf 88' lang='lat' dir='ltr'>vero</span> <span class='ocrx_word' id='word_1_82' title='bbox 785 1179 841 1232; x_wconf 93' lang='lat' dir='ltr'>in</span> <span class='ocrx_word' id='word_1_83' title='bbox 887 1182 1115 1233; x_wconf 87' lang='lat' dir='ltr'>tractatu</span> <span class='ocrx_word' id='word_1_84' title='bbox 1151 1179 1453 1247; x_wconf 81' lang='lat' dir='ltr'>pentateuci</span> <span class='ocrx_word' id='word_1_85' title='bbox 1492 1179 1567 1231; x_wconf 86' lang='lat' dir='ltr'>sic</span> <span class='ocrx_word' id='word_1_86' title='bbox 1604 1178 1870 1245; x_wconf 77' lang='lat' dir='ltr'>meminit,</span> <span class='ocrx_word' id='word_1_87' title='bbox 1924 1177 2124 1230; x_wconf 88' lang='lat' dir='ltr'>dicens:</span> <span class='ocrx_word' id='word_1_88' title='bbox 2168 1177 2236 1231; x_wconf 84' lang='lat' dir='ltr'>Si</span> 
     </span>
     <span class='ocr_line' id='line_1_11' title="bbox 287 1275 2233 1347; baseline -0.002 -19"><span class='ocrx_word' id='word_1_89' title='bbox 287 1275 489 1329; x_wconf 85' lang='lat' dir='ltr'>Hebreo</span> <span class='ocrx_word' id='word_1_90' title='bbox 521 1287 824 1347; x_wconf 73' lang='lat' dir='ltr'>preceptum</span> <span class='ocrx_word' id='word_1_91' title='bbox 863 1286 950 1340; x_wconf 89' lang='lat' dir='ltr'>est,</span> <span class='ocrx_word' id='word_1_92' title='bbox 988 1276 1137 1346; x_wconf 88' lang='lat' dir='ltr'>patri</span> <span class='ocrx_word' id='word_1_93' title='bbox 1172 1275 1253 1326; x_wconf 79' lang='lat' dir='ltr'>vel</span> <span class='ocrx_word' id='word_1_94' title='bbox 1287 1277 1449 1328; x_wconf 90' lang='lat' dir='ltr'>matri</span> <span class='ocrx_word' id='word_1_95' title='bbox 1484 1276 1566 1327; x_wconf 79' lang='lat' dir='ltr'>vel</span> <span class='ocrx_word' id='word_1_96' title='bbox 1591 1277 1765 1340; x_wconf 74' lang='lat' dir='ltr'>uxori,</span> <span class='ocrx_word' id='word_1_97' title='bbox 1809 1293 1908 1344; x_wconf 91' lang='lat' dir='ltr'>que</span> <span class='ocrx_word' id='word_1_98' title='bbox 1945 1275 2140 1327; x_wconf 89' lang='lat' dir='ltr'>dormit</span> <span class='ocrx_word' id='word_1_99' title='bbox 2175 1275 2233 1325; x_wconf 90' lang='lat' dir='ltr'>in</span> 
     </span>
     <span class='ocr_line' id='line_1_12' title="bbox 286 1371 2231 1442; baseline -0.001 -19"><span class='ocrx_word' id='word_1_100' title='bbox 286 1373 407 1424; x_wconf 91' lang='lat' dir='ltr'>sinu</span> <span class='ocrx_word' id='word_1_101' title='bbox 444 1390 556 1437; x_wconf 89' lang='lat' dir='ltr'>suo,</span> <span class='ocrx_word' id='word_1_102' title='bbox 597 1391 702 1424; x_wconf 93' lang='lat' dir='ltr'>non</span> <span class='ocrx_word' id='word_1_103' title='bbox 737 1390 971 1442; x_wconf 77' lang='lat' dir='ltr'>parcere,</span> <span class='ocrx_word' id='word_1_104' title='bbox 1013 1373 1063 1422; x_wconf 86' lang='lat' dir='ltr'>si</span> <span class='ocrx_word' id='word_1_105' title='bbox 1098 1389 1150 1422; x_wconf 89' lang='lat' dir='ltr'>se</span> <span class='ocrx_word' id='word_1_106' title='bbox 1187 1371 1409 1424; x_wconf 81' lang='lat' dir='ltr'>voluerit</span> <span class='ocrx_word' id='word_1_107' title='bbox 1445 1392 1478 1423; x_wconf 94' lang='lat' dir='ltr'>a</span> <span class='ocrx_word' id='word_1_108' title='bbox 1512 1374 1725 1425; x_wconf 83' lang='lat' dir='ltr'>veritate</span> <span class='ocrx_word' id='word_1_109' title='bbox 1751 1381 1994 1436; x_wconf 82' lang='lat' dir='ltr'>avertere,</span> <span class='ocrx_word' id='word_1_110' title='bbox 2038 1380 2231 1440; x_wconf 88' lang='lat' dir='ltr'>quanto</span> 
     </span>
     <span class='ocr_line' id='line_1_13' title="bbox 286 1467 2233 1538; baseline -0.001 -18"><span class='ocrx_word' id='word_1_111' title='bbox 286 1470 455 1538; x_wconf 73' lang='lat' dir='ltr'>mayis</span> <span class='ocrx_word' id='word_1_112' title='bbox 493 1468 614 1533; x_wconf 86' lang='lat' dir='ltr'>tibi,</span> <span class='ocrx_word' id='word_1_113' title='bbox 666 1473 695 1521; x_wconf 86' lang='grc' dir='ltr'><em>ό</em></span> <span class='ocrx_word' id='word_1_114' title='bbox 735 1468 1037 1532; x_wconf 73' lang='lat' dir='ltr'>christiane,</span> <span class='ocrx_word' id='word_1_115' title='bbox 1087 1467 1304 1519; x_wconf 73' lang='lat' dir='ltr'>heretico</span> <span class='ocrx_word' id='word_1_116' title='bbox 1355 1469 1612 1520; x_wconf 70' lang='lat' dir='ltr'>scindenti</span> <span class='ocrx_word' id='word_1_117' title='bbox 1647 1469 1850 1520; x_wconf 89' lang='lat' dir='ltr'>domini</span> <span class='ocrx_word' id='word_1_118' title='bbox 1884 1467 2005 1519; x_wconf 89' lang='lat' dir='ltr'>Iesu</span> <span class='ocrx_word' id='word_1_119' title='bbox 2048 1476 2233 1518; x_wconf 82' lang='lat' dir='ltr'>vestem</span> 
     </span>
     <span class='ocr_line' id='line_1_14' title="bbox 285 1561 2232 1634; baseline -0.001 -19"><span class='ocrx_word' id='word_1_120' title='bbox 285 1581 392 1616; x_wconf 92' lang='lat' dir='ltr'>non</span> <span class='ocrx_word' id='word_1_121' title='bbox 431 1581 536 1615; x_wconf 89' lang='lat' dir='ltr'>esse</span> <span class='ocrx_word' id='word_1_122' title='bbox 570 1565 894 1634; x_wconf 87' lang='lat' dir='ltr'>parcendum</span> <span class='ocrx_word' id='word_1_123' title='bbox 933 1564 1031 1616; x_wconf 83' lang='lat' dir='ltr'>tibi</span> <span class='ocrx_word' id='word_1_124' title='bbox 1067 1582 1362 1633; x_wconf 73' lang='lat' dir='ltr'>coqncscas.</span> <span class='ocrx_word' id='word_1_125' title='bbox 1435 1562 1581 1616; x_wconf 88' lang='lat' dir='ltr'>Idem</span> <span class='ocrx_word' id='word_1_126' title='bbox 1619 1562 1685 1615; x_wconf 86' lang='lat' dir='ltr'>ad</span> <span class='ocrx_word' id='word_1_127' title='bbox 1722 1562 1994 1615; x_wconf 79' lang='lat' dir='ltr'>Rusticum</span> <span class='ocrx_word' id='word_1_128' title='bbox 2032 1561 2232 1615; x_wconf 89' lang='lat' dir='ltr'>Nerbo-</span> 
     </span>
     <span class='ocr_line' id='line_1_15' title="bbox 284 1657 2231 1730; baseline -0.001 -19"><span class='ocrx_word' id='word_1_129' title='bbox 284 1675 525 1712; x_wconf 86' lang='lat' dir='ltr'>nensem:</span> <span class='ocrx_word' id='word_1_130' title='bbox 566 1659 693 1712; x_wconf 90' lang='lat' dir='ltr'>Non</span> <span class='ocrx_word' id='word_1_131' title='bbox 732 1670 805 1712; x_wconf 87' lang='lat' dir='ltr'>est</span> <span class='ocrx_word' id='word_1_132' title='bbox 840 1662 1079 1730; x_wconf 85' lang='lat' dir='ltr'>impietas</span> <span class='ocrx_word' id='word_1_133' title='bbox 1115 1678 1215 1730; x_wconf 88' lang='lat' dir='ltr'>pro</span> <span class='ocrx_word' id='word_1_134' title='bbox 1242 1660 1358 1712; x_wconf 91' lang='lat' dir='ltr'>Deo</span> <span class='ocrx_word' id='word_1_135' title='bbox 1397 1660 1693 1713; x_wconf 82' lang='lat' dir='ltr'>crudelitas.</span> <span class='ocrx_word' id='word_1_136' title='bbox 1753 1657 1993 1712; x_wconf 86' lang='lat' dir='ltr'>Prefatus</span> <span class='ocrx_word' id='word_1_137' title='bbox 2021 1662 2231 1711; x_wconf 88' lang='lat' dir='ltr'>sanctus</span> 
     </span>
     <span class='ocr_line' id='line_1_16' title="bbox 286 1751 2234 1808; baseline -0.001 0"><span class='ocrx_word' id='word_1_138' title='bbox 286 1753 576 1808; x_wconf 90' lang='lat' dir='ltr'>Ieronimus</span> <span class='ocrx_word' id='word_1_139' title='bbox 614 1755 671 1807; x_wconf 90' lang='lat' dir='ltr'>in</span> <span class='ocrx_word' id='word_1_140' title='bbox 709 1758 938 1808; x_wconf 87' lang='lat' dir='ltr'>tractatu</span> <span class='ocrx_word' id='word_1_141' title='bbox 976 1751 1255 1808; x_wconf 86' lang='lat' dir='ltr'>Ieremiae¹</span> <span class='ocrx_word' id='word_1_142' title='bbox 1294 1754 1361 1807; x_wconf 89' lang='lat' dir='ltr'>ad</span> <span class='ocrx_word' id='word_1_143' title='bbox 1396 1754 1682 1808; x_wconf 89' lang='lat' dir='ltr'>Eusebium</span> <span class='ocrx_word' id='word_1_144' title='bbox 1716 1753 2120 1808; x_wconf 86' lang='lat' dir='ltr'>Cremonensem</span> <span class='ocrx_word' id='word_1_145' title='bbox 2159 1754 2234 1807; x_wconf 89' lang='lat' dir='ltr'>sic</span> 
     </span>
     <span class='ocr_line' id='line_1_17' title="bbox 287 1850 2231 1905; baseline -0.001 -2"><span class='ocrx_word' id='word_1_146' title='bbox 287 1850 470 1904; x_wconf 86' lang='lat' dir='ltr'>scribit</span> <span class='ocrx_word' id='word_1_147' title='bbox 513 1850 650 1904; x_wconf 90' lang='lat' dir='ltr'>inter</span> <span class='ocrx_word' id='word_1_148' title='bbox 689 1854 886 1904; x_wconf 85' lang='lat' dir='ltr'>cetera:</span> <span class='ocrx_word' id='word_1_149' title='bbox 935 1852 1244 1904; x_wconf 88' lang='lat' dir='ltr'>Homicidas</span> <span class='ocrx_word' id='word_1_150' title='bbox 1286 1862 1332 1905; x_wconf 88' lang='lat' dir='ltr'>et</span> <span class='ocrx_word' id='word_1_151' title='bbox 1368 1853 1630 1904; x_wconf 85' lang='lat' dir='ltr'>adulteros</span> <span class='ocrx_word' id='word_1_152' title='bbox 1671 1862 1718 1905; x_wconf 89' lang='lat' dir='ltr'>et</span> <span class='ocrx_word' id='word_1_153' title='bbox 1753 1870 1867 1904; x_wconf 87' lang='lat' dir='ltr'>reos</span> <span class='ocrx_word' id='word_1_154' title='bbox 1904 1853 2086 1904; x_wconf 89' lang='lat' dir='ltr'>mortis</span> <span class='ocrx_word' id='word_1_155' title='bbox 2124 1868 2231 1903; x_wconf 91' lang='lat' dir='ltr'>sce-</span> 
     </span>
     <span class='ocr_line' id='line_1_18' title="bbox 287 1945 2233 2018; baseline 0 -19"><span class='ocrx_word' id='word_1_156' title='bbox 287 1948 436 2000; x_wconf 83' lang='lat' dir='ltr'>lestos</span> <span class='ocrx_word' id='word_1_157' title='bbox 470 1949 705 2018; x_wconf 82' lang='lat' dir='ltr'>perdere,</span> <span class='ocrx_word' id='word_1_158' title='bbox 747 1966 852 2000; x_wconf 91' lang='lat' dir='ltr'>non</span> <span class='ocrx_word' id='word_1_159' title='bbox 893 1958 964 2000; x_wconf 90' lang='lat' dir='ltr'>est</span> <span class='ocrx_word' id='word_1_160' title='bbox 1001 1948 1354 2014; x_wconf 76' lang='lat' dir='ltr'>homicidium,</span> <span class='ocrx_word' id='word_1_161' title='bbox 1396 1958 1470 2001; x_wconf 88' lang='lat' dir='ltr'>set</span> <span class='ocrx_word' id='word_1_162' title='bbox 1508 1949 1676 2018; x_wconf 75' lang='lat' dir='ltr'>lequm</span> <span class='ocrx_word' id='word_1_163' title='bbox 1712 1949 2015 2001; x_wconf 82' lang='lat' dir='ltr'>observatio.</span> <span class='ocrx_word' id='word_1_164' title='bbox 2062 1945 2233 1999; x_wconf 90' lang='lat' dir='ltr'>Vene-</span> 
     </span>
     <span class='ocr_line' id='line_1_19' title="bbox 285 2042 2232 2113; baseline -0.001 -18"><span class='ocrx_word' id='word_1_165' title='bbox 285 2042 466 2096; x_wconf 86' lang='lat' dir='ltr'>rabilis</span> <span class='ocrx_word' id='word_1_166' title='bbox 504 2060 627 2097; x_wconf 88' lang='lat' dir='ltr'>vero</span> <span class='ocrx_word' id='word_1_167' title='bbox 654 2042 981 2111; x_wconf 81' lang='lat' dir='ltr'>AmbrosiuS,</span> <span class='ocrx_word' id='word_1_168' title='bbox 1021 2059 1230 2110; x_wconf 85' lang='lat' dir='ltr'>gemma</span> <span class='ocrx_word' id='word_1_169' title='bbox 1267 2042 1611 2112; x_wconf 82' lang='lat' dir='ltr'>sacerdotum,</span> <span class='ocrx_word' id='word_1_170' title='bbox 1652 2043 1707 2096; x_wconf 92' lang='lat' dir='ltr'>in</span> <span class='ocrx_word' id='word_1_171' title='bbox 1749 2043 1972 2113; x_wconf 87' lang='lat' dir='ltr'>quadam</span> <span class='ocrx_word' id='word_1_172' title='bbox 2001 2058 2097 2096; x_wconf 89' lang='lat' dir='ltr'>sua</span> <span class='ocrx_word' id='word_1_173' title='bbox 2123 2042 2232 2112; x_wconf 91' lang='lat' dir='ltr'>epi-</span> 
     </span>
     <span class='ocr_line' id='line_1_20' title="bbox 287 2135 2232 2209; baseline -0.001 -17"><span class='ocrx_word' id='word_1_174' title='bbox 287 2135 468 2207; x_wconf 81' lang='lat' dir='ltr'>stola²,</span> <span class='ocrx_word' id='word_1_175' title='bbox 519 2156 574 2193; x_wconf 91' lang='lat' dir='ltr'>se</span> <span class='ocrx_word' id='word_1_176' title='bbox 623 2139 782 2192; x_wconf 86' lang='lat' dir='ltr'>armis</span> <span class='ocrx_word' id='word_1_177' title='bbox 827 2138 1142 2209; x_wconf 90' lang='lat' dir='ltr'>populorum</span> <span class='ocrx_word' id='word_1_178' title='bbox 1180 2139 1505 2192; x_wconf 86' lang='lat' dir='ltr'>defensatum</span> <span class='ocrx_word' id='word_1_179' title='bbox 1545 2156 1577 2192; x_wconf 88' lang='lat' dir='ltr'>a</span> <span class='ocrx_word' id='word_1_180' title='bbox 1613 2139 1843 2193; x_wconf 88' lang='lat' dir='ltr'>Iustinae</span> <span class='ocrx_word' id='word_1_181' title='bbox 1881 2137 2232 2209; x_wconf 88' lang='lat' dir='ltr'>imperatricis</span> 
     </span>
     <span class='ocr_line' id='line_1_21' title="bbox 286 2233 2233 2306; baseline -0.001 -18"><span class='ocrx_word' id='word_1_182' title='bbox 286 2235 446 2303; x_wconf 88' lang='lat' dir='ltr'>rabie,</span> <span class='ocrx_word' id='word_1_183' title='bbox 484 2235 751 2303; x_wconf 84' lang='lat' dir='ltr'>gloriatur.</span> <span class='ocrx_word' id='word_1_184' title='bbox 815 2234 1186 2289; x_wconf 86' lang='lat' dir='ltr'>Sanctissimus</span> <span class='ocrx_word' id='word_1_185' title='bbox 1226 2251 1348 2288; x_wconf 88' lang='lat' dir='ltr'>vero</span> <span class='ocrx_word' id='word_1_186' title='bbox 1390 2233 1689 2305; x_wconf 87' lang='lat' dir='ltr'>Gregorius,</span> <span class='ocrx_word' id='word_1_187' title='bbox 1731 2236 1890 2306; x_wconf 87' lang='lat' dir='ltr'>sydus</span> <span class='ocrx_word' id='word_1_188' title='bbox 1930 2251 2160 2303; x_wconf 89' lang='lat' dir='ltr'>aureum,</span> <span class='ocrx_word' id='word_1_189' title='bbox 2202 2250 2233 2287; x_wconf 90' lang='lat' dir='ltr'>a</span> 
     </span>
     <span class='ocr_line' id='line_1_22' title="bbox 285 2329 2231 2402; baseline -0.001 -18"><span class='ocrx_word' id='word_1_190' title='bbox 285 2329 537 2384; x_wconf 87' lang='lat' dir='ltr'>Mauricio</span> <span class='ocrx_word' id='word_1_191' title='bbox 564 2331 881 2402; x_wconf 90' lang='lat' dir='ltr'>imperatore</span> <span class='ocrx_word' id='word_1_192' title='bbox 908 2331 1161 2398; x_wconf 83' lang='lat' dir='ltr'>arguitur,</span> <span class='ocrx_word' id='word_1_193' title='bbox 1203 2347 1262 2384; x_wconf 94' lang='lat' dir='ltr'>eo</span> <span class='ocrx_word' id='word_1_194' title='bbox 1299 2331 1437 2400; x_wconf 92' lang='lat' dir='ltr'>quod</span> <span class='ocrx_word' id='word_1_195' title='bbox 1462 2331 1547 2384; x_wconf 81' lang='lat' dir='ltr'>inb</span> <span class='ocrx_word' id='word_1_196' title='bbox 1573 2331 1768 2385; x_wconf 91' lang='lat' dir='ltr'>milites</span> <span class='ocrx_word' id='word_1_197' title='bbox 1794 2331 2060 2384; x_wconf 86' lang='lat' dir='ltr'>Romanae</span> <span class='ocrx_word' id='word_1_198' title='bbox 2086 2329 2231 2383; x_wconf 90' lang='lat' dir='ltr'>urbis</span> 
     </span>
     <span class='ocr_line' id='line_1_23' title="bbox 283 2426 2230 2496; baseline -0.001 -16"><span class='ocrx_word' id='word_1_199' title='bbox 283 2444 460 2481; x_wconf 89' lang='lat' dir='ltr'>muros</span> <span class='ocrx_word' id='word_1_200' title='bbox 509 2430 714 2481; x_wconf 88' lang='lat' dir='ltr'>tuentes</span> <span class='ocrx_word' id='word_1_201' title='bbox 762 2426 911 2494; x_wconf 88' lang='lat' dir='ltr'>larga</span> <span class='ocrx_word' id='word_1_202' title='bbox 957 2426 1192 2480; x_wconf 89' lang='lat' dir='ltr'>ciborum</span> <span class='ocrx_word' id='word_1_203' title='bbox 1240 2431 1291 2480; x_wconf 92' lang='lat' dir='ltr'>et</span> <span class='ocrx_word' id='word_1_204' title='bbox 1339 2444 1604 2480; x_wconf 88' lang='lat' dir='ltr'>armorum</span> <span class='ocrx_word' id='word_1_205' title='bbox 1651 2426 2047 2481; x_wconf 89' lang='lat' dir='ltr'>honorificentia</span> <span class='ocrx_word' id='word_1_206' title='bbox 2094 2426 2230 2496; x_wconf 80' lang='lat' dir='ltr'>pluS,</span> 
     </span>
     <span class='ocr_line' id='line_1_24' title="bbox 286 2522 2230 2594; baseline -0.001 -19"><span class='ocrx_word' id='word_1_207' title='bbox 286 2539 443 2591; x_wconf 88' lang='lat' dir='ltr'>quam</span> <span class='ocrx_word' id='word_1_208' title='bbox 482 2523 545 2576; x_wconf 90' lang='lat' dir='ltr'>ab</span> <span class='ocrx_word' id='word_1_209' title='bbox 571 2523 888 2593; x_wconf 86' lang='lat' dir='ltr'>imperatore</span> <span class='ocrx_word' id='word_1_210' title='bbox 917 2522 1058 2576; x_wconf 89' lang='lat' dir='ltr'>soliti</span> <span class='ocrx_word' id='word_1_211' title='bbox 1086 2527 1235 2576; x_wconf 86' lang='lat' dir='ltr'>erant</span> <span class='ocrx_word' id='word_1_212' title='bbox 1261 2523 1512 2593; x_wconf 86' lang='lat' dir='ltr'>accipere,</span> <span class='ocrx_word' id='word_1_213' title='bbox 1553 2523 1887 2594; x_wconf 90' lang='lat' dir='ltr'>inpendebat.</span> <span class='ocrx_word' id='word_1_214' title='bbox 1948 2522 2084 2586; x_wconf 84' lang='lat' dir='ltr'>Quid</span> <span class='ocrx_word' id='word_1_215' title='bbox 2107 2538 2230 2575; x_wconf 88' lang='lat' dir='ltr'>vero</span> 
     </span>
     <span class='ocr_line' id='line_1_25' title="bbox 283 2614 2232 2688; baseline -0.001 -16"><span class='ocrx_word' id='word_1_216' title='bbox 283 2618 463 2672; x_wconf 89' lang='lat' dir='ltr'>Veloci</span> <span class='ocrx_word' id='word_1_217' title='bbox 507 2619 759 2687; x_wconf 86' lang='lat' dir='ltr'>magistro</span> <span class='ocrx_word' id='word_1_218' title='bbox 798 2619 1026 2672; x_wconf 90' lang='lat' dir='ltr'>militum</span> <span class='ocrx_word' id='word_1_219' title='bbox 1065 2614 1303 2688; x_wconf 77' lang='lat' dir='ltr'>scribat⁸,</span> <span class='ocrx_word' id='word_1_220' title='bbox 1356 2619 1655 2675; x_wconf 88' lang='lat' dir='ltr'>audiamus:</span> <span class='ocrx_word' id='word_1_221' title='bbox 1706 2621 1866 2673; x_wconf 85' lang='lat' dir='ltr'>Nunc</span> <span class='ocrx_word' id='word_1_222' title='bbox 1902 2621 2027 2673; x_wconf 83' lang='lat' dir='ltr'>utile</span> <span class='ocrx_word' id='word_1_223' title='bbox 2063 2621 2232 2671; x_wconf 78' lang='lat' dir='ltr'>visum</span> 
     </span>
     <span class='ocr_line' id='line_1_26' title="bbox 286 2716 2231 2786; baseline -0.001 -18"><span class='ocrx_word' id='word_1_224' title='bbox 286 2726 381 2781; x_wconf 84' lang='lat' dir='ltr'>est,</span> <span class='ocrx_word' id='word_1_225' title='bbox 435 2726 493 2768; x_wconf 92' lang='lat' dir='ltr'>ut</span> <span class='ocrx_word' id='word_1_226' title='bbox 540 2716 804 2786; x_wconf 78' lang='lat' dir='ltr'>aliquanti</span> <span class='ocrx_word' id='word_1_227' title='bbox 847 2717 974 2768; x_wconf 81' lang='lat' dir='ltr'>illuc</span> <span class='ocrx_word' id='word_1_228' title='bbox 1020 2717 1208 2768; x_wconf 76' lang='lat' dir='ltr'>milites</span> <span class='ocrx_word' id='word_1_229' title='bbox 1255 2719 1701 2781; x_wconf 73' lang='lat' dir='ltr'>transmittantur,</span> <span class='ocrx_word' id='word_1_230' title='bbox 1755 2734 1883 2786; x_wconf 89' lang='lat' dir='ltr'>quos</span> <span class='ocrx_word' id='word_1_231' title='bbox 1926 2716 2103 2786; x_wconf 72' lang='lat' dir='ltr'>qloria</span> <span class='ocrx_word' id='word_1_232' title='bbox 2140 2725 2231 2768; x_wconf 90' lang='lat' dir='ltr'>tua</span> 
     </span>
     <span class='ocr_line' id='line_1_27' title="bbox 284 2811 2233 2882; baseline -0.001 -18"><span class='ocrx_word' id='word_1_233' title='bbox 284 2830 578 2865; x_wconf 89' lang='lat' dir='ltr'>ammonere</span> <span class='ocrx_word' id='word_1_234' title='bbox 625 2822 671 2865; x_wconf 88' lang='lat' dir='ltr'>et</span> <span class='ocrx_word' id='word_1_235' title='bbox 715 2813 945 2877; x_wconf 75' lang='lat' dir='ltr'>hortari,</span> <span class='ocrx_word' id='word_1_236' title='bbox 994 2822 1052 2864; x_wconf 91' lang='lat' dir='ltr'>ut</span> <span class='ocrx_word' id='word_1_237' title='bbox 1086 2813 1277 2882; x_wconf 87' lang='lat' dir='ltr'>parati</span> <span class='ocrx_word' id='word_1_238' title='bbox 1311 2814 1415 2864; x_wconf 88' lang='lat' dir='ltr'>sint</span> <span class='ocrx_word' id='word_1_239' title='bbox 1453 2813 1526 2864; x_wconf 90' lang='lat' dir='ltr'>ad</span> <span class='ocrx_word' id='word_1_240' title='bbox 1565 2812 1816 2876; x_wconf 80' lang='lat' dir='ltr'>laborem,</span> <span class='ocrx_word' id='word_1_241' title='bbox 1867 2813 2083 2864; x_wconf 87' lang='lat' dir='ltr'>studeat.</span> <span class='ocrx_word' id='word_1_242' title='bbox 2159 2811 2233 2863; x_wconf 86' lang='lat' dir='ltr'>Et</span> 
     </span>
     <span class='ocr_line' id='line_1_28' title="bbox 286 2906 2228 2987; baseline -0.001 -26"><span class='ocrx_word' id='word_1_243' title='bbox 286 2910 565 2987; x_wconf 25' lang='lat' dir='ltr'>occasione!</span> <span class='ocrx_word' id='word_1_244' title='bbox 588 2910 815 2973; x_wconf 82' lang='lat' dir='ltr'>inventa,</span> <span class='ocrx_word' id='word_1_245' title='bbox 858 2927 973 2960; x_wconf 90' lang='lat' dir='ltr'>cum</span> <span class='ocrx_word' id='word_1_246' title='bbox 1007 2908 1400 2977; x_wconf 76' lang='lat' dir='ltr'>qloriosissimis</span> <span class='ocrx_word' id='word_1_247' title='bbox 1413 2908 1549 2975; x_wconf 81' lang='lat' dir='ltr'>filiis</span> <span class='ocrx_word' id='word_1_248' title='bbox 1575 2910 1768 2961; x_wconf 88' lang='lat' dir='ltr'>nostris</span> <span class='ocrx_word' id='word_1_249' title='bbox 1795 2908 2034 2960; x_wconf 81' lang='lat' dir='ltr'>Marci0⁰</span> <span class='ocrx_word' id='word_1_250' title='bbox 2062 2917 2109 2960; x_wconf 88' lang='lat' dir='ltr'>et</span> <span class='ocrx_word' id='word_1_251' title='bbox 2139 2906 2228 2960; x_wconf 87' lang='lat' dir='ltr'>Vi-</span> 
     </span>
     <span class='ocr_line' id='line_1_29' title="bbox 283 3002 2234 3075; baseline -0.002 -17"><span class='ocrx_word' id='word_1_252' title='bbox 283 3002 440 3058; x_wconf 80' lang='lat' dir='ltr'>taliod</span> <span class='ocrx_word' id='word_1_253' title='bbox 479 3005 702 3075; x_wconf 80' lang='lat' dir='ltr'>loquere,</span> <span class='ocrx_word' id='word_1_254' title='bbox 744 3015 792 3057; x_wconf 90' lang='lat' dir='ltr'>et</span> <span class='ocrx_word' id='word_1_255' title='bbox 829 3022 1130 3074; x_wconf 78' lang='lat' dir='ltr'>quecunque</span> <span class='ocrx_word' id='word_1_256' title='bbox 1165 3005 1310 3057; x_wconf 82' lang='lat' dir='ltr'>vobis</span> <span class='ocrx_word' id='word_1_257' title='bbox 1349 3005 1587 3057; x_wconf 89' lang='lat' dir='ltr'>adiutore</span> <span class='ocrx_word' id='word_1_258' title='bbox 1612 3004 1729 3056; x_wconf 91' lang='lat' dir='ltr'>Deo</span> <span class='ocrx_word' id='word_1_259' title='bbox 1766 3021 1867 3074; x_wconf 89' lang='lat' dir='ltr'>pro</span> <span class='ocrx_word' id='word_1_260' title='bbox 1906 3003 2129 3056; x_wconf 83' lang='lat' dir='ltr'>utilitate</span> <span class='ocrx_word' id='word_1_261' title='bbox 2152 3005 2234 3055; x_wconf 91' lang='lat' dir='ltr'>rei</span> 
     </span>
     <span class='ocr_line' id='line_1_30' title="bbox 279 3098 2229 3171; baseline -0.002 -17"><span class='ocrx_word' id='word_1_262' title='bbox 279 3102 522 3171; x_wconf 81' lang='lat' dir='ltr'>publicae</span> <span class='ocrx_word' id='word_1_263' title='bbox 559 3103 847 3166; x_wconf 76' lang='lat' dir='ltr'>statuerint,</span> <span class='ocrx_word' id='word_1_264' title='bbox 874 3100 1092 3170; x_wconf 79' lang='lat' dir='ltr'>facite⁰.</span> <span class='ocrx_word' id='word_1_265' title='bbox 1151 3101 1224 3153; x_wconf 90' lang='lat' dir='ltr'>Et</span> <span class='ocrx_word' id='word_1_266' title='bbox 1261 3102 1310 3153; x_wconf 91' lang='lat' dir='ltr'>si</span> <span class='ocrx_word' id='word_1_267' title='bbox 1346 3100 1444 3152; x_wconf 74' lang='lat' dir='ltr'>huc</span> <span class='ocrx_word' id='word_1_268' title='bbox 1473 3098 1577 3152; x_wconf 75' lang='lat' dir='ltr'>velr</span> <span class='ocrx_word' id='word_1_269' title='bbox 1602 3102 1674 3152; x_wconf 92' lang='lat' dir='ltr'>ad</span> <span class='ocrx_word' id='word_1_270' title='bbox 1700 3100 2028 3153; x_wconf 84' lang='lat' dir='ltr'>Ravennates</span> <span class='ocrx_word' id='word_1_271' title='bbox 2046 3109 2229 3170; x_wconf 88' lang='lat' dir='ltr'>partes</span> 
     </span>
    </p>
   </div>
   <div class='ocr_carea' id='block_1_3' title="bbox 282 3245 2229 3361">
    <p class='ocr_par' dir='ltr' id='par_1_3' title="bbox 282 3245 2229 3361">
     <span class='ocr_line' id='line_1_31' title="bbox 403 3245 2229 3296; baseline -0.001 -12"><span class='ocrx_word' id='word_1_272' title='bbox 403 3259 435 3284; x_wconf 86' lang='lat' dir='ltr'>a.</span> <span class='ocrx_word' id='word_1_273' title='bbox 469 3258 508 3296; x_wconf 88' lang='lat' dir='ltr'>p.</span> <span class='ocrx_word' id='word_1_274' title='bbox 529 3258 567 3295; x_wconf 89' lang='lat' dir='ltr'>p.</span> <span class='ocrx_word' id='word_1_275' title='bbox 588 3247 614 3283; x_wconf 85' lang='lat' dir='ltr'>i.</span> <span class='ocrx_word' id='word_1_276' title='bbox 642 3247 727 3284; x_wconf 81' lang='lat' dir='ltr'>cod.</span> <span class='ocrx_word' id='word_1_277' title='bbox 842 3246 879 3284; x_wconf 92' lang='lat' dir='ltr'>b.</span> <span class='ocrx_word' id='word_1_278' title='bbox 913 3246 953 3284; x_wconf 88' lang='lat' dir='ltr'>in</span> <span class='ocrx_word' id='word_1_279' title='bbox 982 3246 1132 3284; x_wconf 77' lang='lat' dir='ltr'>addidi.</span> <span class='ocrx_word' id='word_1_280' title='bbox 1250 3258 1282 3283; x_wconf 87' lang='lat' dir='ltr'>c.</span> <span class='ocrx_word' id='word_1_281' title='bbox 1317 3249 1372 3284; x_wconf 82' lang='lat' dir='ltr'>sic</span> <span class='ocrx_word' id='word_1_282' title='bbox 1401 3247 1485 3283; x_wconf 87' lang='lat' dir='ltr'>cod.</span> <span class='ocrx_word' id='word_1_283' title='bbox 1509 3260 1579 3295; x_wconf 81' lang='lat' dir='ltr'>pro</span> <span class='ocrx_word' id='word_1_284' title='bbox 1606 3245 1793 3283; x_wconf 87' lang='lat' dir='ltr'>Maurilio.</span> <span class='ocrx_word' id='word_1_285' title='bbox 1911 3245 1949 3283; x_wconf 87' lang='lat' dir='ltr'>d.</span> <span class='ocrx_word' id='word_1_286' title='bbox 1979 3247 2036 3284; x_wconf 75' lang='lat' dir='ltr'>sic</span> <span class='ocrx_word' id='word_1_287' title='bbox 2058 3245 2143 3282; x_wconf 86' lang='lat' dir='ltr'>cod.</span> <span class='ocrx_word' id='word_1_288' title='bbox 2158 3258 2229 3293; x_wconf 83' lang='lat' dir='ltr'>pro</span> 
     </span>
     <span class='ocr_line' id='line_1_32' title="bbox 282 3311 1720 3361; baseline -0.001 -11"><span class='ocrx_word' id='word_1_289' title='bbox 282 3312 484 3351; x_wconf 81' lang='lat' dir='ltr'>Vitaliano.</span> <span class='ocrx_word' id='word_1_290' title='bbox 617 3325 649 3350; x_wconf 88' lang='lat' dir='ltr'>e.</span> <span class='ocrx_word' id='word_1_291' title='bbox 683 3312 795 3349; x_wconf 83' lang='lat' dir='ltr'>facite</span> <span class='ocrx_word' id='word_1_292' title='bbox 823 3327 893 3350; x_wconf 89' lang='lat' dir='ltr'>om.</span> <span class='ocrx_word' id='word_1_293' title='bbox 918 3313 1002 3349; x_wconf 84' lang='lat' dir='ltr'>cod.</span> <span class='ocrx_word' id='word_1_294' title='bbox 1131 3311 1158 3349; x_wconf 83' lang='lat' dir='ltr'>f.</span> <span class='ocrx_word' id='word_1_295' title='bbox 1193 3312 1316 3349; x_wconf 86' lang='lat' dir='ltr'>adhuc</span> <span class='ocrx_word' id='word_1_296' title='bbox 1343 3313 1426 3350; x_wconf 84' lang='lat' dir='ltr'>cod.</span> <span class='ocrx_word' id='word_1_297' title='bbox 1450 3326 1522 3361; x_wconf 87' lang='lat' dir='ltr'>pro</span> <span class='ocrx_word' id='word_1_298' title='bbox 1547 3312 1622 3349; x_wconf 89' lang='lat' dir='ltr'>huc</span> <span class='ocrx_word' id='word_1_299' title='bbox 1647 3312 1720 3350; x_wconf 85' lang='lat' dir='ltr'>vel.</span> 
     </span>
    </p>
   </div>
   <div class='ocr_carea' id='block_1_4' title="bbox 287 3389 2228 3522">
    <p class='ocr_par' dir='ltr' id='par_1_4' title="bbox 287 3389 2228 3522">
     <span class='ocr_line' id='line_1_33' title="bbox 402 3389 2227 3448; baseline -0.002 -12"><span class='ocrx_word' id='word_1_300' title='bbox 402 3392 443 3436; x_wconf 92' lang='lat'>1.</span> <span class='ocrx_word' id='word_1_301' title='bbox 489 3391 758 3448; x_wconf 83' lang='lat' dir='ltr'>Explanatio</span> <span class='ocrx_word' id='word_1_302' title='bbox 796 3390 1037 3446; x_wconf 87' lang='lat' dir='ltr'>Ieremiae,</span> <span class='ocrx_word' id='word_1_303' title='bbox 1083 3390 1348 3448; x_wconf 85' lang='lat' dir='ltr'>Hieronymi</span> <span class='ocrx_word' id='word_1_304' title='bbox 1392 3390 1504 3447; x_wconf 90' lang='lat' dir='ltr'>Opp.</span> <span class='ocrx_word' id='word_1_305' title='bbox 1537 3390 1608 3434; x_wconf 93' lang='lat' dir='ltr'>ed.</span> <span class='ocrx_word' id='word_1_306' title='bbox 1641 3389 1890 3436; x_wconf 85' lang='lat' dir='ltr'>Vallarsius</span> <span class='ocrx_word' id='word_1_307' title='bbox 1929 3389 1983 3434; x_wconf 90' lang='lat' dir='ltr'>T.</span> <span class='ocrx_word' id='word_1_308' title='bbox 2013 3389 2080 3435; x_wconf 83' lang='lat' dir='ltr'>IV</span> <span class='ocrx_word' id='word_1_309' title='bbox 2119 3389 2227 3432; x_wconf 81' lang='lat'>987:</span> 
     </span>
     <span class='ocr_line' id='line_1_34' title="bbox 287 3462 2228 3522; baseline -0.003 -13"><span class='ocrx_word' id='word_1_310' title='bbox 287 3465 574 3522; x_wconf 87' lang='lat' dir='ltr'>„Homicidas</span> <span class='ocrx_word' id='word_1_311' title='bbox 606 3465 725 3509; x_wconf 92' lang='lat' dir='ltr'>enim</span> <span class='ocrx_word' id='word_1_312' title='bbox 757 3468 804 3508; x_wconf 87' lang='lat' dir='ltr'>et</span> <span class='ocrx_word' id='word_1_313' title='bbox 834 3464 1077 3519; x_wconf 81' lang='lat' dir='ltr'>sacrilegos</span> <span class='ocrx_word' id='word_1_314' title='bbox 1110 3467 1156 3507; x_wconf 87' lang='lat' dir='ltr'>et</span> <span class='ocrx_word' id='word_1_315' title='bbox 1183 3464 1453 3508; x_wconf 85' lang='lat' dir='ltr'>venenarios</span> <span class='ocrx_word' id='word_1_316' title='bbox 1483 3464 1663 3519; x_wconf 89' lang='lat' dir='ltr'>punire,</span> <span class='ocrx_word' id='word_1_317' title='bbox 1704 3475 1795 3507; x_wconf 90' lang='lat' dir='ltr'>non</span> <span class='ocrx_word' id='word_1_318' title='bbox 1834 3466 1905 3506; x_wconf 85' lang='lat' dir='ltr'>est</span> <span class='ocrx_word' id='word_1_319' title='bbox 1934 3462 2095 3506; x_wconf 88' lang='lat' dir='ltr'>effusio</span> <span class='ocrx_word' id='word_1_320' title='bbox 2127 3474 2228 3505; x_wconf 89' lang='lat' dir='ltr'>san-</span> 
     </span>
    </p>
   </div>
   <div class='ocr_carea' id='block_1_5' title="bbox 274 3534 2307 3594">
    <p class='ocr_par' dir='ltr' id='par_1_5' title="bbox 274 3534 2307 3594">
     <span class='ocr_line' id='line_1_35' title="bbox 274 3534 2307 3594; baseline -0.002 -12"><span class='ocrx_word' id='word_1_321' title='bbox 274 3538 446 3594; x_wconf 37' lang='lat' dir='ltr'>guinis&amp;</span> <span class='ocrx_word' id='word_1_322' title='bbox 477 3538 559 3582; x_wconf 86' lang='lat' dir='ltr'>sed</span> <span class='ocrx_word' id='word_1_323' title='bbox 587 3539 740 3594; x_wconf 88' lang='lat' dir='ltr'>legum</span> <span class='ocrx_word' id='word_1_324' title='bbox 772 3535 1118 3581; x_wconf 80' lang='lat' dir='ltr'>ministerium“.</span> <span class='ocrx_word' id='word_1_325' title='bbox 1168 3535 1235 3580; x_wconf 83' lang='lat' dir='ltr'>Cf.</span> <span class='ocrx_word' id='word_1_326' title='bbox 1259 3535 1462 3587; x_wconf 80' lang='lat' dir='ltr'>Gratiani</span> <span class='ocrx_word' id='word_1_327' title='bbox 1482 3536 1602 3580; x_wconf 84' lang='lat' dir='ltr'>decr.</span> <span class='ocrx_word' id='word_1_328' title='bbox 1629 3537 1679 3579; x_wconf 93' lang='lat' dir='ltr'>P.</span> <span class='ocrx_word' id='word_1_329' title='bbox 1700 3536 1745 3579; x_wconf 90' lang='lat' dir='ltr'>II</span> <span class='ocrx_word' id='word_1_330' title='bbox 1775 3534 1824 3580; x_wconf 82' lang='lat' dir='ltr'>G.</span> <span class='ocrx_word' id='word_1_331' title='bbox 1848 3536 1905 3579; x_wconf 81' lang='lat'>23</span> <span class='ocrx_word' id='word_1_332' title='bbox 1937 3547 2011 3590; x_wconf 91' lang='lat' dir='ltr'>qu.</span> <span class='ocrx_word' id='word_1_333' title='bbox 2034 3534 2062 3578; x_wconf 88' lang='lat'>5</span> <span class='ocrx_word' id='word_1_334' title='bbox 2093 3547 2132 3578; x_wconf 90' lang='lat' dir='ltr'>c.</span> <span class='ocrx_word' id='word_1_335' title='bbox 2154 3534 2226 3578; x_wconf 86' lang='lat'>31.</span> <span class='ocrx_word' id='word_1_336' title='bbox 2305 3540 2307 3542; x_wconf 79' lang='grc'><strong>’</strong></span> 
     </span>
    </p>
   </div>
   <div class='ocr_carea' id='block_1_6' title="bbox 282 3606 2228 3741">
    <p class='ocr_par' dir='ltr' id='par_1_6' title="bbox 282 3606 2228 3741">
     <span class='ocr_line' id='line_1_36' title="bbox 283 3606 2228 3668; baseline -0.002 -14"><span class='ocrx_word' id='word_1_337' title='bbox 283 3612 325 3654; x_wconf 79' lang='grc'>2.</span> <span class='ocrx_word' id='word_1_338' title='bbox 348 3609 416 3655; x_wconf 79' lang='lat' dir='ltr'>Of.</span> <span class='ocrx_word' id='word_1_339' title='bbox 431 3609 660 3656; x_wconf 89' lang='lat' dir='ltr'>Ambrosii</span> <span class='ocrx_word' id='word_1_340' title='bbox 673 3612 803 3668; x_wconf 88' lang='lat' dir='ltr'>epist.</span> <span class='ocrx_word' id='word_1_341' title='bbox 821 3612 951 3655; x_wconf 88' lang='lat' dir='ltr'>class.</span> <span class='ocrx_word' id='word_1_342' title='bbox 969 3611 992 3654; x_wconf 96' lang='grc' dir='ltr'>Ι</span> <span class='ocrx_word' id='word_1_343' title='bbox 1011 3623 1081 3666; x_wconf 89' lang='lat' dir='ltr'>ep.</span> <span class='ocrx_word' id='word_1_344' title='bbox 1101 3611 1171 3666; x_wconf 80' lang='lat'>22,</span> <span class='ocrx_word' id='word_1_345' title='bbox 1189 3609 1302 3665; x_wconf 89' lang='lat' dir='ltr'>Opp.</span> <span class='ocrx_word' id='word_1_346' title='bbox 1320 3609 1390 3654; x_wconf 91' lang='lat' dir='ltr'>ed.</span> <span class='ocrx_word' id='word_1_347' title='bbox 1407 3609 1692 3653; x_wconf 86' lang='lat' dir='ltr'>Benedictini</span> <span class='ocrx_word' id='word_1_348' title='bbox 1706 3609 1750 3652; x_wconf 91' lang='lat' dir='ltr'>H</span> <span class='ocrx_word' id='word_1_349' title='bbox 1766 3609 1867 3653; x_wconf 86' lang='lat'><strong>876.</strong></span> <span class='ocrx_word' id='word_1_350' title='bbox 1986 3608 2028 3651; x_wconf 89' lang='lat'>3.</span> <span class='ocrx_word' id='word_1_351' title='bbox 2054 3606 2099 3651; x_wconf 91' lang='lat' dir='ltr'>S.</span> <span class='ocrx_word' id='word_1_352' title='bbox 2118 3606 2228 3652; x_wconf 85' lang='lat' dir='ltr'>Gre-</span> 
     </span>
     <span class='ocr_line' id='line_1_37' title="bbox 282 3682 1622 3741; baseline -0.001 -13"><span class='ocrx_word' id='word_1_353' title='bbox 282 3683 398 3740; x_wconf 88' lang='lat' dir='ltr'>gorii</span> <span class='ocrx_word' id='word_1_354' title='bbox 426 3684 625 3741; x_wconf 84' lang='lat' dir='ltr'>Registri</span> <span class='ocrx_word' id='word_1_355' title='bbox 654 3685 706 3728; x_wconf 93' lang='lat' dir='ltr'>L.</span> <span class='ocrx_word' id='word_1_356' title='bbox 728 3685 773 3728; x_wconf 89' lang='lat'>11</span> <span class='ocrx_word' id='word_1_357' title='bbox 803 3685 844 3741; x_wconf 88' lang='lat'>3,</span> <span class='ocrx_word' id='word_1_358' title='bbox 877 3683 989 3741; x_wconf 87' lang='lat' dir='ltr'>Opp.</span> <span class='ocrx_word' id='word_1_359' title='bbox 1012 3683 1082 3728; x_wconf 89' lang='lat' dir='ltr'>ed.</span> <span class='ocrx_word' id='word_1_360' title='bbox 1104 3682 1338 3727; x_wconf 88' lang='lat' dir='ltr'>Benedict.</span> <span class='ocrx_word' id='word_1_361' title='bbox 1371 3683 1424 3727; x_wconf 90' lang='lat' dir='ltr'>T.</span> <span class='ocrx_word' id='word_1_362' title='bbox 1446 3683 1492 3726; x_wconf 87' lang='lat'>11</span> <span class='ocrx_word' id='word_1_363' title='bbox 1521 3683 1622 3727; x_wconf 82' lang='lat'><strong>570.</strong></span> 
     </span>
    </p>
   </div>
  </div>
 </body>
</html>
