2730 4198
624 299 899 338 GREGORH
937 302 1014 337 vn
1052 301 1317 340 REGJSTRJ
1354 303 1453 339 vm
1479 302 1540 338 48.
1560 302 1609 338 49
1639 299 1701 346 (lx
1724 301 1784 339 25.
1805 300 1880 347 26).
2116 290 2216 341 501

283 417 362 470 De
400 420 587 484 cetem,
629 417 673 469 si
715 418 829 485 quis
868 422 1116 486 vestrum,
1157 419 1437 489 impiorum
1477 435 1777 489 pressuram
1816 418 1953 472 ferre
1990 435 2095 472 non
2135 436 2223 472 va-

280 513 409 579 lenS,
451 513 595 582 cupit
632 513 887 581 secedere,
927 515 1075 567 nobis
1115 531 1219 567 non
1258 514 1512 584 displicet.
1572 513 1884 568 Huiusmodi
1912 531 2034 582 ergo
2060 514 2143 568 vel
2168 515 2223 568 in

281 611 593 677 potestatem
633 606 807 662 ducis¹
845 610 1058 677 gloriosi
1098 610 1180 663 vel
1217 610 1394 663 fratris
1435 605 1573 662 eius²
1603 611 1797 679 poterit
1821 610 1924 675 ire3
1967 613 2058 662 aut
2085 610 2128 662 si
2158 611 2223 663 ad

279 719 374 757 nos
400 703 577 757 venire
603 704 862 773 maluerit,
899 722 993 758 nos
1021 707 1237 759 caritate
1265 723 1366 774 qua
1393 705 1639 758 debemus
1668 722 1787 758 eum
1811 705 2034 759 libenter
2061 706 2222 759 susci-

279 799 496 868 piemus
577 799 675 863 Qui
714 818 861 868 ver0,
903 801 1018 854 aliis
1058 801 1352 870 exemplum
1392 801 1577 868 factus,
1616 801 1822 854 fortiter
1859 800 1995 853 inter
2032 800 2221 870 impios

280 896 718 964 perseveraverit,
776 897 864 950 ille
924 896 1102 965 procul
1158 895 1313 948 dubio
1363 895 1570 948 virtutis
1629 911 1874 948 coronam
1923 895 2221 965 gloriaeque

278 991 603 1061 triumphum
641 993 827 1046 merito
866 992 1116 1045 maiorem
1157 991 1381 1044 Domino
1422 990 1677 1058 largiente
1715 992 1985 1061 percipiet.

279 1161 408 1223 VIII
432 1166 513 1223 49
551 1162 647 1234 (IX
674 1167 794 1232 26).
839 1171 1068 1223 Iohanni
1092 1170 1481 1238 archiepiscopo
1507 1169 1863 1238 Neapolitano
1889 1171 2123 1236 mandat,
2164 1182 2222 1224 ut

465 1265 707 1336 Serqium
730 1269 1037 1335 mayz'atrum
1062 1266 1286 1317 militum
1312 1275 1602 1334 ceterosque
1628 1264 2012 1335 Neapolitanos
2039 1287 2072 1318 a
2100 1266 2217 1319 Ior-

462 1363 592 1413 dani
622 1364 883 1432 princepis
923 1361 1164 1432 Capuam
1199 1363 1435 1413 societate
1473 1371 1685 1413 avertat.

424 1469 701 1538 Gregorius
741 1472 1013 1542 episcopus
1053 1488 1232 1525 servus
1274 1487 1542 1524 servorum
1581 1470 1682 1524 Dei
1722 1470 1981 1537 I(ohanni)
2012 1471 2219 1542 Neapo-

275 1565 434 1618 litano
476 1566 864 1638 archiepiscopo
904 1568 1122 1621 salutem
1166 1572 1218 1621 et
1257 1567 1594 1637 apostolicam
1636 1566 2066 1621 benedictionem.

421 1661 536 1715 Non
574 1663 780 1730 ignorat
818 1664 1097 1733 prudentia
1134 1669 1242 1731 tua,
1283 1663 1432 1716 nobis
1461 1663 1759 1716 imminere:
1800 1666 1859 1715 ut
1898 1663 2139 1717 omnibus
2167 1668 2218 1717 et

272 1758 463 1826 ubique
502 1759 753 1812 salutaria
791 1760 1007 1813 consilia
1045 1760 1428 1829 provideamuS,
1471 1764 1523 1812 et
1559 1758 1760 1811 monita
1798 1758 1881 1811 vel
1919 1758 2216 1828 interdicta,

272 1859 429 1923 prout
465 1855 852 1924 res'postulare
890 1856 1120 1924 videtur,
1162 1856 1361 1909 cunctis
1401 1855 1645 1908 exhibere
1685 1855 1981 1908 debeamus,
2060 1854 2218 1909 Prae—

274 1954 415 2003 terea
453 1967 556 2003 non
595 1950 757 2004 latere
797 1957 849 2004 te
887 1951 1150 2004 volumus:
1193 1969 1257 2005 ex
1298 1968 1398 2020 quo
1438 1951 1740 2005 carissimus
1779 1954 1958 2005 noster
1987 1949 2217 2005 Salerni-

273 2049 426 2098 tanus
463 2043 738 2116 princeps³
776 2047 981 2100 noviter
1019 2044 1215 2115 rediit⁴,
1256 2065 1350 2100 nos
1391 2052 1443 2100 et
1480 2046 1865 2099 nobilissimum
1903 2047 2216 2115 magistrum

272 2138 526 2194 militum⁵
566 2146 618 2195 et
664 2143 888 2196 maiores
941 2147 1094 2211 atque
1139 2144 1366 2197 minores
1406 2147 1611 2196 vestrae
1650 2142 1793 2196 urbis
1835 2143 2214 2211 quodammodo

271 2236 568 2306 specialiter
616 2239 815 2307 cepisse
863 2238 1092 2306 diligere.
1172 2239 1320 2292 Unde
1370 2239 1523 2292 modo
1562 2238 1714 2292 valde
1753 2239 1920 2306 magis
1961 2239 2214 2309 dolemuS,

270 2332 393 2401 quia
431 2349 518 2386 eos
558 2333 809 2386 auxilium
849 2334 974 2387 dare
1013 2335 1307 2389 hominibus
1346 2335 1524 2404 pravis
1564 2338 1616 2387 et
1655 2335 1719 2388 ab
1759 2334 1976 2388 ecclesia
2002 2338 2157 2404 atque
2185 2353 2216 2389 a

269 2427 380 2482 Deo
419 2429 674 2498 separatis
702 2429 1011 2483 audivimus
1070 2430 1206 2484 Nam
1233 2430 1456 2484 relatum
1483 2435 1562 2485 est
1586 2431 1753 2499 nobiS,
1794 2430 1932 2499 quod
1957 2430 2166 2484 Iordani
2178 2428 2214 2500 ⁶,

271 2524 360 2592 qui
398 2525 619 2579 scienter
657 2525 896 2595 periurus
935 2526 1086 2580 beato
1112 2526 1268 2580 Petro
1309 2531 1360 2581 et
1397 2527 1547 2581 nobis
1576 2531 1628 2580 et
1653 2526 1717 2580 ob
1743 2526 1841 2580 hoc
1867 2526 2215 2581 anathematis

270 2619 420 2672 nodis
458 2619 648 2687 ligatus
678 2625 773 2689 est,
815 2622 1127 2676 adiutorium
1154 2623 1365 2676 faciant.
1426 2623 1567 2687 Quae
1594 2640 1677 2676 res
1703 2622 1822 2676 illos
1848 2623 2032 2693 procul
2057 2623 2213 2677 dubio

272 2720 324 2768 et
370 2733 399 2767 a
438 2716 608 2783 gratia
644 2715 784 2769 beati
821 2716 965 2770 Petri
1003 2719 1198 2772 alienos
1239 2724 1291 2773 et
1329 2719 1605 2773 dilectione
1643 2723 1824 2773 nostra
1859 2718 2101 2787 indignos
2141 2719 2215 2772 ef-

268 2809 377 2864 ficit
433 2815 510 2879 et,
569 2812 670 2865 nisi
717 2813 1082 2882 resipiscentes
1131 2814 1396 2883 desinant,
1458 2815 1683 2868 aeternis
1731 2815 1913 2885 poenis
1963 2814 2213 2868 obnoxios

268 2907 462 2961 reddet.
522 2906 747 2961 Proinde
785 2909 1113 2962 fraternitati,
1132 2914 1251 2963 tuae
1277 2911 1655 2981 praecipimus:
1695 2914 1755 2963 ut
1780 2910 2074 2980 praefatum
2102 2928 2213 2964 ma-

267 3003 486 3071 gistrum
536 3004 761 3057 militum
811 3021 1092 3074 omnesque
1145 3006 1242 3059 tibi
1281 3007 1586 3060 commissos
1629 3007 1909 3059 admoneas
1949 3010 2000 3059 et
2038 3006 2212 3076 ponti-

266 3098 428 3152 ficalis
469 3115 719 3153 censurae
760 3101 1039 3171 disciplina
1064 3101 1341 3171 prohibeas
1370 3106 1422 3156 et
1446 3103 1745 3171 interdicaS,
1785 3106 1843 3155 ut
1868 3105 1978 3154 tam
2005 3118 2035 3155 a
2060 3119 2211 3171 prae-

266 3195 372 3248 fato
411 3195 629 3249 Iordane
680 3214 835 3266 quam
888 3201 940 3250 et
984 3198 1168 3251 ceteris
1207 3198 1346 3251 illius
1386 3199 1724 3268 complicibus
1765 3215 1877 3251 sese
1918 3197 2214 3251 abstineant

265 3291 444 3360 illique
500 3292 702 3345 nullum
759 3310 993 3363 prorsus·
1029 3294 1282 3346 auxilium
1329 3294 1587 3362 tribuant,
1648 3294 1811 3347 donec
1857 3293 2010 3347 beato
2055 3292 2210 3346 Petro

269 3387 601 3455 satisfecerit,
654 3406 807 3458 quem
854 3390 1083 3459 periurio
1135 3389 1427 3457 abnegavit.
1507 3389 1563 3442 Si
1603 3390 1717 3459 quis
1758 3406 1905 3458 erge,
1955 3405 2051 3442 nec
2089 3405 2210 3441 con-

386 3540 424 3582 1.
465 3539 649 3584 Roberti
681 3541 919 3586 Wiscardi.
1086 3543 1126 3585 2.
1172 3542 1355 3598 Rogerii
1386 3542 1405 3585 I
1446 3542 1623 3585 comitis
1656 3540 1834 3585 Siciliae
1874 3544 1921 3585 et
1960 3539 2208 3584 Calabriae.

268 3611 308 3652 3.
343 3610 541 3655 Gisulfus
571 3614 628 3656 II.
748 3616 790 3658 4.
825 3613 891 3659 of.
924 3616 974 3658 L.
994 3615 1103 3659 VHI
1134 3628 1203 3671 ep.
1228 3615 1284 3658 23
1315 3628 1451 3671 supra
1480 3629 1524 3671 p.
1546 3615 1648 3659 468.
1774 3615 1814 3659 5.
1848 3614 2208 3671 Neapolitanum,

267 3681 471 3739 Sergium
494 3685 571 3729 VI.
721 3689 762 3732 6.
794 3688 815 3731 I
845 3689 1034 3745 principi
1064 3689 1294 3745 CapuanO.

2256 426 2370 470 1082
2380 427 2402 469 ?

2254 1481 2367 1525 1082
2378 1482 2400 1524 ?
