2722 4172
839 266 1114 307 GREGonn
1146 267 1228 305 vn
1262 266 1526 306 REGIs'rRI
1560 266 1584 304 1
1609 265 1670 303 78.
1697 265 1760 303 79.
2193 252 2263 305 99

334 400 444 439 sem
480 383 781 454 episcopum
817 385 1028 439 interim
1062 388 1238 439 tenere
1264 385 1601 439 decrevimus
1714 381 1930 436 Praeter
1953 381 2082 435 haec
2107 398 2266 452 supra

332 483 647 534 memoratus
685 480 847 535 frater
883 484 1003 535 tuus
1043 481 1375 551 conqueritur
1413 497 1568 550 super
1607 483 1674 549 te,
1714 483 1774 533 ut
1810 479 1875 533 de
1903 478 2267 549 praepositura

333 580 386 631 et
431 579 600 629 castro
649 577 815 630 sancti
849 574 1113 632 Wenzlai¹
1150 577 1378 631 debitam
1425 576 1526 630 sibi
1571 579 1883 646 potestatem
1923 579 1975 629 et
2011 575 2268 628 iustitiam

330 672 537 743 penitus
576 673 795 727 auferas,
853 673 1002 728 Unde
1041 673 1400 727 excellentiam
1437 676 1583 725 tuam
1620 673 1853 742 paternis
1889 670 2156 726 affectibus
2182 688 2266 724 ro-

330 785 513 837 gamus
562 773 613 824 et
652 770 1012 824 admonemus:
1063 773 1146 838 ut,
1197 769 1243 822 si
1279 773 1332 822 te
1368 768 1588 821 iniurias
1628 769 1676 821 ei
1713 769 1768 821 in
1805 768 1903 821 hac
1939 785 1997 822 re
2034 768 2267 836 irrogare

331 866 614 935 cognosciS,
652 870 891 937 respectu
929 865 1090 919 divini
1126 865 1346 933 timoriS,
1387 864 1470 917 cui
1506 864 1763 917 rationem
1802 864 1866 918 de
1903 864 2054 918 factis
2079 865 2184 918 tuis
2212 866 2267 917 in

331 961 566 1016 districto
602 963 794 1017 iudicio
831 962 1127 1017 redditurus
1167 978 1238 1029 es,
1278 961 1506 1028 gratuita
1542 961 1775 1014 bonitate
1801 965 1893 1014 tua
1920 961 1987 1014 ad
2010 961 2267 1014 iustitiam

330 1059 512 1113 redeas
552 1063 604 1113 et
639 1059 805 1128 fratri,
847 1075 978 1128 quae
1017 1075 1111 1111 sua
1138 1061 1274 1125 sunt,
1315 1057 1427 1110 sine
1454 1057 1596 1110 omni
1621 1058 1987 1112 contrarietate
2015 1058 2263 1112 dimittas.

333 1154 426 1208 Sin
463 1172 585 1209 vero
623 1155 817 1209 clamor
855 1156 964 1209 eius
1001 1155 1138 1208 inter
1175 1170 1266 1206 vos
1306 1154 1479 1207 sedari
1515 1157 1756 1223 nequeat,
1795 1154 1852 1207 in
1888 1155 2122 1225 praefato
2162 1160 2266 1210 ter-

330 1252 470 1304 mino
507 1251 711 1305 futurae
749 1251 960 1321 synodi³
997 1251 1195 1320 legatos
1233 1254 1350 1304 tuos
1375 1249 1459 1303 vel
1490 1250 1587 1304 hac
1613 1250 1676 1304 de
1702 1267 1860 1304 causa
1885 1251 1951 1304 ad
1975 1268 2070 1305 nos
2095 1256 2266 1306 trans-

330 1348 536 1401 mittere
563 1364 668 1401 non
691 1347 1096 1418 praetermittas,
1138 1351 1409 1416 quatenuS,
1448 1347 1700 1416 inquisita
1727 1351 1778 1401 et
1801 1349 2106 1418 percognita
2130 1349 2266 1403 veri-

328 1447 435 1497 tate
481 1460 546 1497 ex
593 1447 812 1513 utraque
859 1448 1036 1515 parte,
1085 1444 1223 1514 quod
1258 1444 1456 1499 iustum
1491 1444 1650 1497 fuerit
1685 1444 1951 1498 valeamus
1991 1446 2267 1499 decernere

329 1542 381 1593 et
418 1539 692 1609 aliquando
728 1540 961 1594 fraterna
995 1557 1124 1612 pace
1165 1544 1216 1594 et
1253 1540 1528 1595 concordia
1564 1557 1657 1594 vos
1693 1541 1980 1612 opitulante
2006 1541 2119 1596 Deo
2146 1559 2267 1596 con-

326 1635 554 1704 iungere.
612 1636 752 1691 Data
787 1636 981 1692 Romae
1025 1639 1089 1691 16
1128 1637 1389 1691 Kalendas
1428 1635 1571 1706 Maii,
1611 1637 1895 1693 indictione
1938 1641 2022 1693 12.

328 1807 353 1868 Ι
388 1811 486 1869 79.
529 1815 807 1868 Annonem
843 1816 1289 1886 archiepiscopum
1317 1814 1667 1869 Coloniensem
1697 1819 1758 1870 de
1785 1817 2076 1871 litterarum
2099 1818 2265 1887 infre-

531 1915 741 1982 quentia
779 1913 1035 1984 obiuryat.

475 2013 753 2083 Gregorius
793 2016 1065 2087 episcopus
1103 2033 1281 2070 servus
1310 2034 1579 2071 servorum
1605 2017 1704 2070 Dei
1730 2016 1943 2070 Annoni
1969 2015 2267 2072 Coloniensi

329 2110 716 2182 archiepiscopo
755 2112 975 2166 salutem
1013 2118 1066 2167 et
1103 2113 1441 2183 apostolicam
1479 2113 1909 2167 benedictionem.

474 2207 678 2271 Quanta
725 2209 941 2263 caritate
977 2209 1241 2263 Romanae
1290 2209 1533 2264 ecclesiae
1572 2208 1894 2264 Coloniensis
1931 2210 1989 2263 in
2027 2210 2264 2264 omnibus

327 2304 653 2374 obsequendo
680 2305 952 2359 coniuncta
976 2306 1151 2374 fuerit,
1181 2306 1407 2374 dignitas
1434 2307 1578 2360 vobis
1606 2306 1812 2365 conlata
1836 2310 2073 2360 testatur.
2125 2305 2265 2369 Quae

325 2401 574 2455 nimirum
612 2401 801 2455 caritas
841 2402 967 2456 adeo
1005 2403 1062 2455 in
1095 2406 1147 2457 te
1173 2403 1378 2457 videtur
1402 2404 1648 2474 tepuisse,
1691 2407 1751 2456 ut
1789 2421 1854 2457 ex
1893 2420 1970 2472 e0,
2012 2420 2112 2474 quo
2152 2420 2265 2456 sus-

327 2501 506 2567 ceptae
563 2498 1028 2553 administrationis
1074 2499 1307 2554 laborem
1363 2499 1674 2569 subivimuS,
1732 2500 1903 2554 nullas
1948 2500 2264 2554 visitationis

327 2596 447 2646 tuae
493 2597 700 2663 praeter
746 2594 840 2648 has
887 2596 1187 2666 nuperrime
1236 2597 1421 2650 missas
1471 2596 1673 2651 litteras
1711 2597 2086 2667 receperimus3
2147 2614 2266 2651 cum

326 2688 381 2741 id
417 2688 566 2742 nobis
603 2690 916 2745 visitationis
953 2693 1275 2762 frequentius
1313 2693 1720 2764 impendendum
1740 2698 2028 2764 Δ9110610113,
2070 2693 2159 2762 qui
2198 2694 2262 2747 ob

325 2784 739 2839 recordationem
781 2787 1111 2859 disciplinae,
1160 2807 1262 2859 qua
1297 2793 1530 2861 tempore
1570 2790 1912 2844 antecessoris
1948 2789 2171 2844 vestri¹‘2
2208 2790 2264 2842 in

262 2922 265 2923 ν
328 2880 544 2935 ecclesia
582 2880 876 2937 Coloniensi
924 2886 1137 2939 enutriti
1181 2903 1385 2956 sumUS,
1435 2887 1714 2958 specialem
1752 2887 1853 2941 sibi
1887 2888 2026 2941 inter
2065 2890 2262 2941 ceteras

327 2978 669 3032 occidentales
718 2979 959 3034 ecclesias
1007 2981 1337 3036 dilectionem
1382 2983 1730 3054 impendimus
1781 2988 1856 3052 et,
1912 2984 2046 3037 sicut
2095 2983 2263 3037 adhuc

324 3073 588 3129 Romanae
637 3075 882 3130 ecclesiae
929 3075 1024 3130 filii
1060 3082 1341 3148 testantur,
1390 3084 1622 3150 tempore
1659 3079 1799 3133 beati
1835 3076 2054 3133 Leonis³
2094 3097 2262 3150 papae

327 3170 634 3226 Treverensi
672 3170 942 3244 episcopo4
978 3190 1073 3243 pro
1111 3173 1306 3228 honore
1345 3175 1591 3229 ecclesiae
1629 3180 1849 3243 vestrae,
1892 3176 2029 3244 quod
2066 3176 2260 3229 isdemc

324 3266 506 3322 beatus
539 3267 645 3323 Leo
686 3286 854 3347 aegre¹
874 3269 1011 3339 tulit,
1049 3269 1246 3324 viribus
1284 3271 1408 3325 totis
1445 3272 1746 3325 restitimus
1808 3271 1910 3325 Sed
1946 3272 2027 3325 his
2066 3273 2259 3326 nostris

326 3364 510 3418 studiis
549 3365 752 3420 debitae
791 3366 1079 3420 dilectionis
1118 3383 1222 3419 non
1261 3367 1563 3421 exhibentes
1601 3367 2030 3437 vicissitudinem,
2073 3370 2259 3423 merito

441 3472 473 3498 a.
508 3461 674 3509 synodus
701 3477 733 3500 c.
861 3462 897 3499 b.
931 3462 1052 3499 nostri
1079 3462 1160 3499 cod.
1290 3474 1321 3499 c.
1357 3462 1506 3500 hisdem
1533 3478 1564 3499 c.

443 3526 482 3569 1.
514 3525 744 3582 Pragensi.
863 3528 904 3571 2.
936 3526 1181 3570 Hermanni
1200 3526 1244 3570 II
1267 3526 1591 3583 archiepiscopi
1613 3526 1890 3572 Coloniensis
1916 3529 2257 3584 (1036—1056).

325 3595 678 3643 Hildebrandum
708 3599 826 3644 enim
857 3614 897 3644 a.
922 3601 1034 3644 1047
1067 3613 1168 3644 cum
1191 3600 1407 3656 Gregorio
1429 3600 1495 3646 VI
1528 3635 1548 3657 „
1563 3600 1620 3644 ad
1641 3601 1762 3658 ripas
1781 3601 1959 3646 Rheni“
1982 3603 2256 3660 pervenisse,

326 3669 460 3716 docet
488 3672 694 3718 Bonitho.
813 3675 855 3719 3.
886 3674 967 3719 IX.
1086 3675 1128 3718 4.
1160 3673 1434 3718 Eberhardo.

1836 3749 1903 3794 741-

2313 388 2427 431 1074

2293 448 2383 496 Apr.
2404 450 2450 486 16

2313 2023 2428 2067 1074

2294 2085 2383 2132 Apr.
2403 2085 2450 2121 18
