2730 4198
295 407 410 452 1080

269 468 371 516 Sept.
392 468 439 505 18

295 1171 410 1214 1080

269 1231 371 1278 Sept.
392 1233 441 1267 22

470 272 578 325 438
960 281 1232 320 GREGORII
1270 281 1349 316 vn
1386 278 1649 316 REGISTRI
1688 279 1786 315 vni
1813 278 1847 314 8.
1876 276 1911 314 9.

471 402 726 457 lissimam
764 394 1063 466 coniugem¹
1099 396 1334 450 hortetur
1379 398 1430 448 et
1466 397 1702 447 moneat:
1751 393 2023 461 quatinuS,
2071 396 2181 445 tam
2217 391 2409 460 insigni

470 503 706 568 patron0,
748 494 836 563 qui
875 509 929 546 se
969 492 1043 545 eis
1083 491 1437 543 demonstrare
1466 488 1707 556 dignatus
1735 491 1830 555 est,
1870 488 2215 542 reverentiam
2243 490 2295 540 et
2320 487 2410 540 ho-

469 608 649 646 norem
707 590 946 643 decenter
1005 586 1335 653 exhibenteS,
1392 584 1557 654 ipsius
1609 583 1831 651 gratiam
1889 589 1942 636 et
1998 582 2254 636 auxilium
2311 582 2411 635 sibi

470 686 679 755 suisque
704 683 1008 755 promereri,
1035 681 1236 735 nisibus
1264 696 1497 734 summae
1527 678 1816 733 devotionis
1843 678 2172 732 contendant.
2213 677 2411 731 Datum

468 782 630 836 Rome
672 782 739 833 14
776 777 1036 832 Kalendas
1076 776 1331 830 Octobris.

468 950 599 1013 VIII
626 954 680 1011 9.
730 955 1034 1008 Teutonicos
1074 952 1312 1005 eeclesiae
1337 953 1521 1022 fideles
1560 952 1815 1016 hortatur,
1856 968 1920 1003 ne
1957 952 2014 1002 in
2055 950 2225 1019 officio
2266 949 2410 1002 clau-

654 1053 836 1104 dicent.
896 1050 1237 1102 Inimicorum
1266 1050 1553 1120 perniciem
1593 1057 1899 1117 auyuratur.

619 1159 899 1228 Gregorius
949 1159 1222 1228 episcopus
1273 1174 1452 1211 servus
1502 1174 1770 1211 servorum
1808 1156 1909 1210 Dei
1958 1155 2196 1209 omnibus
2245 1155 2413 1209 archi-

472 1255 730 1326 episcopis
770 1254 1027 1324 episcopis
1068 1253 1362 1322 diversique
1401 1253 1598 1306 ordinis
1628 1269 1687 1306 ac
1712 1252 1986 1323 potestatis
2013 1251 2214 1305 clericis
2242 1256 2294 1306 et
2317 1251 2414 1305 lai-

471 1351 544 1404 cis
581 1350 637 1402 in
676 1350 958 1403 Teutonico
995 1366 1156 1417 regno
1195 1349 1545 1417 morantibus,
1593 1348 1699 1402 illis
1752 1348 2027 1401 dumtaxat
2076 1348 2165 1416 qui
2203 1352 2414 1402 sanctae

468 1445 732 1499 Romanae
772 1444 1051 1498 aecclesiae
1089 1443 1310 1497 fideliter
1349 1444 1655 1513 oboediunt,
1705 1443 1925 1498 salutem
1975 1448 2027 1498 et
2075 1443 2414 1514 apostolicam

469 1539 897 1594 benedictionem.

617 1633 874 1698 Quoniam
920 1634 1082 1688 nichil
1127 1634 1183 1687 in
1231 1637 1375 1687 terra
1427 1633 1539 1687 sine
1587 1649 1744 1687 causa
1789 1632 1893 1702 fit⁸,
1952 1634 2086 1689 sicut
2133 1631 2416 1705 sapientis'

470 1730 630 1785 verba
665 1734 950 1797 testantur3
1002 1729 1140 1799 quod
1187 1729 1383 1782 dudum
1421 1732 1603 1782 sancta
1641 1729 1891 1783 aecclesia
1926 1729 2177 1783 fluctuum
2214 1730 2423 1801 procel·

468 1826 743 1896 larumque
781 1825 918 1879 mole
956 1825 1248 1879 concutitur
1275 1824 1513 1893 quodque
1541 1826 1814 1895 tyrannice
1839 1826 2215 1896 persecutionis
2242 1826 2417 1881 hacte-

470 1939 568 1975 nus
606 1922 807 1976 rabiem
844 1921 1061 1992 patitur,
1100 1938 1207 1974 non
1242 1920 1347 1974 nisi
1382 1920 1608 1990 peccatis
1635 1921 1828 1974 nostris
1856 1915 2182 1990 exigentibus
2211 1922 2417 1977 evenire

472 2018 789 2072 credendum
829 2021 923 2071 est.
988 2017 1126 2071 Nam
1164 2017 1358 2071 iudicia
1396 2016 1606 2086 quidem
1629 2016 1731 2071 Dei
1755 2018 2026 2072 verissime
2065 2019 2242 2072 omnia
2278 2019 2418 2072 iusta

472 2118 608 2168 sunt.
671 2113 775 2167 Sed
812 2113 950 2168 inter
987 2113 1341 2182 haecomnia,
1380 2113 1664 2182 karissimi,
1706 2113 2061 2184 dispositionis
2092 2114 2298 2168 divinae
2322 2131 2416 2184 pa-

469 2210 684 2264 tientiae
712 2210 878 2263 virtus
917 2209 1157 2263 habenda
1195 2213 1292 2278 est,
1333 2212 1385 2262 et
1423 2209 1536 2278 spei
1567 2209 1821 2262 certitudo
1859 2210 1925 2263 ad
1951 2199 2186 2264 coelestis
2213 2210 2416 2263 miseri-

472 2306 678 2360 cordiae
714 2308 1013 2375 respectum
1050 2303 1270 2358 firmiter
1310 2307 1389 2357 est
1415 2304 1766 2371 extendenda3
1808 2305 1952 2358 cuius
1991 2322 2176 2359 manus
2214 2321 2311 2359 nec
2350 2305 2416 2358 ad

474 2401 806 2455 exaltandam
852 2399 1084 2453 fidelium
1130 2399 1474 2453 humilitatem
1524 2399 1798 2453 imbecillis
1844 2417 1940 2454 nec
1988 2401 2054 2454 ad
2092 2400 2417 2455 deiciendam

472 2496 679 2550 hostilis
720 2495 958 2550 elationis
998 2495 1294 2565 superbiam
1331 2495 1592 2549 invenitur
1617 2495 1864 2549 invalida.
1925 2495 2121 2560 Quodsi
2146 2496 2418 2566 culparum

473 2591 672 2646 morbis
696 2592 1017 2662 penitentiae
1042 2591 1365 2645 medicamen
1387 2591 1776 2645 adhibuerimus
1803 2596 1870 2660 et,
1899 2608 2140 2645 excessus
2170 2608 2229 2645 ac
2253 2591 2419 2660 negli-

474 2688 678 2756 gentias
724 2691 930 2740 nostras
977 2687 1082 2757 ipsi
1131 2687 1364 2740 districte
1412 2687 1744 2756 corrigendO,
1799 2688 1866 2741 ad
1917 2688 2148 2742 iustitiae
2193 2687 2419 2742 formam

474 2801 645 2837 mores
683 2786 890 2836 nostros
917 2783 1314 2851 instituerimuS,
1353 2783 1603 2853 profectO,
1644 2799 1871 2853 superna
1895 2784 2087 2838 virtute
2116 2783 2418 2852 auxiliante,

476 2884 528 2934 et
563 2879 896 2933 inimicorum
934 2877 1104 2931 rabies
1143 2878 1244 2931 cito
1270 2879 1463 2949 peribit
1490 2883 1542 2932 et
1566 2879 1656 2933 diu
1682 2879 2030 2934 desideratam
2054 2896 2238 2950 pacem
2264 2883 2419 2948 atque

477 2975 812 3029 securitatem
861 2973 1111 3028 aecclesia
1158 2978 1338 3028 sancta
1384 2975 1617 3045 recipiet.
1696 2974 1866 3039 Quare
1911 2975 2058 3029 vobis
2106 2974 2418 3046 specialiter,

476 3071 566 3140 qui
603 3071 660 3124 in
699 3069 1036 3125 sacerdotalis
1075 3069 1345 3137 regiminis
1385 3071 1531 3141 apice
1569 3071 1905 3142 praesidetiS,
1955 3087 2094 3125 nunc
2139 3070 2418 3140 loquimur,

476 3167 542 3220 ad
591 3183 811 3236 quorum
859 3165 1262 3220 sollicitudinem
1310 3166 1637 3221 subditorum
1673 3168 1783 3221 vita
1827 3167 2088 3238 pertinere
2134 3166 2420 3220 dinoscitur

477 3265 528 3315 et
566 3279 695 3331 quos
735 3262 798 3316 de
837 3262 1101 3316 commissi
1151 3262 1323 3330 gregis
1373 3278 1499 3316 cura
1534 3263 1590 3316 in
1627 3266 1846 3318 venturo
1886 3262 2124 3316 examine
2162 3261 2421 3315 rationem

475 3357 692 3411 reddere
731 3359 995 3412 convenit:
1037 3362 1096 3412 ut
1133 3358 1485 3412 subiectorum
1525 3363 1671 3412 actus
1699 3362 1750 3413 et
1775 3357 2237 3426 conversationem,
2276 3357 2423 3411 nulla

477 3453 648 3520 gratia
685 3454 767 3507 vel
805 3455 992 3508 timore
1030 3454 1418 3524 praepediente,
1459 3454 1735 3523 diligenter
1761 3453 2076 3523 inspiciatis3
2118 3457 2170 3507 et
2200 3453 2422 3507 discrete

478 3549 811 3602 correctionis
839 3550 964 3618 acie,
1005 3567 1137 3618 quae
1164 3550 1483 3620 amputanda
1509 3554 1647 3619 sunt,
1685 3565 1936 3617 resecare,
1974 3549 2257 3602 secundum
2285 3549 2422 3619 quod

597 3657 636 3699 1.
671 3655 981 3713 Sikelgaitam.
1142 3658 1184 3702 2.
1215 3657 1297 3702 Iob
1328 3658 1370 3714 5,
1404 3659 1445 3701 6.
1713 3677 1745 3702 a.
1779 3665 1823 3702 fit
1849 3679 1918 3703 om.
1941 3667 2024 3704 cod.
