2782 4198
754 248 1030 287 GREGORH
1066 249 1146 285 vn
1182 247 1448 286 REGISTRI
1483 247 1542 284 1v
1569 246 1631 282 20.
1658 246 1719 282 21.
2102 229 2203 281 271

267 367 540 438 suscipiat,
591 383 656 420 ex
701 370 852 436 parte
898 366 1039 420 beati
1076 365 1219 419 Petri
1268 368 1320 418 et
1355 368 1538 417 nostra
1574 361 1862 433 apostolica
1900 360 2209 414 auctoritate

265 465 456 533 ubique
501 462 809 529 interdicas3
858 467 916 516 ut
963 462 1048 516 vel
1094 462 1191 515 hoc
1238 461 1392 514 modo
1441 460 1643 513 confusi
1689 459 1755 511 ad
1793 457 2210 511 emendationem

265 561 405 615 vitae
444 576 567 613 suae
607 562 658 612 et
697 559 761 611 ad
800 559 1096 612 castitatem
1133 557 1409 624 religiosae
1448 554 1798 608 continentiae
1823 553 1994 607 redire
2023 569 2210 620 cogan-

265 660 366 711 tur.
423 655 539 723 Age
577 671 716 723 ergo,
756 658 817 708 ut
853 659 1035 708 saneta
1072 658 1124 707 et
1148 651 1459 706 universalis
1486 655 1656 703 mater
1683 649 1903 702 ecelesia
1926 653 1979 702 te
2004 647 2210 701 fidelem

265 752 564 806 ministrum
613 755 666 804 et
713 755 1102 821 cooperatorem
1149 753 1360 802 nostrae
1403 747 1564 800 immo
1605 745 1921 815 apostolicae
1961 744 2212 797 sollieitu-

265 848 402 901 dinis
441 847 553 902 Deo
601 847 878 901 adiuvante
917 849 1216 914 cognoscat3
1266 848 1318 897 et
1355 843 1532 909 nobiS,
1583 841 1721 910 quod
1759 840 1910 894 valde
1949 840 2212 893 desidera-

265 961 409 1012 mus,
459 943 522 997 de
559 944 826 997 ubertate⁸
865 947 918 996 et
958 943 1131 995 fructu
1167 940 1246 993 tui
1285 937 1622 992 sacerdotalis
1663 935 1819 989 officii
1859 937 1925 989 ad
1963 953 2211 1006 praesens

266 1040 491 1108 gaudere
531 1043 583 1093 et
618 1040 674 1092 in
711 1043 980 1109 posterum
1017 1055 1112 1108 per
1150 1034 1564 1089 misericordiam
1601 1033 1702 1086 Dei
1740 1031 2058 1086 confidenter
2097 1049 2213 1102 spe-

265 1153 385 1189 rare
423 1152 576 1206 posse
613 1135 901 1206 proveniat.
978 1133 1119 1187 Data
1154 1130 1444 1185 Bibianello
1488 1132 1519 1184 8
1559 1129 1821 1183 Kalendas
1859 1128 2084 1199 Aprilis,
2132 1129 2213 1182 in-

268 1231 492 1285 dictione
536 1232 618 1285 15.

267 1401 466 1465 IV21.
501 1408 826 1461 Herimanno
867 1409 1107 1476 episeopo
1135 1406 1380 1459 Mettensi
1402 1406 1634 1468 mandat,
1687 1403 2011 1474 Vulpodom‘s
2052 1402 2211 1454 abba-

507 1507 572 1558 tis
614 1503 672 1558 S.
701 1504 994 1568 Laurentii,
1037 1503 1101 1554 ab
1129 1502 1381 1554 Heinrico
1409 1501 1448 1553 I
1475 1502 1715 1570 episeopo
1743 1498 2024 1551 Leodiemsi
2049 1500 2210 1563 eiecti,

507 1619 718 1653 causam
756 1601 1020 1652 diiudicet.

416 1709 698 1779 Gregorius
739 1710 1013 1781 episcopus
1054 1725 1232 1762 servus
1274 1723 1542 1761 servorum
1580 1705 1681 1759 Dei
1719 1704 2040 1758 Herimanno
2079 1703 2212 1758 Met-

266 1806 403 1860 tensi
441 1807 684 1877 episcopo
724 1806 944 1859 salutem
985 1809 1036 1858 et
1076 1804 1415 1880 apostolicam
1452 1802 1883 1856 benedictionem.

415 1901 775 1956 Praesentium
827 1902 1048 1972 portitor
1096 1901 1394 1954 litterarum
1430 1898 1668 1968 Vulpodo
1710 1897 1869 1951 abbas
1907 1897 2215 1950 monasterii

269 1998 436 2052 sancti
473 1998 743 2052 Laurentii
781 1998 979 2066 Leodii,
1021 1998 1087 2051 ad
1124 2014 1220 2050 nos
1259 1996 1490 2063 venienS,
1530 1994 1708 2047 multis
1749 1993 2215 2064 supplicationibus

268 2111 364 2148 nos
414 2095 674 2149 exoravit:
726 2094 968 2164 quatinus
1011 2111 1130 2148 eum
1169 2093 1310 2164 apud
1348 2093 1651 2162 episcopum
1689 2086 2077 2158 Leodiensem¹,
2127 2089 2215 2159 qui

269 2207 389 2244 eum
426 2191 490 2244 de
527 2191 842 2244 monasterio
882 2207 974 2244 suo
1016 2190 1250 2258 eiecerit,
1299 2193 1359 2242 ut
1396 2188 1702 2242 clementius
1740 2187 1797 2240 in
1832 2186 1983 2239 illum
2022 2189 2214 2253 ageret,

270 2287 566 2357 apostolicis
605 2287 984 2341 interventibus
1023 2287 1348 2351 iuvaremus3
1389 2288 1595 2338 tantum
1632 2284 1782 2337 nobis
1822 2283 1886 2336 de
1926 2299 2083 2335 causa
2121 2299 2216 2335 sua

267 2383 529 2452 indicanS,
580 2384 715 2452 quod
765 2384 828 2437 de
878 2383 1092 2437 obiectis
1143 2382 1243 2436 sibi
1279 2381 1597 2452 respondere
1635 2384 1851 2451 paratus
1888 2379 2073 2446 fuerit,
2123 2377 2215 2431 sed

269 2478 461 2546 legales
499 2480 848 2550 respondendi
887 2484 939 2533 et
977 2479 1303 2550 expurgandi
1341 2495 1396 2531 se
1435 2477 1672 2530 inducias
1699 2476 1890 2530 habere
1916 2475 2213 2528 nullatenus

270 2574 514 2644 potuerit,
554 2591 869 2644 quamquam
907 2593 994 2629 eas
1034 2574 1128 2628 sub
1154 2574 1426 2628 vocatione
1454 2573 1618 2627 divini
1642 2573 1869 2626 nominis
1898 2577 1950 2626 et
1973 2575 2216 2642 respectu

272 2670 411 2724 beati
447 2669 590 2724 Petri
636 2670 896 2739 quesierit.
971 2671 1264 2741 Episcopus
1314 2674 1489 2725 autem
1525 2670 1671 2740 prius
1710 2669 1860 2723 nobis
1899 2669 1955 2722 in
1993 2667 2216 2739 epistola

272 2783 366 2819 sua
405 2766 660 2835 quaedam
695 2766 911 2834 indigna
950 2767 1013 2820 de
1052 2767 1161 2820 eius
1203 2767 1401 2820 actibus
1439 2766 1776 2820 indicaverat.
1854 2764 1925 2818 Ut
1960 2765 2122 2832 igitur
2158 2765 2215 2817 in

270 2861 368 2915 hac
407 2856 746 2930 ambiguitate
783 2863 956 2915 neutri
994 2863 1132 2931 quod
1167 2863 1362 2916 iustum
1397 2866 1478 2916 est
1503 2862 1759 2930 denegare
1783 2861 2072 2928 videamur,
2110 2860 2215 2913 fra-

270 2958 568 3012 ternitatem
607 2962 751 3011 tuam
790 2975 1035 3026 rogamus
1075 2962 1127 3012 et
1165 2958 1451 3028 apostolica
1489 2958 1796 3011 auctoritate
1833 2961 1893 3010 ut
1928 2957 2063 3009 hanc
2093 2973 2214 3009 cau-

272 3072 385 3108 sam
423 3054 676 3124 suscipiat
713 3070 1094 3122 ammonemUS,
1145 3058 1198 3107 et
1245 3071 1385 3122 eam,
1434 3054 1672 3121 diligenti
1709 3053 2047 3123 inquisitione
2095 3068 2214 3121 per-

272 3152 559 3219 cognitam,
609 3167 668 3204 eo
709 3150 889 3203 ordine
929 3166 1030 3219 quo
1070 3149 1318 3203 canonica
1352 3150 1596 3204 instituta
1631 3149 1963 3219 praecipiunt
1999 3147 2216 3201 tractari

272 3250 324 3301 et
361 3246 576 3300 diffiniri
612 3247 794 3313 faciat3
836 3231 1122 3316 procurans
1157 3245 1420 3315 equidem:
1461 3248 1522 3297 ut
1556 3245 1656 3298 iste
1695 3261 1814 3298 cum
1851 3248 1998 3297 tanto
2036 3243 2214 3296 mode-

270 3343 472 3397 ramine
511 3347 564 3397 et
601 3343 701 3396 sibi
726 3346 1033 3397 conservata
1056 3342 1259 3395 iustitia
1285 3341 1350 3394 ad
1379 3340 1697 3393 audientiam
1724 3340 2048 3407 admittatur,
2088 3355 2214 3407 qua-

271 3442 423 3492 tenus
449 3456 553 3492 non
579 3440 634 3493 in
661 3456 866 3493 cassum
907 3438 1248 3510 apostolicam
1285 3436 1700 3490 misericordiam
1739 3439 1791 3489 et
1830 3436 1940 3489 eius
1968 3434 2216 3503 suffragia

273 3535 504 3603 quesisse
541 3535 796 3589 videatur.
854 3535 994 3589 Data
1022 3533 1311 3590 Bibianello
1352 3536 1383 3588 8
1410 3533 1531 3587 Idus
1557 3532 1775 3603 Aprilis,
1814 3531 2097 3585 indictione
2128 3532 2212 3585 15.

389 3629 429 3671 1.
461 3628 720 3673 Heinricum
749 3630 784 3673 I.
1613 3647 1646 3673 a.
1677 3635 1853 3673 libertate
1881 3651 1913 3673 c.

2274 365 2385 408 1077

2237 425 2346 462 Mart.
2365 426 2412 463 25

2252 1716 2365 1760 1077

2242 1778 2333 1825 Apr.
2354 1777 2376 1813 6
