2722 4172
560 261 662 314 108
991 274 1263 314 GREGORJI
1298 274 1380 312 vn
1414 273 1676 313 REGISTRI
1710 274 1734 313 1
1760 275 1820 313 85.
1846 276 1906 314 86.
1938 277 1982 315 11
2008 277 2043 314 1.

396 397 510 442 1074
554 395 740 461 stante,
780 392 953 446 sedem
990 391 1163 461 pariat
1200 395 1252 445 et
1287 390 1556 445 laetitiam.
1615 391 1754 446 Data
1789 393 1844 446 in
1870 394 2211 464 expeditione,
2253 394 2316 448 ad
2345 393 2475 448 San-

373 457 453 495 hm'
473 458 520 496 ¹⁵
553 492 694 542 ctum
729 484 1063 542 Flabianum¹
1104 489 1168 542 17
1208 487 1464 542 Kalendas
1504 486 1637 558 Iulii,
1677 489 1958 546 indictione
2001 493 2082 545 12.

548 658 574 722 Ι
607 663 707 723 86.
749 666 834 719 De
881 668 1136 738 episcopie
1182 670 1488 721 consecratis
1536 669 1837 739 synodoque
1894 669 2071 722 habita
2107 671 2286 740 primo
2335 686 2472 722 anno

753 759 998 832 Greyorii
1032 763 1146 816 VII
1164 783 1360 835 papae.

387 878 500 922 1073
691 870 751 925 In
787 871 884 926 hoc
920 873 1090 943 primo
1130 891 1264 928 anno
1302 872 1632 944 pontificatus
1671 874 1752 928 sui
1788 875 1902 945 ipse
1939 874 2158 928 domnus
2192 873 2471 944 Gregorius

370 939 449 1042 hmj
468 939 516 976 3⁰
543 984 683 1037 papa
728 968 995 1023 constituit
1042 974 1094 1024 et
1140 971 1458 1025 consecravit
1505 971 1916 1042 archiepiscopos
1965 974 2017 1024 et
2064 971 2332 1042 θΡΪΕΜὯΡΟει
2377 987 2473 1042 per

368 1046 516 1145 &²739
545 1063 751 1117 diversa
785 1064 922 1119 loca:
962 1066 1017 1119 in
1045 1065 1286 1121 Sardinia
1322 1067 1590 1137 provincia
1624 1067 1867 1122 Iacobum
1904 1067 2349 1139 archiepiscopum
2373 1066 2472 1122 Ca-

542 1161 847 1230 ralitanum,
906 1161 1303 1216 Constantinum
1360 1163 1803 1234 archiepiscopum
1860 1164 2171 1217 Turrensem
2181 1159 2217 1232 ²,
2286 1163 2470 1233 quibus

542 1258 704 1328 pallia
740 1275 856 1312 cum
894 1259 1180 1329 privilegiis
1215 1260 1381 1326 dedit3
1420 1259 1652 1314 Brunoni
1677 1260 1917 1331 episcopo
1942 1259 2230 1314 Veronensi
2253 1259 2472 1330 pallium

542 1371 660 1408 cum
684 1355 955 1425 privilegio
979 1359 1030 1409 et
1053 1356 1217 1409 nacho
1231 1352 1249 1379 ³
1270 1352 1571 1423 concessit⁴;
1599 1356 1878 1411 Iohannem
1899 1355 2153 1410 Soranum
2173 1357 2473 1427 episcopum

542 1452 885 1519 consecravit,
923 1452 1047 1505 item
1086 1452 1141 1505 in
1179 1453 1409 1506 marchia
1445 1451 1694 1506 Firmana
1730 1453 2111 1508 Trasmundum
2143 1452 2469 1522 Valvensem,

542 1548 836 1602 Teuzonem
874 1548 1163 1617 Teatinum‚
1201 1548 1429 1603 Leonem
1467 1549 1768 1619 episcopum
1803 1549 1859 1602 in
1893 1548 2180 1619 Campania
2203 1549 2469 1618 Aquinen-
2545 1621 2551 1625 θ

541 1661 677 1712 sem,
726 1644 998 1712 Hugonem
1045 1645 1101 1698 in
1144 1644 1445 1713 Burgundia
1481 1647 1726 1701 Diensem
1737 1643 1771 1715 ⁵,
1820 1644 2192 1699 Landericum⁶
2241 1645 2369 1700 item
2412 1645 2470 1699 in

538 1739 840 1808 Burgundia
876 1738 1357 1810 Matisconensem⁶‚
1398 1741 1732 1796 Guilielmum
1769 1742 1826 1795 in
1862 1741 2126 1795 Maritima
2152 1741 2466 1796 Massanum.

393 1844 509 1889 1074
540 1836 832 1890 Celebravit
856 1836 1049 1892 Romae
1088 1838 1341 1907 synodum
1355 1834 1388 1906 ⁷,
1427 1838 1483 1891 in
1522 1855 1639 1907 qua,
1677 1837 1844 1892 interb
1871 1828 2043 1892 cetera
2071 1855 2202 1908 quae
2225 1838 2300 1893 ibi
2323 1841 2471 1907 gesta

396 1906 504 1943 Mart'
539 1937 673 2002 sunt,
714 1934 1180 1988 excommunicavit
1218 1937 1370 2003 atque
1410 1935 1869 1989 anathematizavit
1904 1934 2187 1989 Robertum
2225 1933 2468 1990 Guiscar-

537 2030 662 2083 dum
708 2031 890 2084 ducem
927 2029 1151 2101 Apuliae
1200 2034 1252 2084 et
1301 2030 1572 2085 Calabriae
1620 2035 1774 2101 atque
1813 2031 2019 2086 Siciliae
2065 2048 2183 2085 cum
2230 2031 2468 2086 omnibus

534 2126 822 2181 fautoribus
861 2127 984 2197 suis,
1025 2144 1289 2197 quousque
1326 2127 1669 2198 resipisceret.

1186 2254 1412 2288 EXPLICIT
1441 2255 1587 2287 LIBER
1614 2253 1808 2288 PRIMUS.

1273 2426 1336 2472 [N
1365 2426 1470 2470 DEI
1500 2425 1727 2471 NOMINE

535 2524 1106 2605 INCIPIT
1182 2525 2458 2607 LIBERSECUNDUS

941 2648 1226 2702 Rneisrm
1258 2649 1549 2702 GREGORH
1579 2649 1780 2702 PAPAE
1815 2649 2056 2703 SEPTIMI

636 2756 778 2788 anno
810 2742 1123 2787 dominicae
1154 2743 1572 2788 incarnationis
1603 2744 1900 2788 millesimo
1931 2745 2354 2802 septuagesimo

1029 2820 1250 2873 quarto,
1282 2817 1601 2862 indictione
1632 2817 1971 2862 duodecima.

533 2930 585 2992 Π
621 2935 674 2991 l.
730 2938 1046 2990 Britanniae
1091 2941 1344 3011 episcopis
1385 2950 1431 2992 et
1466 2939 1734 2991 abbatibus
1770 2942 2052 3011 praecipit,
2102 2952 2160 2994 ut
2196 2941 2268 2993 ad
2303 2959 2458 3011 syno-

735 3035 860 3086 dum
899 3034 1096 3087 Romae
1138 3037 1418 3105 yerenclaon
1466 3037 1699 3101 veniant,
1749 3038 2066 3107 incestaeque
2111 3037 2458 3107 copulationes

726 3131 1052 3201 prohibeant.

367 3241 482 3286 1074
681 3232 959 3302 Gregorius
1000 3234 1271 3306 episcopus
1303 3252 1480 3289 servus
1507 3251 1771 3288 servorum
1797 3233 1896 3288 Dei
1921 3235 2175 3289 universis
2202 3235 2458 3307 episcopis

345 3302 437 3350 Aug'
456 3305 504 3342 ²8
535 3334 587 3384 et
625 3330 898 3384 abbatibus
937 3330 1239 3384 Britanniae
1278 3331 1498 3386 salutem
1538 3337 1589 3386 et
1615 3329 1951 3402 apostolicam
1976 3332 2400 3387 benedictionem.

649 3459 682 3484 a.
718 3450 773 3485 sic
799 3451 974 3496 scriplum
1001 3456 1057 3486 est
1082 3462 1190 3497 super
1215 3448 1429 3487 Rodulfum.
1539 3450 1575 3487 b.
1602 3450 1700 3486 inter
1722 3468 1762 3474 -
1783 3450 1887 3495 gesta
1914 3451 2000 3486 sunt
2027 3451 2181 3487 addidit
2207 3452 2288 3488 alia
2314 3465 2456 3489 manus.

653 3519 693 3562 1.
725 3519 879 3577 Fiano,
910 3520 956 3564 in
987 3519 1172 3565 dextera
1202 3521 1378 3566 Tiberis
1408 3521 1451 3565 fl.
1483 3521 1593 3578 ripa,
1626 3534 1653 3564 a
1683 3519 1831 3565 Sutrio
1860 3520 1975 3564 inter
2006 3522 2221 3566 orientem
2252 3525 2298 3567 et
2326 3522 2455 3567 meri-

534 3591 667 3635 diem.
796 3594 837 3636 2.
870 3594 925 3638 V.
959 3606 1028 3650 ep.
1050 3595 1105 3638 41
1137 3608 1272 3652 supra
1299 3609 1343 3652 p.
1367 3595 1437 3640 59.
1574 3595 1614 3639 3.
1646 3607 1809 3651 magno
1841 3594 1944 3650 equi
1973 3596 2185 3651 stragulo.
2310 3596 2353 3640 4.
2386 3594 2454 3641 Of.

534 3677 603 3721 ep.
629 3666 685 3709 24
723 3678 859 3722 supra
895 3681 939 3723 p.
961 3667 1033 3710 41.
1182 3668 1223 3712 5.
1265 3669 1379 3712 1074
1415 3669 1544 3712 Mart.
1570 3669 1611 3712 9.
1658 3669 1714 3713 V.
1743 3668 1940 3724 Regesta
1975 3672 2097 3724 pont.
2128 3669 2256 3713 Rom.
2286 3683 2330 3726 p.
2352 3669 2453 3714 409.

534 3739 575 3783 6.
615 3739 671 3784 V.
705 3751 774 3795 ep.
798 3741 853 3784 76
885 3753 1020 3796 supra
1048 3754 1092 3797 p.
1115 3741 1185 3785 95.
1335 3743 1375 3785 7.
1418 3742 1532 3786 1074
1561 3741 1732 3786 Marti0.
1772 3742 1828 3787 V.
1849 3742 1959 3798 Reg.
1981 3745 2104 3798 pont.
2126 3742 2254 3787 Rom.
2285 3757 2329 3800 p.
2350 3743 2451 3787 409.
