2730 4198
479 270 587 323 612
978 286 1325 325 Bom‘rfloms
1363 289 1440 324 AD
1480 288 1708 326 AMICUM
1744 289 1851 325 LIB.
1880 289 1923 326 11

197 404 447 450 395-408
479 404 531 454 et
567 400 828 456 Honorius
873 401 970 455 filii
1015 403 1124 456 eius
1171 402 1489 471 habuerunt,
1539 403 1679 470 leges
1731 403 1794 456 ab
1835 404 1908 457 eis
1946 405 2307 474 promulgatae
2344 411 2421 461 te-

479 500 683 551 stantur
728 498 786 551 in
829 498 967 552 huno
1013 498 1251 551 modum:
1307 500 1652 570 Imperatores
1670 495 1682 519 ¹
1718 501 2018 554 Archadius
2068 512 2116 554 et
2151 502 2420 556 Honorius

477 596 689 663 auqusti
717 593 1014 647 Theodoro'
1032 596 1242 664 presidi
1272 595 1519 665 prefecto.
1583 595 1650 649 Si
1687 598 1803 665 quis
1841 598 1899 648 in
1937 597 2032 650 hoc
2066 616 2229 667 qenus
2255 601 2420 651 sacri-

478 688 602 759 leqii
637 692 940 756 incurrerit,
990 701 1072 756 ut,
1124 693 1181 743 in
1221 691 1468 743 aecclesia
1507 691 1762 743 catholica
1797 694 2029 758 irruens,
2070 694 2421 747 sacerdotibus

477 795 524 838 et
559 788 812 839 ministris
836 787 918 838 vel
941 788 1049 856 ipsi
1074 788 1237 839 cultui
1262 787 1473 857 locoque
1499 787 1705 856 aliquid
1729 790 1972 858 importet
1995 791 2239 855 iniuriae,
2283 792 2424 860 quod

471 883 698 950 qeritur,
752 886 785 934 ά
821 884 1090 952 provincie
1137 884 1417 936 rectoribus
1465 885 1914 936 animadvertatur
1924 903 1942 945 ‚-
1990 895 2144 954 atque
2181 888 2257 939 ita
2286 905 2420 957 pro-

474 979 675 1029 vinciae
717 978 1031 1044 moderator,
1077 980 1401 1032 sacerdotum
1440 989 1486 1031 et
1523 979 1805 1031 catholicae
1843 980 2118 1032 aecclesiae
2153 983 2420 1035 ministro-

474 1091 608 1138 rum,
652 1073 754 1125 loci
790 1092 993 1144 quoque
1030 1077 1198 1144 ipsius
1236 1085 1283 1128 et
1307 1076 1478 1127 divini
1503 1075 1666 1127 cultus
1692 1076 1947 1127 iniuriam
1973 1077 2192 1145 capitali
2214 1080 2272 1129 in
2298 1095 2420 1129 con-

473 1171 632 1221 victos
670 1171 777 1222 sive
817 1170 1076 1239 confessos
1114 1173 1364 1224 sententia
1400 1173 1604 1223 noverit
1633 1189 1737 1223 esse
1761 1172 2150 1224 vindicandum.
2206 1170 2278 1225 Et
2302 1176 2424 1241 post

473 1279 665 1332 pauca:
717 1264 901 1334 Sitque
939 1268 1136 1318 cunctis
1176 1267 1463 1331 laudabile,
1490 1267 1673 1335 factas
1713 1277 1910 1319 atroces
1949 1269 2298 1322 sacerdotibus
2337 1271 2422 1321 in-

473 1361 642 1412 iurias
679 1360 818 1414 velut
845 1362 1119 1431 publicum
1158 1364 1351 1414 crimen
1387 1365 1595 1432 insequi
1632 1373 1679 1415 et
1715 1365 1779 1415 de
1816 1363 2005 1416 talibus
2044 1365 2292 1418 ultionem
2316 1383 2422 1418 me-

473 1458 583 1507 reri
620 1453 750 1508 eto.¹'

189 1551 443 1596 450-455
623 1549 758 1613 Quid
797 1567 918 1604 vero
957 1550 1207 1604 Martiani
1245 1556 1296 1606 et
1326 1552 1679 1606 Valentiniani
1716 1555 1806 1624 pia
1844 1554 2067 1609 dualitas
2108 1556 2174 1609 ad
2212 1556 2423 1610 beatum

472 1663 667 1716 papam
705 1645 936 1700 Leonem
975 1647 1260 1717 scripserit,
1303 1648 1601 1702 audiamus:
1653 1661 1700 1702 et
1737 1647 1911 1704 tuam²
1949 1651 2190 1720 inquiens
2228 1655 2421 1705 sancti-

471 1754 646 1809 tatem,
694 1746 1055 1814 principatum
1091 1746 1149 1796 in
1189 1746 1520 1814 episcopatu⁰
1546 1747 1682 1813 fidei
1711 1749 2090 1817 possidentem,
2132 1751 2297 1800 sacris
2338 1749 2422 1801 lit«

471 1842 592 1892 teris
631 1843 689 1892 in
718 1842 994 1911 principio
1034 1842 1228 1892 iustum
1264 1843 1518 1893 credimus
1545 1843 1928 1912 alloquendam,
1970 1846 2245 1897 invitantes
2272 1855 2426 1914 atque

470 1947 730 2006 roqantes,
770 1947 830 1990 ut
857 1955 964 2007 pro
990 1937 1244 2004 firmitate
1281 1940 1450 1990 nostri
1485 1940 1697 2008 imperii
1734 1949 1780 1991 et
1816 1950 1954 1992 statu
1992 1951 2255 1993 aeternam
2287 1942 2423 1993 divi-

470 2035 685 2086 nitatem
723 2044 816 2086 tua
852 2035 1102 2086 sanctitas
1143 2034 1459 2103 deprecetur.

621 2127 855 2192 Qualiter
896 2132 1069 2182 autem
1097 2127 1487 2197 Constantinus,
1527 2146 1631 2182 non
1670 2130 1758 2184 ille
1796 2131 2016 2200 primuS,
2058 2136 2138 2185 set
2175 2131 2308 2185 alter
2339 2147 2424 2185 oo-

469 2224 714 2292 gnomine
758 2224 909 2295 piusd
946 2224 1235 2295 imperator
1274 2225 1544 2294 scripserit
1583 2225 1771 2279 domno
1810 2243 1947 2296 pape
1987 2227 2265 2280 advertite:
2315 2229 2425 2280 Per

469 2321 645 2373 Deum
682 2321 923 2390 inquiens
966 2324 1360 2391 omnipotentem
1397 2341 1504 2374 non
1543 2333 1616 2374 est
1653 2325 1798 2392 apud
1834 2342 1928 2375 nos
1950 2326 2126 2392 partis
2153 2324 2424 2377 cuiuslibet

456 2417 642 2485 favor,
684 2428 759 2470 set
796 2418 1127 2487 equalitatem
1164 2419 1397 2486 utrisque
1418 2418 1658 2487 partibus
1687 2419 2085 2484 observabimus,
2126 2420 2419 2472 nullatenus

470 2515 817 2566 necessitatem
840 2514 1102 2582 facientes
1138 2516 1197 2565 in
1236 2531 1541 2583 quocunque
1580 2515 1807 2584 capitulo
1849 2517 1937 2579 eis,
1982 2517 2076 2584 qui
2108 2519 2141 2566 ά
2166 2516 2310 2567 vobis
2337 2516 2420 2567 di-

473 2609 706 2678 liquntur
756 2628 962 2680 quoquo
1012 2611 1164 2662 modo
1177 2649 1192 2674 ,
1244 2620 1319 2662 set
1365 2612 1507 2661 omni
1551 2611 1743 2662 bonore
1788 2613 2092 2680 competenti
2129 2621 2173 2663 et
2209 2611 2419 2678 munifi-

471 2707 638 2757 centia
687 2716 734 2758 et
769 2708 1088 2776 susceptione
1126 2707 1312 2775 diqnos
1353 2724 1435 2758 eos
1475 2706 1786 2758 habebimus.
1845 2707 1919 2760 Et
1954 2709 2004 2759 si
2041 2708 2248 2777 quidem
2286 2709 2418 2760 utri-

473 2819 569 2870 que
608 2804 957 2867 convenerint,
1009 2820 1118 2854 ecce
1157 2802 1278 2853 bene
1287 2821 1305 2863 ‚·
1352 2803 1435 2853 sin
1475 2813 1645 2854 autem
1681 2804 1892 2854 minime
1931 2806 2280 2868 convenerint,
2322 2805 2415 2855 ite-

469 2904 613 2948 rum⁰
641 2916 757 2950 cum
793 2900 936 2951 omni
959 2899 1278 2950 humanitate
1305 2916 1387 2949 eos
1415 2900 1486 2950 ad
1511 2917 1600 2950 vos
1628 2900 1927 2967 diriqemus.
1985 2898 2057 2951 Et
2080 2902 2201 2968 post
2224 2913 2416 2967 pauca:

472 2992 704 3046 Invitare
754 2996 889 3046 enim
940 3004 986 3047 et
1029 3012 1219 3063 roqare
1255 3012 1536 3064 possumus
1584 2995 1657 3046 ad
1696 3012 1894 3046 omnem
1933 2996 2336 3047 emendationem
2373 3004 2420 3046 et

470 3092 722 3142 unitatem
760 3092 989 3143 omnium
1027 3091 1446 3155 christianorum,
1487 3092 1836 3143 necessitatem
1873 3109 1992 3143 vero
2022 3091 2218 3159 inferre
2242 3090 2415 3142 nulla-

471 3194 615 3237 tenus
654 3186 906 3240 volumus.

591 3327 624 3353 a.
659 3318 825 3366 sequitur
851 3318 889 3354 in
916 3317 1001 3354 cod.
1027 3306 1080 3365 p⁸p
1106 3316 1252 3364 presidi
1276 3316 1458 3365 prefecto.
1612 3315 1650 3355 b.
1684 3315 1727 3355 E.
1747 3328 1779 3354 c.
1808 3333 1839 3355 c.
1995 3327 2026 3353 c.
2062 3315 2210 3353 divinae
2237 3329 2308 3352 om.
2330 3314 2414 3352 cod.

471 3380 509 3418 d.
543 3376 615 3430 1¹)us
642 3396 673 3420 c.
830 3394 863 3419 e.
895 3381 966 3419 1tffi
992 3398 1024 3421 c.

590 3454 630 3496 1.
676 3453 1011 3510 „Imperatores
1044 3478 1098 3484 —
1138 3466 1241 3497 esse
1278 3452 1634 3498 vindicandum“
1676 3458 1723 3498 et
1765 3452 1952 3511 „Sitque
1984 3477 2038 3483 —
2068 3451 2284 3496 ultionem
2323 3464 2415 3496 me-

472 3525 594 3569 reri“
629 3539 687 3571 ex
716 3527 954 3571 Iustiniani
984 3526 1093 3571 Cod.
1126 3527 1178 3570 L.
1200 3527 1223 3570 I
1251 3527 1319 3570 tit.
1342 3527 1383 3584 3,
1414 3527 1442 3570 1.
1467 3527 1537 3572 10.
1669 3527 1711 3570 2.
1755 3527 1927 3584 „Tuam
1950 3550 2005 3556 —-
2027 3523 2325 3581 deprecetur“
2360 3537 2416 3568 ex

472 3598 776 3644 Valentiniani
816 3604 863 3644 et
898 3600 1115 3645 Marciani
1155 3601 1346 3658 epistola
1383 3600 1429 3644 in
1470 3599 1582 3656 Opp.
1614 3598 1659 3644 S.
1690 3598 1855 3643 Leonis
1894 3597 2047 3654 Magni
2085 3597 2157 3642 ed.
2186 3597 2416 3642 Ballerinii

471 3670 526 3714 T.
548 3671 571 3714 I
601 3673 773 3716 1017-
787 3674 915 3717 1019.
