2730 4198
602 297 708 351 396
1079 307 1348 346 GREGoun
1387 307 1463 342 vn
1502 303 1763 342 REGISTRI
1802 305 1879 341 vn
1906 303 2055 340 1213.

456 432 572 476 1080
601 431 762 482 tatem
810 431 953 480 tuam
1002 441 1065 477 ex
1113 427 1262 493 parte
1307 420 1675 491 omipotentis
1714 419 1813 473 Dei
1860 435 1954 488 per
1993 418 2356 473 auctoritatem
2393 419 2533 473 beati

452 493 526 530 lan.
551 494 573 530 3

446 1391 555 1433 1080

424 1451 499 1487 Ian.
522 1451 570 1487 30

602 523 742 577 Petri
790 536 1082 587 monemuS,
1129 522 1210 586 ut,
1259 517 1302 570 si
1350 521 1401 570 te
1449 517 1501 569 in
1551 516 1648 568 hac
1695 531 1853 568 causa
1898 513 2208 584 culpabilem
2247 514 2532 583 cognoscis,

601 618 798 688 potius,
848 632 1000 684 quam
1041 614 1212 682 aliquo
1252 612 1470 666 seculari
1518 610 1723 679 ingenio
1763 614 1815 662 te
1854 609 2207 663 excusandum
2246 608 2532 678 existimeS,

602 712 808 766 studeas
858 711 1082 763 animam
1130 713 1274 762 tuam
1322 725 1413 778 per
1464 707 1646 774 dignos
1693 705 1892 758 fructus
1935 704 2254 774 penitentiae
2291 703 2530 759 liberare.

600 807 738 861 Data
774 806 967 859 Romae
1006 807 1038 858 3
1076 804 1251 857 Nonas
1289 802 1532 871 Ianuarii,
1571 801 1850 855 indictione
1890 801 1938 854 3.

601 977 704 1039 VII
735 981 831 1038 13.
872 982 1181 1035 Theoderico
1210 983 1447 1050 episeopo
1479 979 1793 1032 Virdunensi
1815 977 2047 1042 mandat,
2074 986 2133 1030 ut
2155 978 2212 1028 in
2237 978 2436 1046 synodo
2463 978 2535 1030 ad

784 1079 1186 1147 satisfactionem
1216 1086 1365 1146 coyat
1388 1075 1723 1144 Arnulphum
1762 1075 2010 1146 comitem,
2053 1074 2146 1142 qui
2171 1072 2480 1126 Heinm'eum
2503 1072 2541 1126 I

786 1176 1080 1244 episcopum
1112 1172 1447 1224 Leodiensem
1484 1172 1741 1239 direptum
1780 1171 1998 1238 eoeyerit
2033 1169 2105 1220 ad
2139 1170 2442 1234 iurandum,
2481 1187 2534 1223 ee

784 1287 875 1321 nee
900 1268 1077 1321 ablata
1110 1269 1445 1337 repetiturum
1481 1277 1528 1319 et
1551 1268 1755 1317 veniam
1778 1265 1863 1317 illi
1887 1265 1950 1316 ab
1976 1266 2092 1334 ipso
2118 1266 2530 1334 impetraturum.

748 1376 1026 1445 Gregorius
1074 1376 1345 1446 episcopus
1395 1392 1574 1429 servus
1622 1391 1888 1428 servorum
1927 1372 2027 1426 Dei
2065 1373 2378 1427 Theoderico
2415 1372 2533 1427 Vir-

598 1473 817 1526 dunensi
855 1472 1095 1541 episcopo
1136 1471 1355 1524 salutem
1396 1474 1447 1524 et
1485 1465 1823 1540 apostolicam
1860 1469 2288 1522 benedictionem.

743 1566 986 1620 Pervenit
1025 1567 1090 1619 ad
1127 1583 1222 1619 nos
1259 1566 1437 1619 fratris
1477 1569 1529 1618 et
1567 1565 1858 1635 coepiscopi
1897 1564 2065 1617 nostri
2103 1561 2364 1619 Heinrici¹
2399 1563 2533 1619 Leo-

596 1662 819 1716 dicensis
858 1662 1031 1730 gravis
1070 1661 1354 1714 calamitas
1415 1660 1578 1724 Quem
1618 1661 1682 1714 ad
1719 1660 2073 1730 apostolorum
2105 1660 2288 1714 limina
2322 1661 2533 1716 venien-

595 1762 699 1812 tem
737 1757 1040 1827 Arnulphus
1080 1753 1297 1825 comes²,
1336 1756 1489 1810 rebus
1530 1757 1636 1808 suis
1677 1756 1915 1810 omnibus
1955 1773 2082 1825 quas
2123 1773 2296 1810 secum
2333 1757 2535 1818 ferebat

596 1849 958 1923 expoliatum³,
1007 1852 1072 1905 ad
1121 1856 1456 1920 augmentum
1499 1852 1762 1920 nequitiae
1806 1856 1925 1922 post
1963 1869 2173 1906 suorum
2214 1854 2534 1923 ereptionem

596 1949 846 2019 compulit
881 1948 1068 2016 gladiis
1105 1948 1303 2002 iurare:
1347 1948 1483 2017 quod
1522 1947 1695 2001 ablata
1720 1964 1988 2016 nunquam
2012 1953 2288 2019 repeteret,
2319 1952 2372 2003 et
2396 1949 2535 2018 quod

596 2061 627 2097 a
651 2044 800 2098 nobis
829 2061 984 2114 super
1010 2044 1102 2097 tali
1127 2048 1375 2112 tantoque
1401 2043 1631 2096 facinore
1658 2043 1757 2097 sibi
1782 2044 1990 2097 veniam
2015 2045 2335 2114 impetraret.
2386 2044 2534 2109 Quod

593 2139 822 2194 immane
858 2139 1114 2208 flagitium
1153 2144 1212 2192 ut
1239 2140 1588 2207 cognovimUS,
1629 2139 1860 2208 profecto
1896 2140 2228 2194 vehementer
2255 2140 2531 2209 doluimuS,
2569 2124 2571 2126 ‚

595 2252 714 2289 cum
759 2239 975 2306 propter
1019 2235 1325 2304 impeditam
1372 2235 1550 2287 fratris
1598 2235 1765 2287 nostri
1803 2235 2130 2288 devotionem
2167 2239 2280 2288 tum
2316 2239 2534 2306 propter

595 2330 735 2384 illius
784 2330 1140 2384 detestabilem
1190 2330 1474 2383 audaciam.
1541 2329 1682 2392 Quae
1730 2330 1833 2382 nisi
1880 2330 2037 2397 digna
2085 2330 2532 2385 animadversione

595 2426 858 2480 vindicata
892 2426 1065 2494 fuerit,
1103 2429 1283 2493 restat,
1323 2430 1382 2479 ut
1419 2425 1467 2479 ei
1505 2424 1714 2493 suisque
1753 2425 2026 2494 similibus,
2067 2426 2112 2479 si
2149 2443 2250 2494 qua
2276 2425 2534 2480 deteriora

597 2527 718 2574 sunt
756 2525 808 2575 et
844 2525 1086 2591 possunt,
1125 2521 1462 2591 perpetrandi
1501 2522 1813 2575 concedatur
1850 2521 2065 2574 occasiO.
2143 2520 2530 2590 Verumtamen,

595 2632 661 2669 ne
697 2615 831 2670 forte
867 2616 1155 2670 iudicemur
1191 2616 1365 2686 potius
1409 2617 1517 2671 irae
1562 2617 1828 2671 consulere
1867 2633 2023 2685 quam
2060 2633 2245 2687 parere
2280 2616 2530 2686 iustitiae,

595 2710 832 2764 volumus
871 2716 1026 2781 atque
1065 2711 1348 2781 apostolica
1375 2714 1682 2767 auctoritate
1715 2713 2090 2783 praecipimus:
2131 2716 2190 2766 ut
2226 2712 2528 2767 fraternitas

595 2811 687 2860 tua
735 2824 1064 2876 quoscunque
1111 2811 1285 2878 potest
1329 2809 1598 2878 episcopos
1645 2808 1856 2862 abbates
1896 2808 2189 2863 sacerdotes
2229 2813 2281 2863 et
2317 2809 2530 2863 clericos

595 2903 801 2956 studeat
840 2903 1068 2956 adunare
1108 2907 1175 2971 ct,
1216 2908 1471 2957 conventu
1511 2904 1684 2958 habito
1725 2921 1879 2974 super
1904 2904 2002 2957 hac
2034 2921 2109 2973 re,
2147 2904 2296 2958 illum
2333 2905 2530 2975 impro-

595 2998 718 3052 bum
757 2999 823 3052 ad
861 2998 1235 3068 poenitentiam
1274 3003 1326 3053 et
1360 2999 1766 3053 satisfactionem
1790 3000 2028 3054 invitare.
2089 2999 2299 3069 Quodsi,
2337 3001 2394 3054 in
2419 3017 2530 3054 ma-

592 3093 709 3147 litia
746 3111 840 3147 sua
876 3095 1191 3164 perduranS,
1233 3098 1323 3147 aut
1359 3096 1734 3164 poenitentiam
1773 3113 1927 3164 agere
1967 3100 2057 3149 aut
2096 3076 2270 3149 ablata
2306 3094 2532 3149 noluerit

593 3189 750 3257 digna
787 3206 904 3244 cum
943 3190 1294 3243 satisfactione
1322 3191 1609 3260 restituere,
1651 3191 1896 3245 ecclesiae
1921 3191 2193 3245 introitum
2220 3194 2272 3243 et
2297 3191 2529 3260 corporis

594 3289 646 3339 et
694 3286 962 3353 sanguinis
1011 3285 1255 3338 dominici
1301 3287 1753 3358 participationem
1799 3291 1892 3341 tua
1940 3286 1987 3340 ei
2030 3285 2331 3339 fraternitas
2367 3285 2529 3340 inter-

713 3416 752 3458 1.
785 3416 820 3459 Ι.
941 3416 983 3459 2.
1023 3415 1080 3458 de
1112 3414 1258 3472 Chiny
1295 3417 1340 3470 (a
1369 3416 1571 3461 Virduno
1612 3418 1669 3461 ad
1699 3416 2073 3473 septemtriones).
2119 3416 2176 3461 V.
2208 3415 2425 3459 Friderici
2455 3427 2525 3472 ep.

591 3488 857 3532 Leodiensis
897 3488 1132 3544 epistolam
1174 3501 1244 3544 ap.
1273 3489 1472 3533 Martene
1514 3490 1623 3535 Coll.
1647 3492 1669 3534 I
1710 3491 1809 3534 654.
1989 3490 2030 3533 3.
2073 3489 2146 3532 die
2176 3490 2234 3533 24
2264 3489 2374 3533 Dec.
2399 3489 2527 3533 1079.

592 3560 648 3605 V.
672 3561 923 3617 apologiam
944 3561 1165 3605 Manassis
1185 3562 1207 3605 I
1238 3562 1559 3619 archiepiscopi
1579 3563 1814 3607 Remensis
1837 3565 1925 3619 (ap.
1948 3560 2160 3606 Mabillon
2183 3563 2417 3607 Musaeum
2437 3563 2526 3607 Ita-

590 3632 724 3677 licum
755 3634 778 3676 I
809 3635 915 3691 121,
947 3634 1148 3692 Tromby
1178 3633 1327 3679 Storia
1358 3636 1430 3679 del
1461 3637 1615 3680 ordine
1648 3636 1913 3681 Cartusiano
1943 3636 1966 3679 I
1996 3635 2221 3692 appendix
2250 3650 2294 3692 p.
2319 3637 2415 3690 19):
2456 3636 2528 3694 „in

591 3705 802 3763 episcopo
833 3707 1087 3765 Leodiensi‚
1119 3720 1253 3764 quem
1283 3721 1425 3765 nuper
1445 3710 1491 3753 in
1511 3709 1666 3766 vigilia
1685 3709 1848 3754 natalis
1868 3709 2051 3755 Domini
2070 3709 2278 3755 novimus
2300 3707 2526 3767 captum“.
