2730 4198
933 299 1190 338 Bonrrno
1229 301 1305 338 AD
1345 300 1573 339 AMICUM
2115 285 2224 339 593

279 429 465 468 succe
479 431 502 467 s
515 431 731 468 sorum
770 415 924 468 eius.
1044 415 1115 469 Et
1152 416 1210 469 in
1244 416 1412 469 Roma
1447 416 1677 469 nullum·
1715 414 1968 485 placitum
2011 420 2101 469 aut
2140 433 2223 469 or-

278 509 598 563 dinationem
634 509 791 563 faciet
829 511 893 564 de
933 512 1189 580 omnibw,
1231 529 1363 580 quae
1398 529 1534 582 pape
1563 515 1615 565 et
1639 511 1887 564 Romanis
1912 510 2178 580 pertinent
2185 510 2223 579 ¹’,

277 605 389 659 sine
427 605 644 659 consilio
684 605 863 659 domni
900 623 1052 677 pape.
1195 607 1268 661 Et
1306 607 1553 676 quicquid
1591 607 1654 660 de
1692 610 1834 660 terra
1872 605 2044 659 sancti
2081 604 2226 658 Petri

277 700 344 753 ad
381 701 491 754 eius
526 704 842 771 potestatem
880 719 914 755 v
926 720 952 756 e
963 703 1062 755 nit
1098 720 1131 756 v
1146 702 1204 755 el
1243 703 1443 770 veniet,
1482 701 1715 755 Romane
1755 701 2035 755 aecclesiae
2072 701 2226 754 resti-

275 799 403 848 tuet.
556 796 875 867 Cuicumque
924 801 1096 851 autem
1146 814 1367 864 regnum
1405 796 1645 850 Italicum
1684 797 1999 865 committet,
2050 796 2225 850 iurare

274 890 433 945 faciet
477 891 628 945 illum
641 911 653 946 :
704 897 764 946 ut
815 893 1022 946 adiutor
1070 893 1139 945 sit
1187 893 1375 945 domno
1423 909 1561 962 pape
1612 896 1672 945 et
1723 908 1747 944 s
1761 909 1796 944 u
1808 908 1835 945 c
1847 908 1875 945 c
1886 909 1913 945 e
1925 909 1948 945 s
1962 909 1986 944 s
2001 908 2029 945 o
2042 891 2189 945 ribu
2200 909 2224 944 s

277 987 380 1040 eiu
394 1003 417 1040 s
457 987 524 1040 ad
562 988 941 1042 defendendam
978 992 1175 1041 terram
1201 987 1368 1040 sancti
1393 986 1539 1040 Petri
1565 987 1850 1040 secundum
1877 1005 2027 1041 suum
2054 1005 2223 1058 posse.

278 1080 382 1135 Sic
421 1083 687 1138 adiuvet
723 1084 891 1138 Deus
932 1083 1199 1137 eundem
1238 1083 1536 1136 domnum
1574 1100 1788 1151 regem
1827 1082 2128 1137 Ottonem
2167 1088 2227 1137 et

275 1177 386 1232 hec
435 1184 661 1233 sancta
708 1179 1063 1247 euangelia
1103 1183 1164 1232 et
1202 1178 1317 1232 hec
1357 1183 1789 1233 sacrosancta
1828 1179 2222 1233 sanctuaria.

422 1297 515 1350 Ad
550 1299 791 1351 ultimum
814 1298 1063 1363 BonithO,
1107 1317 1223 1350 eum
1248 1298 1490 1351 Anselmi
1521 1300 1886 1351 verecundiam
1913 1309 2023 1351 tum
2048 1299 2223 1351 Deus-

276 1394 440 1446 dediti
474 1396 813 1447 rusticitatem
851 1396 1114 1459 devitans,
1155 1405 1375 1465 utroque
1411 1397 1544 1447 vieto
1586 1405 1631 1447 et
1670 1395 1979 1462 confidentia
2018 1406 2064 1448 et
2103 1414 2224 1447 eon-

274 1492 486 1555 stantia‚
517 1509 688 1542 omnes
715 1490 1044 1559 difficultates
1055 1491 1309 1560 funditus
1336 1492 1559 1544 sustulit.
1600 1492 1712 1543 Pro
1739 1531 1765 1558 „
1782 1491 2044 1556 honorem,
2076 1509 2226 1560 quem

274 1604 412 1637 nune
450 1586 604 1638 habes
645 1597 693 1639 et
720 1605 823 1656 per
847 1606 927 1639 me
952 1587 1223 1640 habiturus
1252 1590 1352 1640 eris
1369 1584 1395 1611 “
1425 1590 1639 1658 scripsit
1662 1589 1914 1639 nimirum
1939 1588 2044 1640 ita:
2088 1587 2223 1654 „ho-

274 1700 471 1747 norem,
514 1700 665 1752 quem
702 1683 856 1735 habes
873 1679 918 1734 “.
983 1683 1184 1736 Odiosa
1211 1684 1369 1736 verba
1398 1687 1738 1754 „promittere
1765 1694 1811 1736 et
1834 1686 2014 1736 iurare
2023 1683 2180 1752 facio
2196 1679 2223 1707 ‘⁶

277 1780 548 1830 exornavit
593 1778 824 1848 simplici
869 1779 963 1831 hoe
1009 1781 1192 1831 modo:
1256 1782 1542 1850 „promitto
1595 1790 1641 1832 et
1690 1782 1808 1832 iuro
1827 1776 1873 1831 “.
1953 1777 2228 1831 Cumulum

275 1892 395 1926 vero
435 1874 669 1941 artificii,
719 1876 1088 1943 yravissimam
1126 1893 1235 1927 rem
1271 1878 1329 1927 in
1353 1878 1691 1928 ‘contrariam
1730 1878 2092 1940 convertentis,
2145 1885 2224 1927 at-

278 1969 397 2021 tulit
431 1971 529 2021 isto
567 1969 825 2022 lemmate.-
872 1970 1037 2038 „Otto
1066 2003 1135 2009 —
1165 1973 1307 2025 dedit
1347 1972 1693 2042 corporale
1731 1966 2227 2024 sacramentum¹

276 2067 334 2116 in
372 2066 508 2117 hune
544 2062 817 2118 modum“.
932 2066 1308 2119 Formulam
1346 2068 1938 2133 Bonithonianam‚
1984 2086 2116 2138 quae
2154 2067 2225 2119 le-

273 2163 418 2230 yitur
454 2161 603 2230 infra
640 2163 697 2213 in
739 2162 870 2214 libro
898 2162 999 2228 IV,
1043 2174 1255 2216 exeunte
1292 2165 1495 2216 saeculo
1524 2164 1651 2216 XII
1679 2167 1737 2216 in
1777 2164 1968 2217 librum
2007 2165 2069 2216 de
2108 2183 2224 2216 een-

275 2257 416 2309 eibus
465 2257 703 2308 ecelesiae
743 2258 1014 2310 Romanae
1061 2261 1256 2329 recepit
1293 2258 1506 2313 Ceneius
1555 2263 1872 2312 camerarius¹
1884 2255 1919 2311 ².
1997 2261 2071 2313 Et
2118 2263 2226 2313 eius

259 2351 533 2421 formulae
573 2355 782 2423 quidem
819 2354 978 2406 verba
1015 2355 1141 2407 haee
1177 2365 1326 2408 sunt.-

387 2467 537 2522 Otto
577 2500 644 2507 —
688 2470 870 2524 dedit
921 2472 1264 2542 corporale
1313 2477 1790 2527 sacramentum
1838 2474 1905 2527 in
1951 2472 2114 2527 hunc

1101 2564 1398 2622 modum³.

277 2658 395 2713 Tibi
442 2659 629 2713 domno
679 2661 896 2715 Iohanni
943 2679 1113 2733 papae
1163 2681 1257 2732 ego
1306 2682 1403 2718 rex
1442 2664 1563 2718 Otto
1611 2666 1926 2735 promitto
1975 2671 2036 2721 et
2082 2668 2225 2722 iuro

275 2771 371 2824 per
408 2754 617 2810 Patrem
668 2760 721 2810 et
756 2756 950 2811 Filium
989 2763 1042 2812 et
1081 2758 1336 2830 Spiritum
1377 2765 1615 2814 sanctum
1654 2766 1707 2815 et
1741 2779 1837 2832 per
1874 2763 1999 2817 hoc⁰
2025 2763 2228 2831 lignum

274 2849 512 2905 vivificae
561 2853 728 2906 crucis
776 2857 828 2907 et
874 2870 968 2923 per
1004 2854 1099 2908 has
1140 2855 1388 2925 reliquias
1429 2860 1757 2910 sanctorum:
1809 2859 1972 2928 quod,
2025 2860 2070 2912 si
2107 2877 2226 2930 per-

274 2946 516 3001 mittente
554 2947 666 3001 Deo
704 2948 927 3002 Romam
964 2967 1173 3026 venero,
1226 2955 1460 3004 sanctam
1497 2951 1788 3006 Romanam
1829 2954 2135 3009 aecclesiam
2174 2960 2227 3009 et

275 3047 344 3111 te,
383 3048 641 3098 rectorem
677 3044 859 3114 ipsiuS‚
901 3046 1140 3099 exaltabo
1181 3047 1465 3100 secundum
1504 3065 1681 3102 meum
1707 3066 1876 3120 posse.
1990 3051 2063 3105 Et
2091 3069 2224 3105 nun-

275 3155 430 3207 quam
469 3141 635 3194 vitam
675 3144 765 3194 aut
805 3141 1041 3195 membra
1067 3158 1236 3211 neque
1262 3143 1438 3213 ipsum
1465 3144 1733 3215 honorem,
1775 3163 1956 3215 quem
1993 3147 2223 3216 habeS‚

272 3251 392 3289 mea
427 3236 697 3291 voluntate
737 3241 827 3291 aut
865 3254 1122 3292 consensu
1161 3242 1251 3292 aut
1286 3256 1402 3293 meo
1442 3241 1657 3295 consilio
1698 3246 1788 3295 aut
1825 3259 1944 3296 mea
1982 3244 2225 3298 exhorta-

394 3393 427 3420 a..
461 3383 671 3421 Romanum
699 3400 730 3421 c.
862 3385 898 3422 b.
933 3385 1100 3433 pertinet
1125 3386 1184 3423 ed.
1313 3398 1344 3424 c.
1379 3386 1454 3424 hoc
1480 3402 1549 3425 om.
1570 3389 1654 3426 cod.
1676 3391 1848 3436 Bonith.,·
1875 3399 1931 3428 est
1954 3405 2015 3439 ap.
2039 3393 2224 3430 cencium.

392 3462 432 3505 1.
465 3467 797 3507 sacramentum
828 3464 1059 3520 corporale
1089 3462 1340 3508 vocabatur
1369 3465 1438 3523 id,
1480 3467 1603 3523 quod
1633 3467 1691 3512 ab
1730 3468 1829 3524 ipso
1858 3468 2057 3525 iurante,
2089 3469 2224 3513 tactis

274 3535 563 3589 corporaliter
592 3537 839 3593 euangeliis
869 3550 1001 3581 cruce
1022 3538 1221 3593 reliquiis
1243 3542 1514 3597 sanctorum,
1545 3541 1814 3597 praestitum
1839 3545 1922 3586 est.
2044 3543 2086 3586 2.
2111 3542 2223 3586 Inde

274 3618 375 3650 eam
407 3607 548 3652 edidit
578 3609 780 3653 Pertzius
810 3610 930 3655 Mon.
954 3610 1105 3655 Germ.
1127 3611 1218 3655 LL.
1240 3611 1285 3656 II
1306 3613 1376 3656 29.
1497 3615 1539 3657 3.
1573 3615 1695 3671 apud
1716 3614 1932 3660 Cencium
1953 3615 2118 3672 legitur
2137 3615 2224 3660 hoc

274 3679 459 3724 lemma:
495 3682 835 3738 „Iuramentum
867 3685 1158 3740 corporaliter
1186 3686 1455 3742 praestitum
1469 3685 1506 3730 “.

348 3759 478 3802 Junt,
506 3763 740 3799 Bibliotheca
765 3766 810 3800 11.
1811 3770 1870 3813 38

2286 2490 2462 2528 Formula

2253 2542 2499 2580 Bonithonia-

2352 2606 2402 2631 na
