2730 4198
636 247 910 286 GREGORII
946 249 1026 285 vn
1061 248 1370 287 EPISTOLAE
1410 249 1754 288 COLLEOTAE.
1785 249 1846 286 13.
1874 248 1935 286 14.
2150 235 2258 289 535

316 383 430 421 cum
482 368 603 436 post
653 364 956 435 synodalem
997 365 1309 419 sententiam
1348 366 1403 419 in
1441 366 1748 420 Heinricum
1784 382 1962 434 regem
2000 365 2261 435 prolatam

316 461 522 516 dilectio
574 465 666 514 tua
710 461 926 515 minime
972 460 1178 515 differre
1219 461 1469 515 debuerit.
1546 452 1633 514 Ad
1672 461 1818 515 cuius
1856 461 2104 514 nimirum
2143 479 2260 515 sen-

314 558 508 612 tentiae
545 556 1016 627 promulgationem
1055 574 1175 624 nOS,
1215 557 1446 610 iustitiae
1486 557 1598 610 zelo
1636 557 1890 628 impulsos
1931 560 1983 610 et
2019 573 2126 609 non
2166 556 2260 610 ali-

315 669 419 723 qua
455 653 827 707 commotione⁰
864 653 1087 706 iniuriae
1125 652 1436 719 concitatoS,
1488 669 1701 705 manum
1741 651 2053 720 exeruisseb,
2093 669 2262 721 neque

314 749 600 803 sollertiam
638 752 785 802 tuam
821 749 1062 817 ignorare
1099 765 1266 817 neque
1305 747 1531 816 aliquem
1570 765 1728 801 sanae
1767 748 1957 801 mentis
1995 748 2260 801 hominem

312 848 558 915 putamus
607 861 760 915 posse
810 844 1088 912 ambigere.
1166 842 1311 907 Quod
1362 847 1538 896 tamen
1587 843 1632 895 si
1668 843 1724 895 in
1763 843 1976 896 dubium
2017 843 2261 912 cuiquam

314 941 597 1009 deveniret,
638 944 858 1008 constat,
900 940 1010 993 eius
1048 939 1126 992 rei
1163 938 1390 991 rationes
1431 938 1577 1008 prius
1618 955 1683 991 ex
1709 938 1859 992 nobis
1885 939 1996 992 fore
2024 943 2260 993 scrutan-

313 1037 435 1090 das⁰
475 1053 634 1106 quam
670 1037 725 1089 in
762 1036 912 1089 illum
936 1034 1314 1106 praeiudicium
1340 1034 1536 1087 factum
1563 1038 1759 1090 temere
1787 1051 1900 1088 esse
1927 1035 2256 1088 credendum.

311 1132 533 1201 Verum,
581 1136 844 1201 utcunque
891 1131 1066 1202 opinio
1115 1146 1228 1183 sese
1276 1128 1467 1182 habeat
1502 1129 1764 1184 factumve
1801 1130 2258 1201 interpretenturd,

311 1228 443 1282 illud
488 1227 668 1299 procul
717 1226 872 1280 dubio
924 1226 987 1279 de
1031 1226 1210 1279 divina
1247 1224 1525 1278 clementia
1563 1230 1834 1296 sperantes
1873 1228 2256 1298 promittimus:

310 1325 502 1379 festum
538 1323 678 1378 beati
702 1317 874 1375 Petri¹
898 1337 1003 1374 non
1040 1321 1187 1391 prius
1226 1321 1619 1391 transeundum,
1662 1340 1818 1392 quam
1858 1323 1912 1376 in
1953 1329 2258 1378 cunctorum

310 1420 497 1474 notitia
534 1418 821 1472 certissime
856 1416 1067 1485 clareat,
1106 1416 1256 1470 illum
1281 1417 1566 1471 iustissime
1594 1435 1705 1472 esse
1733 1420 2255 1474 excommunicatum.

308 1514 379 1569 Et
414 1515 640 1568 interea⁰
677 1513 1060 1567 fraternitatem
1097 1516 1243 1566 tuam
1281 1513 1592 1583 monemus‘,
1632 1519 1692 1569 ut
1724 1519 1893 1568 certos
1929 1533 2024 1570 nos
2051 1517 2259 1570 studeat

307 1611 495 1679 faeere,
533 1613 740 1664 utrumg
765 1609 876 1662 Deo
916 1608 1125 1662 obedire
1163 1626 1225 1662 an
1254 1609 1551 1664 hominibus
1578 1610 1748 1679 magis
1776 1611 1990 1679 elegerit
2015 1617 2258 1667 utrumve

305 1707 536 1760 iustitiae
576 1705 982 1776 obtemperando
1021 1703 1176 1758 fidem
1214 1705 1326 1760 Deo
1368 1709 1420 1760 et
1457 1711 1666 1761 sanctae
1703 1707 1969 1762 Romanae
2009 1708 2258 1763 ecclesiae

308 1802 600 1871 observare,
629 1819 785 1871 quam
810 1800 931 1855 filiis
956 1801 1249 1870 iniquitatis
1278 1802 1635 1856 adhaerendoh
1656 1804 1958 1858 conculcare
1978 1806 2254 1859 censuerit.

455 1898 718 1967 Rogamus
746 1898 925 1952 etiami
954 1901 1108 1966 atque
1133 1898 1442 1952 invitamus:
1470 1902 1529 1952 ut
1556 1899 1623 1953 ad
1649 1901 1921 1954 servitium
1947 1900 2088 1955 beati
2113 1900 2258 1955 Petri

306 2013 402 2067 pro
441 2012 594 2065 posse
632 1999 721 2048 tuo
760 1994 953 2048 milites
992 1994 1202 2047 mittere
1234 1993 1469 2062 studeas3
1513 2012 1704 2065 eosque
1743 1997 1789 2050 si
1815 1997 2106 2051 decreveris
2134 1997 2256 2052 mit-

306 2096 433 2160 tere,
472 2089 787 2145 Mathildaek
824 2089 962 2144 filiae
999 2094 1211 2143 nostrae
1236 2088 1504 2144 notificare
1529 2108 1794 2162 procureS,
1834 2093 1980 2147 cuius
2008 2110 2106 2164 ope
2133 2111 2254 2147 con-

306 2187 447 2242 ducti
476 2204 655 2241 secure
679 2187 884 2258 possint
911 2187 978 2240 ad
1002 2203 1096 2240 nos
1126 2190 1177 2240 et
1203 2186 1315 2240 sine
1341 2186 1734 2257 impedimentO,
1773 2188 1982 2244 favente
2008 2189 2252 2260 Domin0‚

303 2284 592 2356 pervenire.

311 2435 409 2493 14.
452 2438 703 2492 Omnibus
739 2439 987 2506 fidelibus
1035 2441 1092 2490 in
1130 2457 1290 2509 reqno
1338 2438 1619 2492 Teutonico
1658 2440 1862 2506 scribit,
1913 2458 1967 2492 se
2005 2442 2250 2506 audiisse,

451 2553 577 2587 num
613 2537 744 2587 iuste
767 2535 1049 2587 Heinricus
1074 2553 1168 2588 rex
1195 2538 1664 2588 excommunicatus
1689 2537 1774 2601 sit,
1818 2538 2074 2606 quosdam
2099 2537 2252 2590 dubi-

452 2641 578 2682 tare.
639 2627 834 2682 Causas
871 2633 1037 2700 icitur
1076 2634 1622 2685 excommunicationis
1663 2631 1922 2702 explicat'.

456 2738 736 2808 Gregorius
776 2740 1049 2811 episcopus
1090 2759 1270 2796 servus
1302 2759 1572 2795 servorum
1598 2741 1699 2796 Dei
1725 2742 1965 2796 omnibus
1993 2742 2251 2812 episcopis

305 2835 522 2889 ducibus
562 2835 837 2890 comitibus
868 2838 1189 2906 caeterisque
1226 2837 1484 2907 fidelibus,
1524 2838 1580 2891 in
1619 2855 1781 2906 regno
1809 2838 2252 2892 Teutonicorumm

304 2931 643 2985 christianam
692 2931 849 2986 fidem
890 2933 1311 3003 defendentibuS,
1363 2933 1586 2988 salutem
1625 2938 1677 2988 et
1717 2934 2056 3004 apostolicam
2094 2934 2251 2989 bene-

303 3027 599 3081 dictionem.

451 3124 781 3193 Audivimus,
822 3125 1072 3194 quosdam
1112 3124 1250 3179 inter
1286 3142 1379 3179 vos
1407 3125 1470 3179 de
1498 3126 2053 3195 excommunicatione,
2095 3143 2252 3197 quam

419 3254 451 3280 a.
478 3242 713 3291 promotione
742 3244 776 3279 2.
880 3242 917 3279 b.
947 3242 1158 3279 exercuisse
1187 3244 1222 3279 2.
1328 3253 1358 3279 c.
1386 3243 1570 3280 rationem
1596 3263 1637 3268 —
1664 3243 1903 3281 scrutandam
1931 3245 1966 3281 2.
2072 3243 2108 3281 d.
2135 3244 2251 3281 inter—

301 3310 472 3357 pretetur
490 3310 526 3345 2.
632 3319 664 3345 e.
691 3308 780 3345 inde
799 3310 835 3346 2.
939 3309 965 3346 f.
981 3307 1164 3353 ¹volumus
1184 3309 1295 3356 atque
1311 3319 1508 3346 monemus
1532 3311 1568 3346 2.
1672 3320 1707 3356 g.
1733 3310 1933 3357 utrumque
1955 3311 1991 3347 2.
2010 3320 2013 3321 ⁷
2095 3309 2132 3347 h.
2160 3309 2250 3347 hae-

301 3374 420 3412 rendo
448 3376 483 3412 2.
594 3375 620 3412 i.
650 3386 737 3422 ergo
767 3376 802 3412 2.
914 3374 952 3411 k.
979 3374 1205 3411 Mecthildae
1235 3375 1270 3411 1.
1387 3374 1413 3412 1.
1447 3377 1601 3426 Legitur
1637 3373 1675 3422 1)
1704 3389 1766 3423 ap.
1796 3377 1962 3413 Paulum
1990 3375 2180 3419 Bernrid.‚
2214 3378 2251 3412 in

304 3443 447 3486 Pontif.
474 3443 581 3478 Rom.
608 3443 673 3478 vit.
701 3441 760 3478 ed.
793 3441 1001 3477 Walterich
1029 3444 1066 3478 Τ.
1094 3444 1115 3478 1
1140 3441 1214 3478 517
1242 3455 1320 3490 sq„
1362 3438 1398 3486 2)
1429 3454 1490 3488 ap.
1518 3442 1754 3478 Annalistam
1782 3443 1971 3480 saxonem
2005 3448 2040 3477 et
2075 3455 2136 3489 ap.
2158 3443 2251 3478 Bru·

303 3520 430 3542 nonem
460 3506 506 3542 de
533 3507 629 3543 bello
656 3508 774 3552 Saxa,
810 3510 915 3544 Mon.
939 3508 1056 3544 Germ.
1078 3509 1146 3546 SS.
1174 3507 1230 3546 Vl
1255 3507 1351 3552 708,
1382 3507 1419 3544 V
1443 3506 1537 3552 354,
1579 3504 1617 3553 3)
1647 3520 1708 3555 ap.
1731 3508 1924 3557 Hugonem
1952 3507 2123 3550 Flavin.,
2160 3506 2250 3543 ibid.

307 3572 405 3610 VIII
427 3571 516 3610 439.
556 3575 571 3582 ⁸
645 3584 694 3610 m.
722 3572 928 3611 Teutonico
956 3573 991 3610 2.

421 3642 463 3687 1.
495 3640 616 3700 Aug.
644 3643 685 3689 1.

2352 374 2466 417 1076

2285 430 2406 478 (Mart.
2418 455 2432 461 -
2441 432 2524 481 Iul.)

2285 2751 2400 2795 1076
