2730 4198
489 274 599 328 434
1017 288 1291 326 GREGORH
1328 289 1406 324 vu
1443 286 1706 324 REGIs‘rm
1743 288 1843 324 vm
1869 286 1904 323 5.

333 410 448 453 1080
490 406 758 475 periurum
801 420 896 458 nec
932 420 1036 457 non
1074 420 1169 473 per
1207 403 1506 456 universum
1544 402 1864 454 Romanum⁴¹
1903 402 2081 455 orbem
2119 402 2429 455 nefandissi-

323 469 390 507 Μ’
413 471 459 507 21
490 501 588 553 mis
637 499 914 553 sceleribus
963 498 1291 565 denotatum,
1331 497 1662 562 W(ibertum)
1703 496 1922 550 dicimus
1972 500 2180 549 sanctae
2228 496 2430 550 Raven-

489 595 624 648 natis
665 594 943 647 aecclesiae
981 594 1378 660 devastatorem,
1419 591 1780 645 antichristum
1820 590 1920 643 sibi
1958 595 2010 644 et
2047 590 2430 645 heresiarcham

490 690 802 743 constituere
818 685 845 741 ¹.
903 688 964 742 In
1004 706 1104 758 quo
1143 689 1391 742 nimirum
1431 687 1680 741 sathanae
1720 689 1977 739 conventu
2013 686 2092 739 illi
2129 687 2428 756 interfuere,

490 802 709 854 quorum
761 788 838 837 est
882 785 993 838 vita
1040 784 1360 838 detestabilis
1400 788 1452 837 et
1489 782 1745 836 ordinatio
1785 781 2042 835 hereticab
2080 782 2429 836 immensitate

489 879 784 932 multimodi
821 880 1068 933 criminis.
1131 879 1398 949 Siquidem
1437 879 1502 932 ad
1539 878 1673 931 hanc
1699 877 1959 930 insaniam
1989 876 2081 930 illa
2107 878 2314 949 demum
2341 895 2428 932 eos

489 975 782 1045 desperatio
829 975 1016 1029 traxit:
1069 975 1207 1044 quod
1253 991 1420 1043 neque
1466 974 1706 1044 precibus
1754 989 1922 1041 neque
1969 973 2297 1026 servitiorum
2340 977 2430 1026 aut

487 1087 760 1124 munerum
798 1070 1228 1140 promissionibus
1269 1070 1521 1124 scelerum
1562 1086 1774 1123 suorum
1812 1068 2018 1121 veniam
2055 1068 2193 1138 apud
2218 1085 2311 1121 nos
2337 1085 2429 1122 va-

486 1165 679 1219 luerint
715 1166 1015 1235 impetrare,
1055 1167 1159 1219 nisi
1194 1166 1327 1219 forte
1352 1165 1546 1219 vellent
1570 1165 1759 1218 iudicio
1790 1163 2168 1217 aecclesiastico
2194 1168 2428 1218 nostrae-

488 1277 587 1329 que
626 1277 874 1315 censurae
913 1278 984 1330 se,
1023 1261 1284 1315 mediante
1324 1261 1681 1314 misericordia
1721 1260 1854 1313 sicut
1891 1259 2038 1314 decet
2076 1258 2303 1314 officium
2335 1276 2429 1313 no-

487 1360 670 1423 strum,
709 1355 1029 1410 submittere.

634 1450 742 1504 Hos
778 1451 971 1520 itaque,
1009 1451 1167 1504 nullis
1206 1451 1494 1505 rationibus
1520 1451 1677 1504 fultos
1706 1451 1865 1503 immo
1893 1451 2125 1504 omnium
2152 1451 2428 1504 criminum

485 1546 801 1600 conscientia
836 1546 1236 1616 perditissimoS,
1275 1551 1421 1600 tanto
1459 1547 1625 1615 magis
1651 1546 1745 1599 vili
1770 1547 2064 1616 pendimus,
2105 1551 2297 1616 quanto
2324 1547 2428 1617 ipsi

485 1658 540 1695 se
579 1641 768 1694 altiora
805 1642 1166 1695 conscendisse
1205 1641 1484 1695 confidunt.
1544 1642 1645 1696 Per
1669 1643 2083 1695 misericordiam
2109 1643 2301 1713 quippe
2327 1642 2428 1696 Dei

484 1741 536 1791 et
575 1737 862 1791 orationem
899 1737 1041 1791 beati
1078 1736 1237 1805 Petri,
1280 1755 1411 1806 quae
1451 1737 1734 1808 Symonem
1762 1737 1990 1806 Magum,
2032 1755 2210 1792 eorum
2248 1739 2427 1808 utique

482 1834 817 1901 magistrum,
870 1832 936 1885 ad
981 1832 1169 1886 altiora
1206 1833 1506 1887 tendentem
1543 1834 1853 1888 mirabiliter
1893 1834 2104 1901 deiecit,
2155 1850 2426 1904 speramus

481 1930 689 1982 ruinam
728 1945 907 1983 eorum
944 1945 1049 1981 non
1095 1928 1184 1981 diu
1221 1933 1619 1998 remoraturam,
1661 1934 1712 1983 et
1751 1930 1978 1999 quietem
2017 1933 2227 1983 sanctae
2266 1929 2427 1984 eccle-

483 2024 620 2092 siae,
674 2024 824 2077 victis
865 2027 917 2077 et
955 2024 1183 2078 confusis
1223 2024 1458 2078 hostibus
1498 2027 1631 2095 suiS,
1679 2044 1824 2080 more
1864 2026 2016 2080 solito
2056 2024 2427 2093 gloriosissime

483 2119 822 2173 dilatandam.
884 2118 988 2173 Vos
1027 2120 1229 2189 itaque,
1278 2120 1605 2175 dilectissimi
1642 2122 1857 2190 fratreS,
1898 2121 2248 2175 innocentiam
2287 2137 2426 2174 com-

483 2215 653 2268 munis
703 2215 887 2268 matris
933 2219 1138 2269 vestrae
1186 2221 1397 2271 sanctae
1436 2217 1700 2271 Romanae
1749 2217 1995 2270 ecclesiae
2042 2216 2423 2286 perpendentes

483 2315 550 2379 et,
593 2315 845 2379 quantum
884 2310 1120 2364 diabolus
1159 2312 1395 2366 membra
1434 2330 1526 2365 sua
1566 2312 1631 2365 ad
1667 2312 1992 2366 inferendam
2031 2311 2296 2381 praefatae
2321 2310 2424 2364 Ro-

482 2423 667 2459 manae
716 2406 995 2460 aecclesiae
1042 2406 1454 2475 inquietudinem
1505 2411 1767 2475 exerceat,
1827 2407 2239 2475 considerantes,
2291 2407 2425 2460 sicut

484 2501 632 2554 decet
670 2505 721 2554 et
759 2499 917 2554 officii
954 2502 1116 2554 vestri
1155 2502 1387 2555 debitum
1427 2503 1604 2570 exigit,
1646 2502 1965 2556 orationibus
1994 2502 2212 2571 aliisque
2238 2502 2423 2570 modiS,

484 2596 670 2664 quibus
695 2595 956 2649 laboranti
980 2597 1137 2650 matri
1165 2598 1570 2651 succurrendum
1597 2601 1691 2666 est,
1731 2615 1942 2668 operam
1969 2598 2301 2666 studiumque
2325 2597 2425 2650 im-

482 2691 719 2761 pendite3
763 2691 1006 2760 quatinus
1046 2697 1312 2762 appareat,
1351 2711 1444 2747 vos
1479 2693 1738 2762 legitimos
1766 2693 1875 2746 eius
1901 2693 2035 2746 filios
2064 2710 2192 2762 esse,
2231 2693 2426 2763 ipsius-

484 2804 583 2856 que
622 2788 1014 2857 contumeliam,
1053 2789 1250 2858 partita
1286 2789 1557 2843 nobiscum
1595 2789 1789 2842 laboris
1829 2789 2123 2857 diligentia,
2165 2806 2230 2842 ex
2270 2788 2423 2842 corde

484 2883 692 2936 sentire.
753 2882 947 2946 Quodsi
984 2884 1188 2938 fueritis
1229 2885 1355 2938 socii
1392 2885 1785 2955 compassioniS,
1827 2885 1970 2938 eritis
1999 2885 2283 2938 auxiliante
2309 2883 2422 2938 Deo

481 2978 711 3032 laetitiae
749 2979 1031 3050 participes
1071 2985 1123 3034 et
1161 2981 1544 3035 consolationis
1605 2980 1838 3049 Caetera,
1879 2997 2011 3049 quae
2048 2981 2162 3034 hic⁰
2199 2996 2306 3033 non
2342 2980 2424 3032 in-

483 3075 765 3143 seruimuS,
813 3074 998 3142 legatis
1048 3076 1267 3144 nostriS,
1324 3076 1509 3145 quibus
1561 3076 1695 3130 sicut
1740 3076 1890 3129 nobis
1939 3076 2148 3130 credere
2185 3076 2422 3145 potestiS,

481 3171 754 3224 referenda
792 3170 1163 3225 commisimus,
1222 3171 1362 3224 Data
1400 3168 1609 3226 Cicani²
1655 3175 1718 3225 12
1759 3171 2020 3226 Kalendas
2058 3171 2298 3238 Augusti.

600 3329 633 3354 a.
667 3317 712 3355 R.
740 3318 824 3355 cod.
982 3317 1017 3354 b.
1045 3318 1085 3355 in
1112 3319 1298 3355 excidisse
1323 3319 1477 3355 videtur.
1635 3330 1666 3356 c.
1694 3318 1756 3355 hic
1786 3319 1936 3355 addidi.

601 3398 640 3439 1.
675 3396 789 3440 1080
817 3396 916 3440 Iun.
940 3397 1010 3440 25.
1159 3397 1201 3440 2.
1235 3396 1453 3453 Ceccano,
1492 3410 1519 3440 a
1547 3396 1789 3440 Ferentino
1820 3396 1935 3440 inter
1965 3394 2197 3439 meridiem
2229 3398 2276 3439 et
2307 3395 2422 3440 occi—

482 3468 677 3513 dentem.
