<?xml version="1.0" encoding="UTF-8"?>
<!DOCTYPE html PUBLIC "-//W3C//DTD XHTML 1.0 Transitional//EN"
    "http://www.w3.org/TR/xhtml1/DTD/xhtml1-transitional.dtd">
<html xmlns="http://www.w3.org/1999/xhtml" xml:lang="en" lang="en">
 <head>
  <title>
</title>
<meta http-equiv="Content-Type" content="text/html;charset=utf-8" />
  <meta name='ocr-system' content='tesseract 3.04.00' />
  <meta name='ocr-capabilities' content='ocr_page ocr_carea ocr_par ocr_line ocrx_word'/>
</head>
<body>
  <div class='ocr_page' id='page_1' title='image "bibliothecarerum02wattuoft_0590.png"; bbox 0 0 2730 4198; ppageno 0'>
   <div class='ocr_carea' id='block_1_1' title="bbox 508 299 2078 353">
    <p class='ocr_par' dir='ltr' id='par_1_1' title="bbox 508 299 2078 353">
     <span class='ocr_line' id='line_1_1' title="bbox 508 299 2078 353; baseline -0.003 0"><span class='ocrx_word' id='word_1_1' title='bbox 508 299 619 353; x_wconf 82' lang='lat'>574</span> <span class='ocrx_word' id='word_1_2' title='bbox 869 313 1143 352; x_wconf 81' lang='lat' dir='ltr'>GREGORII</span> <span class='ocrx_word' id='word_1_3' title='bbox 1181 314 1259 350; x_wconf 88' lang='lat' dir='ltr'>vn</span> <span class='ocrx_word' id='word_1_4' title='bbox 1295 312 1604 350; x_wconf 78' lang='lat' dir='ltr'>EPISTOLAE</span> <span class='ocrx_word' id='word_1_5' title='bbox 1643 312 1986 350; x_wconf 73' lang='lat' dir='ltr'>coLLEc&#39;rAE.</span> <span class='ocrx_word' id='word_1_6' title='bbox 2016 312 2078 349; x_wconf 86' lang='lat'>46.</span> 
     </span>
    </p>
   </div>
   <div class='ocr_carea' id='block_1_2' title="bbox 364 426 2455 3739">
    <p class='ocr_par' dir='ltr' id='par_1_2' title="bbox 364 426 2453 2879">
     <span class='ocr_line' id='line_1_2' title="bbox 364 426 2448 498; baseline 0.001 -20"><span class='ocrx_word' id='word_1_7' title='bbox 364 435 479 478; x_wconf 85' lang='lat'>1084</span> <span class='ocrx_word' id='word_1_8' title='bbox 509 433 730 483; x_wconf 91' lang='lat' dir='ltr'>mortem</span> <span class='ocrx_word' id='word_1_9' title='bbox 775 428 1036 496; x_wconf 89' lang='lat' dir='ltr'>laborent,</span> <span class='ocrx_word' id='word_1_10' title='bbox 1085 431 1336 497; x_wconf 89' lang='lat' dir='ltr'>quantum</span> <span class='ocrx_word' id='word_1_11' title='bbox 1384 426 1642 481; x_wconf 89' lang='lat' dir='ltr'>seculares</span> <span class='ocrx_word' id='word_1_12' title='bbox 1689 426 1881 480; x_wconf 84' lang='lat' dir='ltr'>milites</span> <span class='ocrx_word' id='word_1_13' title='bbox 1930 443 2026 498; x_wconf 88' lang='lat' dir='ltr'>pro</span> <span class='ocrx_word' id='word_1_14' title='bbox 2076 426 2300 480; x_wconf 88' lang='lat' dir='ltr'>dominis</span> <span class='ocrx_word' id='word_1_15' title='bbox 2340 427 2448 481; x_wconf 88' lang='lat' dir='ltr'>suis</span> 
     </span>
     <span class='ocr_line' id='line_1_3' title="bbox 510 521 2448 594; baseline -0.002 -16"><span class='ocrx_word' id='word_1_16' title='bbox 510 524 592 578; x_wconf 89' lang='lat' dir='ltr'>vel</span> <span class='ocrx_word' id='word_1_17' title='bbox 639 524 798 578; x_wconf 91' lang='lat' dir='ltr'>etiam</span> <span class='ocrx_word' id='word_1_18' title='bbox 841 541 936 594; x_wconf 89' lang='lat' dir='ltr'>pro</span> <span class='ocrx_word' id='word_1_19' title='bbox 977 523 1156 577; x_wconf 91' lang='lat' dir='ltr'>amicis</span> <span class='ocrx_word' id='word_1_20' title='bbox 1197 527 1249 576; x_wconf 92' lang='lat' dir='ltr'>et</span> <span class='ocrx_word' id='word_1_21' title='bbox 1288 522 1543 576; x_wconf 85' lang='lat' dir='ltr'>subditis?</span> <span class='ocrx_word' id='word_1_22' title='bbox 1617 521 1753 575; x_wconf 87' lang='lat' dir='ltr'>Ecce</span> <span class='ocrx_word' id='word_1_23' title='bbox 1792 522 1958 575; x_wconf 90' lang='lat' dir='ltr'>multa</span> <span class='ocrx_word' id='word_1_24' title='bbox 1994 521 2141 576; x_wconf 89' lang='lat' dir='ltr'>milia</span> <span class='ocrx_word' id='word_1_25' title='bbox 2178 522 2448 575; x_wconf 92' lang='lat' dir='ltr'>hominum</span> 
     </span>
     <span class='ocr_line' id='line_1_4' title="bbox 511 617 2450 688; baseline -0.001 -16"><span class='ocrx_word' id='word_1_26' title='bbox 511 619 823 673; x_wconf 84' lang='lat' dir='ltr'>secularium</span> <span class='ocrx_word' id='word_1_27' title='bbox 860 635 955 688; x_wconf 89' lang='lat' dir='ltr'>pro</span> <span class='ocrx_word' id='word_1_28' title='bbox 995 618 1218 672; x_wconf 89' lang='lat' dir='ltr'>dominis</span> <span class='ocrx_word' id='word_1_29' title='bbox 1247 619 1353 672; x_wconf 90' lang='lat' dir='ltr'>suis</span> <span class='ocrx_word' id='word_1_30' title='bbox 1381 617 1571 671; x_wconf 81' lang='lat' dir='ltr'>cotidie</span> <span class='ocrx_word' id='word_1_31' title='bbox 1597 621 1813 670; x_wconf 90' lang='lat' dir='ltr'>currunt</span> <span class='ocrx_word' id='word_1_32' title='bbox 1839 617 1894 670; x_wconf 92' lang='lat' dir='ltr'>in</span> <span class='ocrx_word' id='word_1_33' title='bbox 1922 621 2171 683; x_wconf 84' lang='lat' dir='ltr'>mortem3</span> <span class='ocrx_word' id='word_1_34' title='bbox 2212 633 2307 687; x_wconf 88' lang='lat' dir='ltr'>pro</span> <span class='ocrx_word' id='word_1_35' title='bbox 2335 632 2450 671; x_wconf 83' lang='lat' dir='ltr'>coc-</span> 
     </span>
     <span class='ocr_line' id='line_1_5' title="bbox 508 713 2450 784; baseline -0.001 -17"><span class='ocrx_word' id='word_1_36' title='bbox 508 714 629 768; x_wconf 89' lang='lat' dir='ltr'>lesti</span> <span class='ocrx_word' id='word_1_37' title='bbox 666 731 787 768; x_wconf 82' lang='lat' dir='ltr'>vero</span> <span class='ocrx_word' id='word_1_38' title='bbox 820 713 930 766; x_wconf 94' lang='lat' dir='ltr'>Deo</span> <span class='ocrx_word' id='word_1_39' title='bbox 971 717 1022 767; x_wconf 89' lang='lat' dir='ltr'>et</span> <span class='ocrx_word' id='word_1_40' title='bbox 1059 714 1387 784; x_wconf 82' lang='lat' dir='ltr'>redemptore</span> <span class='ocrx_word' id='word_1_41' title='bbox 1424 717 1603 767; x_wconf 89' lang='lat' dir='ltr'>nostro</span> <span class='ocrx_word' id='word_1_42' title='bbox 1641 731 1746 767; x_wconf 93' lang='lat' dir='ltr'>non</span> <span class='ocrx_word' id='word_1_43' title='bbox 1784 714 1952 767; x_wconf 89' lang='lat' dir='ltr'>solum</span> <span class='ocrx_word' id='word_1_44' title='bbox 1989 714 2044 766; x_wconf 91' lang='lat' dir='ltr'>in</span> <span class='ocrx_word' id='word_1_45' title='bbox 2083 716 2307 766; x_wconf 90' lang='lat' dir='ltr'>mortem</span> <span class='ocrx_word' id='word_1_46' title='bbox 2343 727 2450 765; x_wconf 92' lang='lat' dir='ltr'>non</span> 
     </span>
     <span class='ocr_line' id='line_1_6' title="bbox 510 807 2450 878; baseline -0.001 -15"><span class='ocrx_word' id='word_1_47' title='bbox 510 814 747 878; x_wconf 88' lang='lat' dir='ltr'>currunt,</span> <span class='ocrx_word' id='word_1_48' title='bbox 796 826 977 863; x_wconf 88' lang='lat' dir='ltr'>verum</span> <span class='ocrx_word' id='word_1_49' title='bbox 1026 810 1185 863; x_wconf 89' lang='lat' dir='ltr'>etiam</span> <span class='ocrx_word' id='word_1_50' title='bbox 1233 809 1576 878; x_wconf 89' lang='lat' dir='ltr'>quorumdam</span> <span class='ocrx_word' id='word_1_51' title='bbox 1622 809 1890 862; x_wconf 92' lang='lat' dir='ltr'>hominum</span> <span class='ocrx_word' id='word_1_52' title='bbox 1934 808 2236 861; x_wconf 81' lang='lat' dir='ltr'>inimicitias</span> <span class='ocrx_word' id='word_1_53' title='bbox 2275 807 2450 862; x_wconf 87' lang='lat' dir='ltr'>subire</span> 
     </span>
     <span class='ocr_line' id='line_1_7' title="bbox 510 904 2448 976; baseline -0.002 -17"><span class='ocrx_word' id='word_1_54' title='bbox 510 908 899 976; x_wconf 89' lang='lat' dir='ltr'>contempnunt.</span> <span class='ocrx_word' id='word_1_55' title='bbox 957 905 1029 959; x_wconf 91' lang='lat' dir='ltr'>Et</span> <span class='ocrx_word' id='word_1_56' title='bbox 1066 905 1111 958; x_wconf 91' lang='lat' dir='ltr'>si</span> <span class='ocrx_word' id='word_1_57' title='bbox 1150 910 1271 958; x_wconf 90' lang='lat' dir='ltr'>sunt</span> <span class='ocrx_word' id='word_1_58' title='bbox 1311 905 1487 974; x_wconf 80' lang='lat' dir='ltr'>aliqui,</span> <span class='ocrx_word' id='word_1_59' title='bbox 1529 935 1596 942; x_wconf 93' lang='lat'><em>-</em></span> <span class='ocrx_word' id='word_1_60' title='bbox 1639 906 1799 958; x_wconf 91' lang='lat' dir='ltr'>immo</span> <span class='ocrx_word' id='word_1_61' title='bbox 1838 904 1949 958; x_wconf 91' lang='lat' dir='ltr'>Deo</span> <span class='ocrx_word' id='word_1_62' title='bbox 1987 904 2270 957; x_wconf 87' lang='lat' dir='ltr'>miserante</span> <span class='ocrx_word' id='word_1_63' title='bbox 2310 907 2448 970; x_wconf 91' lang='lat' dir='ltr'>sunt,</span> 
     </span>
     <span class='ocr_line' id='line_1_8' title="bbox 507 998 2450 1071; baseline -0.001 -19"><span class='ocrx_word' id='word_1_64' title='bbox 507 1000 631 1054; x_wconf 91' lang='lat' dir='ltr'>licet</span> <span class='ocrx_word' id='word_1_65' title='bbox 677 1000 1076 1071; x_wconf 87' lang='lat' dir='ltr'>perpaucissimi</span> <span class='ocrx_word' id='word_1_66' title='bbox 1116 1030 1184 1037; x_wconf 88' lang='lat'>—</span> <span class='ocrx_word' id='word_1_67' title='bbox 1225 1001 1314 1069; x_wconf 90' lang='lat' dir='ltr'>qui</span> <span class='ocrx_word' id='word_1_68' title='bbox 1359 1000 1415 1053; x_wconf 90' lang='lat' dir='ltr'>in</span> <span class='ocrx_word' id='word_1_69' title='bbox 1460 1001 1648 1054; x_wconf 86' lang='lat' dir='ltr'>faciem</span> <span class='ocrx_word' id='word_1_70' title='bbox 1695 1000 1872 1070; x_wconf 90' lang='lat' dir='ltr'>impiis</span> <span class='ocrx_word' id='word_1_71' title='bbox 1920 1015 2085 1068; x_wconf 88' lang='lat' dir='ltr'>usque</span> <span class='ocrx_word' id='word_1_72' title='bbox 2125 998 2191 1052; x_wconf 92' lang='lat' dir='ltr'>ad</span> <span class='ocrx_word' id='word_1_73' title='bbox 2227 1001 2450 1052; x_wconf 85' lang='lat' dir='ltr'>mortem</span> 
     </span>
     <span class='ocr_line' id='line_1_9' title="bbox 509 1093 2451 1165; baseline -0.001 -17"><span class='ocrx_word' id='word_1_74' title='bbox 509 1096 751 1149; x_wconf 90' lang='lat' dir='ltr'>resistere</span> <span class='ocrx_word' id='word_1_75' title='bbox 800 1112 894 1165; x_wconf 92' lang='lat' dir='ltr'>pro</span> <span class='ocrx_word' id='word_1_76' title='bbox 935 1113 1111 1149; x_wconf 91' lang='lat' dir='ltr'>amore</span> <span class='ocrx_word' id='word_1_77' title='bbox 1151 1095 1462 1149; x_wconf 85' lang='lat' dir='ltr'>christianae</span> <span class='ocrx_word' id='word_1_78' title='bbox 1500 1096 1631 1164; x_wconf 91' lang='lat' dir='ltr'>legis</span> <span class='ocrx_word' id='word_1_79' title='bbox 1670 1095 2015 1163; x_wconf 88' lang='lat' dir='ltr'>contendunt,</span> <span class='ocrx_word' id='word_1_80' title='bbox 2067 1111 2173 1147; x_wconf 93' lang='lat' dir='ltr'>non</span> <span class='ocrx_word' id='word_1_81' title='bbox 2211 1093 2381 1147; x_wconf 93' lang='lat' dir='ltr'>solum</span> <span class='ocrx_word' id='word_1_82' title='bbox 2419 1109 2451 1147; x_wconf 85' lang='lat' dir='ltr'>a</span> 
     </span>
     <span class='ocr_line' id='line_1_10' title="bbox 507 1189 2449 1260; baseline -0.001 -17"><span class='ocrx_word' id='word_1_83' title='bbox 507 1190 773 1259; x_wconf 81' lang='lat' dir='ltr'>fratribuS,</span> <span class='ocrx_word' id='word_1_84' title='bbox 813 1195 872 1244; x_wconf 94' lang='lat' dir='ltr'>ut</span> <span class='ocrx_word' id='word_1_85' title='bbox 909 1191 1124 1258; x_wconf 90' lang='lat' dir='ltr'>dignum</span> <span class='ocrx_word' id='word_1_86' title='bbox 1163 1195 1257 1260; x_wconf 90' lang='lat' dir='ltr'>est,</span> <span class='ocrx_word' id='word_1_87' title='bbox 1296 1208 1401 1244; x_wconf 91' lang='lat' dir='ltr'>non</span> <span class='ocrx_word' id='word_1_88' title='bbox 1440 1192 1767 1260; x_wconf 87' lang='lat' dir='ltr'>adiuvantur,</span> <span class='ocrx_word' id='word_1_89' title='bbox 1809 1191 1899 1245; x_wconf 93' lang='lat' dir='ltr'>sed</span> <span class='ocrx_word' id='word_1_90' title='bbox 1927 1191 2085 1244; x_wconf 87' lang='lat' dir='ltr'>etiam</span> <span class='ocrx_word' id='word_1_91' title='bbox 2109 1189 2449 1259; x_wconf 85' lang='lat' dir='ltr'>inprudentes</span> 
     </span>
     <span class='ocr_line' id='line_1_11' title="bbox 511 1284 2449 1355; baseline -0.001 -17"><span class='ocrx_word' id='word_1_92' title='bbox 511 1290 563 1339; x_wconf 94' lang='lat' dir='ltr'>et</span> <span class='ocrx_word' id='word_1_93' title='bbox 608 1286 780 1338; x_wconf 92' lang='lat' dir='ltr'>minus</span> <span class='ocrx_word' id='word_1_94' title='bbox 830 1285 1042 1338; x_wconf 90' lang='lat' dir='ltr'>discreti</span> <span class='ocrx_word' id='word_1_95' title='bbox 1088 1289 1148 1338; x_wconf 96' lang='lat' dir='ltr'>ut</span> <span class='ocrx_word' id='word_1_96' title='bbox 1186 1286 1451 1340; x_wconf 89' lang='lat' dir='ltr'>dementes</span> <span class='ocrx_word' id='word_1_97' title='bbox 1492 1287 1762 1341; x_wconf 89' lang='lat' dir='ltr'>habentur.</span> <span class='ocrx_word' id='word_1_98' title='bbox 1843 1286 1945 1340; x_wconf 87' lang='lat' dir='ltr'>Sed</span> <span class='ocrx_word' id='word_1_99' title='bbox 1986 1287 2109 1355; x_wconf 92' lang='lat' dir='ltr'>quia</span> <span class='ocrx_word' id='word_1_100' title='bbox 2145 1285 2241 1338; x_wconf 91' lang='lat' dir='ltr'>hec</span> <span class='ocrx_word' id='word_1_101' title='bbox 2279 1289 2332 1338; x_wconf 93' lang='lat' dir='ltr'>et</span> <span class='ocrx_word' id='word_1_102' title='bbox 2367 1284 2449 1338; x_wconf 91' lang='lat' dir='ltr'>his</span> 
     </span>
     <span class='ocr_line' id='line_1_12' title="bbox 510 1380 2449 1450; baseline 0.001 -18"><span class='ocrx_word' id='word_1_103' title='bbox 510 1380 703 1432; x_wconf 90' lang='lat' dir='ltr'>similia</span> <span class='ocrx_word' id='word_1_104' title='bbox 740 1380 1036 1449; x_wconf 87' lang='lat' dir='ltr'>specialiter</span> <span class='ocrx_word' id='word_1_105' title='bbox 1073 1380 1333 1434; x_wconf 90' lang='lat' dir='ltr'>inminent</span> <span class='ocrx_word' id='word_1_106' title='bbox 1370 1381 1519 1435; x_wconf 90' lang='lat' dir='ltr'>nobis</span> <span class='ocrx_word' id='word_1_107' title='bbox 1558 1386 1616 1435; x_wconf 95' lang='lat' dir='ltr'>ut</span> <span class='ocrx_word' id='word_1_108' title='bbox 1653 1382 1799 1435; x_wconf 86' lang='lat' dir='ltr'>vobis</span> <span class='ocrx_word' id='word_1_109' title='bbox 1838 1382 2152 1450; x_wconf 80' lang='lat' dir='ltr'>indicemUS,</span> <span class='ocrx_word' id='word_1_110' title='bbox 2196 1384 2449 1450; x_wconf 89' lang='lat' dir='ltr'>quatenus</span> 
     </span>
     <span class='ocr_line' id='line_1_13' title="bbox 509 1474 2451 1545; baseline 0.001 -18"><span class='ocrx_word' id='word_1_111' title='bbox 509 1474 619 1528; x_wconf 92' lang='lat' dir='ltr'>Deo</span> <span class='ocrx_word' id='word_1_112' title='bbox 657 1474 911 1542; x_wconf 87' lang='lat' dir='ltr'>largiente</span> <span class='ocrx_word' id='word_1_113' title='bbox 951 1475 1086 1528; x_wconf 89' lang='lat' dir='ltr'>vicia</span> <span class='ocrx_word' id='word_1_114' title='bbox 1122 1476 1382 1545; x_wconf 92' lang='lat' dir='ltr'>possimus</span> <span class='ocrx_word' id='word_1_115' title='bbox 1423 1494 1453 1529; x_wconf 91' lang='lat' dir='ltr'>a</span> <span class='ocrx_word' id='word_1_116' title='bbox 1491 1478 1730 1531; x_wconf 88' lang='lat' dir='ltr'>cordibus</span> <span class='ocrx_word' id='word_1_117' title='bbox 1769 1478 1987 1530; x_wconf 84' lang='lat' dir='ltr'>fratrum</span> <span class='ocrx_word' id='word_1_118' title='bbox 2020 1477 2242 1531; x_wconf 89' lang='lat' dir='ltr'>avellere</span> <span class='ocrx_word' id='word_1_119' title='bbox 2269 1480 2322 1530; x_wconf 93' lang='lat' dir='ltr'>et</span> <span class='ocrx_word' id='word_1_120' title='bbox 2347 1476 2451 1529; x_wconf 89' lang='lat' dir='ltr'>vir-</span> 
     </span>
     <span class='ocr_line' id='line_1_14' title="bbox 509 1569 2448 1640; baseline 0.001 -17"><span class='ocrx_word' id='word_1_121' title='bbox 509 1574 646 1623; x_wconf 92' lang='lat' dir='ltr'>tutes</span> <span class='ocrx_word' id='word_1_122' title='bbox 694 1570 751 1622; x_wconf 90' lang='lat' dir='ltr'>in</span> <span class='ocrx_word' id='word_1_123' title='bbox 798 1570 872 1623; x_wconf 89' lang='lat' dir='ltr'>eis</span> <span class='ocrx_word' id='word_1_124' title='bbox 910 1569 1178 1640; x_wconf 90' lang='lat' dir='ltr'>plantare,</span> <span class='ocrx_word' id='word_1_125' title='bbox 1227 1587 1472 1638; x_wconf 87' lang='lat' dir='ltr'>rogamus</span> <span class='ocrx_word' id='word_1_126' title='bbox 1513 1576 1564 1625; x_wconf 91' lang='lat' dir='ltr'>et</span> <span class='ocrx_word' id='word_1_127' title='bbox 1603 1572 1934 1626; x_wconf 87' lang='lat' dir='ltr'>obsecramus</span> <span class='ocrx_word' id='word_1_128' title='bbox 1972 1573 2029 1626; x_wconf 91' lang='lat' dir='ltr'>in</span> <span class='ocrx_word' id='word_1_129' title='bbox 2068 1572 2277 1625; x_wconf 91' lang='lat' dir='ltr'>domino</span> <span class='ocrx_word' id='word_1_130' title='bbox 2315 1571 2448 1640; x_wconf 93' lang='lat' dir='ltr'>Iesu,</span> 
     </span>
     <span class='ocr_line' id='line_1_15' title="bbox 510 1666 2450 1736; baseline 0.002 -19"><span class='ocrx_word' id='word_1_131' title='bbox 510 1666 600 1734; x_wconf 92' lang='lat' dir='ltr'>qui</span> <span class='ocrx_word' id='word_1_132' title='bbox 636 1681 731 1718; x_wconf 89' lang='lat' dir='ltr'>nos</span> <span class='ocrx_word' id='word_1_133' title='bbox 771 1681 865 1718; x_wconf 90' lang='lat' dir='ltr'>sua</span> <span class='ocrx_word' id='word_1_134' title='bbox 903 1669 1069 1718; x_wconf 89' lang='lat' dir='ltr'>morte</span> <span class='ocrx_word' id='word_1_135' title='bbox 1107 1666 1352 1719; x_wconf 87' lang='lat' dir='ltr'>redemit:</span> <span class='ocrx_word' id='word_1_136' title='bbox 1401 1671 1460 1720; x_wconf 93' lang='lat' dir='ltr'>ut</span> <span class='ocrx_word' id='word_1_137' title='bbox 1497 1667 1858 1721; x_wconf 88' lang='lat' dir='ltr'>tribulationes</span> <span class='ocrx_word' id='word_1_138' title='bbox 1899 1672 1950 1721; x_wconf 91' lang='lat' dir='ltr'>et</span> <span class='ocrx_word' id='word_1_139' title='bbox 1988 1668 2280 1736; x_wconf 84' lang='lat' dir='ltr'>angustiaS,</span> <span class='ocrx_word' id='word_1_140' title='bbox 2321 1683 2450 1736; x_wconf 81' lang='lat' dir='ltr'>quas</span> 
     </span>
     <span class='ocr_line' id='line_1_16' title="bbox 509 1760 2451 1832; baseline 0.001 -19"><span class='ocrx_word' id='word_1_141' title='bbox 509 1760 739 1831; x_wconf 90' lang='lat' dir='ltr'>patimur</span> <span class='ocrx_word' id='word_1_142' title='bbox 778 1760 842 1814; x_wconf 90' lang='lat' dir='ltr'>ab</span> <span class='ocrx_word' id='word_1_143' title='bbox 879 1760 1106 1814; x_wconf 90' lang='lat' dir='ltr'>inimicis</span> <span class='ocrx_word' id='word_1_144' title='bbox 1145 1761 1457 1815; x_wconf 88' lang='lat' dir='ltr'>christianae</span> <span class='ocrx_word' id='word_1_145' title='bbox 1494 1762 1777 1831; x_wconf 79' lang='lat' dir='ltr'>religioniS,</span> <span class='ocrx_word' id='word_1_146' title='bbox 1818 1779 1909 1816; x_wconf 93' lang='lat' dir='ltr'>cur</span> <span class='ocrx_word' id='word_1_147' title='bbox 1947 1767 2000 1815; x_wconf 91' lang='lat' dir='ltr'>et</span> <span class='ocrx_word' id='word_1_148' title='bbox 2035 1763 2256 1831; x_wconf 90' lang='lat' dir='ltr'>qualiter</span> <span class='ocrx_word' id='word_1_149' title='bbox 2280 1761 2451 1832; x_wconf 85' lang='lat' dir='ltr'>patia-</span> 
     </span>
     <span class='ocr_line' id='line_1_17' title="bbox 510 1855 2452 1928; baseline 0.001 -20"><span class='ocrx_word' id='word_1_150' title='bbox 510 1873 643 1924; x_wconf 91' lang='lat' dir='ltr'>mur,</span> <span class='ocrx_word' id='word_1_151' title='bbox 685 1855 961 1924; x_wconf 86' lang='lat' dir='ltr'>diligenter</span> <span class='ocrx_word' id='word_1_152' title='bbox 997 1856 1358 1925; x_wconf 86' lang='lat' dir='ltr'>investigando</span> <span class='ocrx_word' id='word_1_153' title='bbox 1397 1857 1718 1925; x_wconf 78' lang='lat' dir='ltr'>intelligatis,</span> <span class='ocrx_word' id='word_1_154' title='bbox 1787 1857 1872 1910; x_wconf 85' lang='lat' dir='ltr'>Ex</span> <span class='ocrx_word' id='word_1_155' title='bbox 1912 1874 2011 1926; x_wconf 94' lang='lat' dir='ltr'>quo</span> <span class='ocrx_word' id='word_1_156' title='bbox 2052 1858 2190 1911; x_wconf 92' lang='lat' dir='ltr'>enim</span> <span class='ocrx_word' id='word_1_157' title='bbox 2229 1857 2452 1928; x_wconf 90' lang='lat' dir='ltr'>disposi-</span> 
     </span>
     <span class='ocr_line' id='line_1_18' title="bbox 509 1951 2452 2023; baseline 0.001 -19"><span class='ocrx_word' id='word_1_158' title='bbox 509 1952 650 2005; x_wconf 91' lang='lat' dir='ltr'>tione</span> <span class='ocrx_word' id='word_1_159' title='bbox 699 1951 875 2005; x_wconf 85' lang='lat' dir='ltr'>divina</span> <span class='ocrx_word' id='word_1_160' title='bbox 920 1955 1087 2005; x_wconf 92' lang='lat' dir='ltr'>mater</span> <span class='ocrx_word' id='word_1_161' title='bbox 1138 1952 1388 2006; x_wconf 87' lang='lat' dir='ltr'>aecclesia</span> <span class='ocrx_word' id='word_1_162' title='bbox 1433 1953 1490 2007; x_wconf 91' lang='lat' dir='ltr'>in</span> <span class='ocrx_word' id='word_1_163' title='bbox 1534 1957 1686 2006; x_wconf 89' lang='lat' dir='ltr'>trono</span> <span class='ocrx_word' id='word_1_164' title='bbox 1740 1953 2024 2023; x_wconf 91' lang='lat' dir='ltr'>apostolico</span> <span class='ocrx_word' id='word_1_165' title='bbox 2062 1970 2146 2006; x_wconf 92' lang='lat' dir='ltr'>me</span> <span class='ocrx_word' id='word_1_166' title='bbox 2183 1952 2334 2006; x_wconf 82' lang='lat' dir='ltr'>valde</span> <span class='ocrx_word' id='word_1_167' title='bbox 2370 1952 2452 2005; x_wconf 92' lang='lat' dir='ltr'>in-</span> 
     </span>
     <span class='ocr_line' id='line_1_19' title="bbox 510 2046 2451 2119; baseline 0.002 -20"><span class='ocrx_word' id='word_1_168' title='bbox 510 2047 726 2115; x_wconf 91' lang='lat' dir='ltr'>dignum</span> <span class='ocrx_word' id='word_1_169' title='bbox 773 2049 825 2100; x_wconf 90' lang='lat' dir='ltr'>et</span> <span class='ocrx_word' id='word_1_170' title='bbox 862 2046 972 2100; x_wconf 90' lang='lat' dir='ltr'>Deo</span> <span class='ocrx_word' id='word_1_171' title='bbox 1012 2051 1144 2101; x_wconf 90' lang='lat' dir='ltr'>teste</span> <span class='ocrx_word' id='word_1_172' title='bbox 1179 2048 1403 2102; x_wconf 88' lang='lat' dir='ltr'>invitum</span> <span class='ocrx_word' id='word_1_173' title='bbox 1443 2048 1739 2117; x_wconf 89' lang='lat' dir='ltr'>collocavit,</span> <span class='ocrx_word' id='word_1_174' title='bbox 1789 2065 2120 2119; x_wconf 88' lang='lat' dir='ltr'>summopere</span> <span class='ocrx_word' id='word_1_175' title='bbox 2157 2049 2451 2119; x_wconf 85' lang='lat' dir='ltr'>procuravi,</span> 
     </span>
     <span class='ocr_line' id='line_1_20' title="bbox 511 2143 2452 2215; baseline 0.002 -20"><span class='ocrx_word' id='word_1_176' title='bbox 511 2146 569 2195; x_wconf 93' lang='lat' dir='ltr'>ut</span> <span class='ocrx_word' id='word_1_177' title='bbox 607 2146 789 2195; x_wconf 90' lang='lat' dir='ltr'>sancta</span> <span class='ocrx_word' id='word_1_178' title='bbox 828 2143 1078 2196; x_wconf 89' lang='lat' dir='ltr'>aecclesia</span> <span class='ocrx_word' id='word_1_179' title='bbox 1116 2160 1309 2213; x_wconf 90' lang='lat' dir='ltr'>sponsa</span> <span class='ocrx_word' id='word_1_180' title='bbox 1334 2143 1450 2213; x_wconf 92' lang='lat' dir='ltr'>Dei,</span> <span class='ocrx_word' id='word_1_181' title='bbox 1493 2145 1704 2197; x_wconf 90' lang='lat' dir='ltr'>domina</span> <span class='ocrx_word' id='word_1_182' title='bbox 1733 2148 1785 2198; x_wconf 91' lang='lat' dir='ltr'>et</span> <span class='ocrx_word' id='word_1_183' title='bbox 1810 2148 1978 2198; x_wconf 89' lang='lat' dir='ltr'>mater</span> <span class='ocrx_word' id='word_1_184' title='bbox 2004 2149 2198 2213; x_wconf 87' lang='lat' dir='ltr'>nostra,</span> <span class='ocrx_word' id='word_1_185' title='bbox 2240 2144 2305 2198; x_wconf 91' lang='lat' dir='ltr'>ad</span> <span class='ocrx_word' id='word_1_186' title='bbox 2329 2161 2452 2215; x_wconf 89' lang='lat' dir='ltr'>pro-</span> 
     </span>
     <span class='ocr_line' id='line_1_21' title="bbox 510 2238 2452 2309; baseline 0.002 -19"><span class='ocrx_word' id='word_1_187' title='bbox 510 2238 684 2307; x_wconf 90' lang='lat' dir='ltr'>prium</span> <span class='ocrx_word' id='word_1_188' title='bbox 720 2238 928 2291; x_wconf 90' lang='lat' dir='ltr'>rediens</span> <span class='ocrx_word' id='word_1_189' title='bbox 967 2239 1140 2306; x_wconf 79' lang='lat' dir='ltr'>decuS,</span> <span class='ocrx_word' id='word_1_190' title='bbox 1178 2238 1344 2292; x_wconf 91' lang='lat' dir='ltr'>libera</span> <span class='ocrx_word' id='word_1_191' title='bbox 1381 2244 1525 2293; x_wconf 90' lang='lat' dir='ltr'>casta</span> <span class='ocrx_word' id='word_1_192' title='bbox 1563 2244 1614 2293; x_wconf 91' lang='lat' dir='ltr'>et</span> <span class='ocrx_word' id='word_1_193' title='bbox 1652 2240 1907 2293; x_wconf 89' lang='lat' dir='ltr'>catholica</span> <span class='ocrx_word' id='word_1_194' title='bbox 1943 2244 2289 2309; x_wconf 87' lang='lat' dir='ltr'>permaneret.</span> <span class='ocrx_word' id='word_1_195' title='bbox 2350 2239 2452 2293; x_wconf 89' lang='lat' dir='ltr'>Sed</span> 
     </span>
     <span class='ocr_line' id='line_1_22' title="bbox 512 2333 2451 2404; baseline 0.002 -19"><span class='ocrx_word' id='word_1_196' title='bbox 512 2334 634 2402; x_wconf 90' lang='lat' dir='ltr'>quia</span> <span class='ocrx_word' id='word_1_197' title='bbox 678 2333 817 2386; x_wconf 91' lang='lat' dir='ltr'>hosti</span> <span class='ocrx_word' id='word_1_198' title='bbox 862 2334 1074 2403; x_wconf 91' lang='lat' dir='ltr'>antiquo</span> <span class='ocrx_word' id='word_1_199' title='bbox 1122 2334 1218 2387; x_wconf 90' lang='lat' dir='ltr'>hec</span> <span class='ocrx_word' id='word_1_200' title='bbox 1265 2335 1474 2387; x_wconf 92' lang='lat' dir='ltr'>omnino</span> <span class='ocrx_word' id='word_1_201' title='bbox 1524 2335 1827 2404; x_wconf 90' lang='lat' dir='ltr'>displicent,</span> <span class='ocrx_word' id='word_1_202' title='bbox 1877 2336 2102 2388; x_wconf 87' lang='lat' dir='ltr'>armavit</span> <span class='ocrx_word' id='word_1_203' title='bbox 2138 2339 2319 2389; x_wconf 90' lang='lat' dir='ltr'>contra</span> <span class='ocrx_word' id='word_1_204' title='bbox 2355 2351 2451 2388; x_wconf 92' lang='lat' dir='ltr'>nos</span> 
     </span>
     <span class='ocr_line' id='line_1_23' title="bbox 511 2428 2451 2496; baseline 0.002 -16"><span class='ocrx_word' id='word_1_205' title='bbox 511 2428 747 2481; x_wconf 90' lang='lat' dir='ltr'>membra</span> <span class='ocrx_word' id='word_1_206' title='bbox 780 2446 890 2496; x_wconf 84' lang='lat' dir='ltr'>sua,</span> <span class='ocrx_word' id='word_1_207' title='bbox 928 2433 988 2482; x_wconf 92' lang='lat' dir='ltr'>ut</span> <span class='ocrx_word' id='word_1_208' title='bbox 1013 2429 1189 2481; x_wconf 88' lang='lat' dir='ltr'>omnia</span> <span class='ocrx_word' id='word_1_209' title='bbox 1212 2429 1267 2482; x_wconf 91' lang='lat' dir='ltr'>in</span> <span class='ocrx_word' id='word_1_210' title='bbox 1295 2430 1613 2483; x_wconf 89' lang='lat' dir='ltr'>contrarium</span> <span class='ocrx_word' id='word_1_211' title='bbox 1638 2434 1878 2484; x_wconf 87' lang='lat' dir='ltr'>verteret.</span> <span class='ocrx_word' id='word_1_212' title='bbox 1939 2431 2059 2484; x_wconf 90' lang='lat' dir='ltr'>Ideo</span> <span class='ocrx_word' id='word_1_213' title='bbox 2086 2431 2141 2483; x_wconf 93' lang='lat' dir='ltr'>in</span> <span class='ocrx_word' id='word_1_214' title='bbox 2167 2447 2263 2484; x_wconf 91' lang='lat' dir='ltr'>nos</span> <span class='ocrx_word' id='word_1_215' title='bbox 2290 2431 2451 2483; x_wconf 91' lang='lat' dir='ltr'>immo</span> 
     </span>
     <span class='ocr_line' id='line_1_24' title="bbox 510 2524 2452 2596; baseline 0.002 -20"><span class='ocrx_word' id='word_1_216' title='bbox 510 2524 567 2576; x_wconf 92' lang='lat' dir='ltr'>in</span> <span class='ocrx_word' id='word_1_217' title='bbox 607 2524 946 2593; x_wconf 91' lang='lat' dir='ltr'>apostolicam</span> <span class='ocrx_word' id='word_1_218' title='bbox 984 2524 1158 2577; x_wconf 88' lang='lat' dir='ltr'>sedem</span> <span class='ocrx_word' id='word_1_219' title='bbox 1196 2528 1345 2577; x_wconf 89' lang='lat' dir='ltr'>tanta</span> <span class='ocrx_word' id='word_1_220' title='bbox 1379 2525 1519 2593; x_wconf 85' lang='lat' dir='ltr'>fecit,</span> <span class='ocrx_word' id='word_1_221' title='bbox 1561 2530 1755 2594; x_wconf 91' lang='lat' dir='ltr'>quanta</span> <span class='ocrx_word' id='word_1_222' title='bbox 1790 2526 1960 2579; x_wconf 87' lang='lat' dir='ltr'>facere</span> <span class='ocrx_word' id='word_1_223' title='bbox 2000 2543 2032 2579; x_wconf 93' lang='lat' dir='ltr'>a</span> <span class='ocrx_word' id='word_1_224' title='bbox 2055 2531 2291 2596; x_wconf 88' lang='lat' dir='ltr'>tempore</span> <span class='ocrx_word' id='word_1_225' title='bbox 2317 2524 2452 2578; x_wconf 87' lang='lat' dir='ltr'>Con-</span> 
     </span>
     <span class='ocr_line' id='line_1_25' title="bbox 513 2618 2452 2690; baseline 0.002 -19"><span class='ocrx_word' id='word_1_226' title='bbox 513 2619 730 2671; x_wconf 90' lang='lat' dir='ltr'>stantini</span> <span class='ocrx_word' id='word_1_227' title='bbox 764 2618 943 2687; x_wconf 90' lang='lat' dir='ltr'>Magni</span> <span class='ocrx_word' id='word_1_228' title='bbox 987 2619 1320 2689; x_wconf 88' lang='lat' dir='ltr'>imperatoris</span> <span class='ocrx_word' id='word_1_229' title='bbox 1367 2620 1616 2690; x_wconf 90' lang='lat' dir='ltr'>nequivit.</span> <span class='ocrx_word' id='word_1_230' title='bbox 1693 2621 1802 2674; x_wconf 91' lang='lat' dir='ltr'>Nec</span> <span class='ocrx_word' id='word_1_231' title='bbox 1848 2621 1999 2674; x_wconf 88' lang='lat' dir='ltr'>valde</span> <span class='ocrx_word' id='word_1_232' title='bbox 2047 2621 2264 2688; x_wconf 83' lang='lat' dir='ltr'>mirum3</span> <span class='ocrx_word' id='word_1_233' title='bbox 2313 2622 2452 2690; x_wconf 89' lang='lat' dir='ltr'>quia,</span> 
     </span>
     <span class='ocr_line' id='line_1_26' title="bbox 514 2714 2453 2787; baseline 0.002 -21"><span class='ocrx_word' id='word_1_234' title='bbox 514 2717 707 2783; x_wconf 93' lang='lat' dir='ltr'>quanto</span> <span class='ocrx_word' id='word_1_235' title='bbox 745 2714 863 2783; x_wconf 90' lang='lat' dir='ltr'>plus</span> <span class='ocrx_word' id='word_1_236' title='bbox 903 2714 1194 2768; x_wconf 89' lang='lat' dir='ltr'>antichristi</span> <span class='ocrx_word' id='word_1_237' title='bbox 1218 2719 1423 2786; x_wconf 90' lang='lat' dir='ltr'>tempus</span> <span class='ocrx_word' id='word_1_238' title='bbox 1452 2716 1855 2786; x_wconf 87' lang='lat' dir='ltr'>appropinquat,</span> <span class='ocrx_word' id='word_1_239' title='bbox 1894 2720 2039 2770; x_wconf 89' lang='lat' dir='ltr'>tanto</span> <span class='ocrx_word' id='word_1_240' title='bbox 2068 2716 2291 2787; x_wconf 91' lang='lat' dir='ltr'>amplius</span> <span class='ocrx_word' id='word_1_241' title='bbox 2317 2716 2453 2770; x_wconf 87' lang='lat' dir='ltr'>chri·</span> 
     </span>
     <span class='ocr_line' id='line_1_27' title="bbox 514 2809 1709 2879; baseline 0.002 -17"><span class='ocrx_word' id='word_1_242' title='bbox 514 2810 740 2862; x_wconf 91' lang='lat' dir='ltr'>stianam</span> <span class='ocrx_word' id='word_1_243' title='bbox 777 2809 1083 2878; x_wconf 87' lang='lat' dir='ltr'>religionem</span> <span class='ocrx_word' id='word_1_244' title='bbox 1103 2823 1105 2825; x_wconf 85' lang='grc'><em>·</em></span> <span class='ocrx_word' id='word_1_245' title='bbox 1122 2811 1425 2879; x_wconf 86' lang='lat' dir='ltr'>extinguere</span> <span class='ocrx_word' id='word_1_246' title='bbox 1464 2812 1709 2865; x_wconf 88' lang='lat' dir='ltr'>decertat.</span> 
     </span>
    </p>

    <p class='ocr_par' dir='ltr' id='par_1_3' title="bbox 514 2905 2455 3739">
     <span class='ocr_line' id='line_1_28' title="bbox 659 2905 2450 2976; baseline 0.001 -18"><span class='ocrx_word' id='word_1_247' title='bbox 659 2905 811 2959; x_wconf 93' lang='lat' dir='ltr'>Nunc</span> <span class='ocrx_word' id='word_1_248' title='bbox 859 2910 1057 2975; x_wconf 91' lang='lat' dir='ltr'>autem,</span> <span class='ocrx_word' id='word_1_249' title='bbox 1103 2906 1292 2960; x_wconf 88' lang='lat' dir='ltr'>fratres</span> <span class='ocrx_word' id='word_1_250' title='bbox 1339 2907 1444 2960; x_wconf 92' lang='lat' dir='ltr'>mei</span> <span class='ocrx_word' id='word_1_251' title='bbox 1480 2907 1772 2976; x_wconf 88' lang='lat' dir='ltr'>karissimi,</span> <span class='ocrx_word' id='word_1_252' title='bbox 1821 2907 2096 2975; x_wconf 89' lang='lat' dir='ltr'>diligenter</span> <span class='ocrx_word' id='word_1_253' title='bbox 2135 2923 2266 2976; x_wconf 86' lang='lat' dir='ltr'>quae</span> <span class='ocrx_word' id='word_1_254' title='bbox 2304 2906 2450 2960; x_wconf 85' lang='lat' dir='ltr'>vobis</span> 
     </span>
     <span class='ocr_line' id='line_1_29' title="bbox 515 3001 2452 3071; baseline 0.001 -17"><span class='ocrx_word' id='word_1_255' title='bbox 515 3001 629 3054; x_wconf 88' lang='lat' dir='ltr'>dico</span> <span class='ocrx_word' id='word_1_256' title='bbox 670 3001 860 3055; x_wconf 92' lang='lat' dir='ltr'>audite.</span> <span class='ocrx_word' id='word_1_257' title='bbox 939 3001 1158 3070; x_wconf 83' lang='lat' dir='ltr'>OmneS,</span> <span class='ocrx_word' id='word_1_258' title='bbox 1199 3003 1287 3071; x_wconf 94' lang='lat' dir='ltr'>qui</span> <span class='ocrx_word' id='word_1_259' title='bbox 1323 3002 1380 3055; x_wconf 92' lang='lat' dir='ltr'>in</span> <span class='ocrx_word' id='word_1_260' title='bbox 1417 3006 1526 3056; x_wconf 92' lang='lat' dir='ltr'>toto</span> <span class='ocrx_word' id='word_1_261' title='bbox 1567 3002 1689 3056; x_wconf 92' lang='lat' dir='ltr'>orbe</span> <span class='ocrx_word' id='word_1_262' title='bbox 1728 3003 2009 3056; x_wconf 89' lang='lat' dir='ltr'>christiano</span> <span class='ocrx_word' id='word_1_263' title='bbox 2049 3006 2323 3056; x_wconf 89' lang='lat' dir='ltr'>censentur</span> <span class='ocrx_word' id='word_1_264' title='bbox 2358 3018 2452 3055; x_wconf 93' lang='lat' dir='ltr'>no-</span> 
     </span>
     <span class='ocr_line' id='line_1_30' title="bbox 515 3096 2449 3166; baseline 0.001 -17"><span class='ocrx_word' id='word_1_265' title='bbox 515 3097 655 3150; x_wconf 91' lang='lat' dir='ltr'>mine</span> <span class='ocrx_word' id='word_1_266' title='bbox 702 3101 755 3151; x_wconf 92' lang='lat' dir='ltr'>et</span> <span class='ocrx_word' id='word_1_267' title='bbox 791 3096 1129 3150; x_wconf 88' lang='lat' dir='ltr'>christianam</span> <span class='ocrx_word' id='word_1_268' title='bbox 1166 3096 1322 3151; x_wconf 87' lang='lat' dir='ltr'>fidem</span> <span class='ocrx_word' id='word_1_269' title='bbox 1360 3115 1481 3151; x_wconf 89' lang='lat' dir='ltr'>vere</span> <span class='ocrx_word' id='word_1_270' title='bbox 1520 3103 1862 3166; x_wconf 87' lang='lat' dir='ltr'>cognoscunt,</span> <span class='ocrx_word' id='word_1_271' title='bbox 1914 3099 2083 3152; x_wconf 90' lang='lat' dir='ltr'>sciunt</span> <span class='ocrx_word' id='word_1_272' title='bbox 2121 3102 2173 3151; x_wconf 89' lang='lat' dir='ltr'>et</span> <span class='ocrx_word' id='word_1_273' title='bbox 2206 3096 2449 3150; x_wconf 88' lang='lat' dir='ltr'>credunt:</span> 
     </span>
     <span class='ocr_line' id='line_1_31' title="bbox 514 3192 2453 3263; baseline 0.001 -18"><span class='ocrx_word' id='word_1_274' title='bbox 514 3192 725 3245; x_wconf 91' lang='lat' dir='ltr'>beatum</span> <span class='ocrx_word' id='word_1_275' title='bbox 761 3192 1002 3261; x_wconf 89' lang='lat' dir='ltr'>Petrum,</span> <span class='ocrx_word' id='word_1_276' title='bbox 1043 3192 1398 3263; x_wconf 90' lang='lat' dir='ltr'>apostolorum</span> <span class='ocrx_word' id='word_1_277' title='bbox 1434 3193 1752 3263; x_wconf 89' lang='lat' dir='ltr'>principem,</span> <span class='ocrx_word' id='word_1_278' title='bbox 1794 3211 1907 3247; x_wconf 89' lang='lat' dir='ltr'>esse</span> <span class='ocrx_word' id='word_1_279' title='bbox 1945 3193 2175 3246; x_wconf 89' lang='lat' dir='ltr'>omnium</span> <span class='ocrx_word' id='word_1_280' title='bbox 2213 3192 2453 3246; x_wconf 89' lang='lat' dir='ltr'>christia-</span> 
     </span>
     <span class='ocr_line' id='line_1_32' title="bbox 514 3288 2452 3359; baseline 0.001 -19"><span class='ocrx_word' id='word_1_281' title='bbox 514 3304 701 3340; x_wconf 89' lang='lat' dir='ltr'>norum</span> <span class='ocrx_word' id='word_1_282' title='bbox 738 3292 943 3358; x_wconf 89' lang='lat' dir='ltr'>patrem</span> <span class='ocrx_word' id='word_1_283' title='bbox 984 3292 1036 3341; x_wconf 93' lang='lat' dir='ltr'>et</span> <span class='ocrx_word' id='word_1_284' title='bbox 1071 3289 1301 3358; x_wconf 91' lang='lat' dir='ltr'>primum</span> <span class='ocrx_word' id='word_1_285' title='bbox 1337 3293 1459 3359; x_wconf 92' lang='lat' dir='ltr'>post</span> <span class='ocrx_word' id='word_1_286' title='bbox 1494 3288 1759 3342; x_wconf 87' lang='lat' dir='ltr'>Christum</span> <span class='ocrx_word' id='word_1_287' title='bbox 1796 3292 2076 3359; x_wconf 90' lang='lat' dir='ltr'>pastorem,</span> <span class='ocrx_word' id='word_1_288' title='bbox 2117 3291 2452 3356; x_wconf 88' lang='lat' dir='ltr'>sanctamque</span> 
     </span>
     <span class='ocr_line' id='line_1_33' title="bbox 514 3381 2448 3451; baseline 0.001 -17"><span class='ocrx_word' id='word_1_289' title='bbox 514 3381 804 3435; x_wconf 87' lang='lat' dir='ltr'>Romanam</span> <span class='ocrx_word' id='word_1_290' title='bbox 832 3383 1136 3437; x_wconf 89' lang='lat' dir='ltr'>aecclesiam</span> <span class='ocrx_word' id='word_1_291' title='bbox 1162 3385 1394 3438; x_wconf 92' lang='lat' dir='ltr'>omnium</span> <span class='ocrx_word' id='word_1_292' title='bbox 1420 3384 1784 3438; x_wconf 88' lang='lat' dir='ltr'>aecclesiarum</span> <span class='ocrx_word' id='word_1_293' title='bbox 1813 3387 2034 3436; x_wconf 86' lang='lat' dir='ltr'>matrem</span> <span class='ocrx_word' id='word_1_294' title='bbox 2057 3386 2109 3435; x_wconf 91' lang='lat' dir='ltr'>et</span> <span class='ocrx_word' id='word_1_295' title='bbox 2126 3383 2448 3451; x_wconf 88' lang='lat' dir='ltr'>magistram.</span> 
     </span>
     <span class='ocr_line' id='line_1_34' title="bbox 518 3476 2454 3549; baseline 0.001 -19"><span class='ocrx_word' id='word_1_296' title='bbox 518 3476 574 3530; x_wconf 89' lang='lat' dir='ltr'>Si</span> <span class='ocrx_word' id='word_1_297' title='bbox 624 3495 745 3545; x_wconf 91' lang='lat' dir='ltr'>ergo</span> <span class='ocrx_word' id='word_1_298' title='bbox 783 3477 881 3531; x_wconf 94' lang='lat' dir='ltr'>hoc</span> <span class='ocrx_word' id='word_1_299' title='bbox 919 3479 1128 3533; x_wconf 88' lang='lat' dir='ltr'>creditis</span> <span class='ocrx_word' id='word_1_300' title='bbox 1169 3484 1221 3533; x_wconf 92' lang='lat' dir='ltr'>et</span> <span class='ocrx_word' id='word_1_301' title='bbox 1256 3480 1614 3534; x_wconf 89' lang='lat' dir='ltr'>indubitanter</span> <span class='ocrx_word' id='word_1_302' title='bbox 1650 3479 1867 3546; x_wconf 85' lang='lat' dir='ltr'>tenetis,</span> <span class='ocrx_word' id='word_1_303' title='bbox 1917 3494 2042 3545; x_wconf 89' lang='lat' dir='ltr'>rogo</span> <span class='ocrx_word' id='word_1_304' title='bbox 2081 3494 2173 3531; x_wconf 87' lang='lat' dir='ltr'>vos</span> <span class='ocrx_word' id='word_1_305' title='bbox 2213 3482 2265 3531; x_wconf 92' lang='lat' dir='ltr'>et</span> <span class='ocrx_word' id='word_1_306' title='bbox 2300 3494 2454 3549; x_wconf 87' lang='lat' dir='ltr'>prae-</span> 
     </span>
     <span class='ocr_line' id='line_1_35' title="bbox 516 3572 2455 3644; baseline 0.002 -20"><span class='ocrx_word' id='word_1_307' title='bbox 516 3572 652 3642; x_wconf 91' lang='lat' dir='ltr'>cipio</span> <span class='ocrx_word' id='word_1_308' title='bbox 692 3590 802 3641; x_wconf 87' lang='lat' dir='ltr'>eg0,</span> <span class='ocrx_word' id='word_1_309' title='bbox 845 3574 1235 3644; x_wconf 87' lang='lat' dir='ltr'>qualiscumque</span> <span class='ocrx_word' id='word_1_310' title='bbox 1271 3576 1435 3628; x_wconf 86' lang='lat' dir='ltr'>frater</span> <span class='ocrx_word' id='word_1_311' title='bbox 1474 3579 1525 3628; x_wconf 91' lang='lat' dir='ltr'>et</span> <span class='ocrx_word' id='word_1_312' title='bbox 1562 3575 1804 3642; x_wconf 89' lang='lat' dir='ltr'>indignus</span> <span class='ocrx_word' id='word_1_313' title='bbox 1843 3574 2094 3640; x_wconf 87' lang='lat' dir='ltr'>magister</span> <span class='ocrx_word' id='word_1_314' title='bbox 2132 3577 2319 3641; x_wconf 88' lang='lat' dir='ltr'>vester,</span> <span class='ocrx_word' id='word_1_315' title='bbox 2361 3590 2455 3644; x_wconf 87' lang='lat' dir='ltr'>per</span> 
     </span>
     <span class='ocr_line' id='line_1_36' title="bbox 517 3668 2451 3739; baseline 0.002 -20"><span class='ocrx_word' id='word_1_316' title='bbox 517 3668 924 3738; x_wconf 91' lang='lat' dir='ltr'>omnipotentem</span> <span class='ocrx_word' id='word_1_317' title='bbox 944 3669 1142 3724; x_wconf 90' lang='lat' dir='ltr'>Deum:</span> <span class='ocrx_word' id='word_1_318' title='bbox 1171 3671 1411 3724; x_wconf 87' lang='lat' dir='ltr'>adiuvate</span> <span class='ocrx_word' id='word_1_319' title='bbox 1439 3675 1490 3724; x_wconf 92' lang='lat' dir='ltr'>et</span> <span class='ocrx_word' id='word_1_320' title='bbox 1515 3670 1798 3723; x_wconf 84' lang='lat' dir='ltr'>succurrite</span> <span class='ocrx_word' id='word_1_321' title='bbox 1822 3669 2088 3738; x_wconf 87' lang='lat' dir='ltr'>praedicto</span> <span class='ocrx_word' id='word_1_322' title='bbox 2114 3670 2254 3739; x_wconf 91' lang='lat' dir='ltr'>patri</span> <span class='ocrx_word' id='word_1_323' title='bbox 2280 3673 2451 3723; x_wconf 89' lang='lat' dir='ltr'>vestro</span> 
     </span>
    </p>
   </div>
  </div>
 </body>
</html>
