2730 4198
795 287 1070 327 GREGoRn
1104 289 1184 325 vn
1220 286 1485 326 REGISTRI
1521 287 1579 323 VI
1606 286 1668 323 26.
1695 285 1756 322 27.
2136 269 2243 322 363

308 406 516 476 quistis3
558 421 616 458 eo
655 404 897 458 videlicet
933 409 1128 473 tenore,
1168 421 1234 458 ne
1273 404 1515 473 deinceps
1552 406 1733 455 contra
1756 404 1938 454 nostra
1964 403 2015 453 et
2041 403 2244 452 sancto-
2307 405 2420 448 1079

304 519 421 555 rum
448 517 701 553 canonum
730 502 936 554 decreta
962 518 1113 569 agere
1138 499 1500 570 praesumatis
1561 497 1709 561 Quod
1734 497 1779 550 si
1808 497 1979 549 facere
2003 494 2246 562 neglexe-
2275 464 2383 501 Mart'
2404 466 2453 502 14

305 597 437 665 ritis,
478 597 614 664 quod
653 597 804 664 absit,
843 613 1153 665 rursumque
1192 595 1387 648 clamor
1426 594 1491 646 ad
1528 610 1623 646 nos
1663 609 1754 646 seu
1784 592 1851 645 ad
1875 591 2128 645 vicarium
2153 607 2246 643 no-

306 697 489 760 strum,
529 692 875 746 venerabilem
903 693 1075 745 virum
1099 691 1372 758 Hugonem
1398 689 1645 741 Diensem
1673 687 1991 757 episcopum,
2027 685 2246 754 venerit,

306 791 358 842 et
396 788 619 856 gratiam
659 787 798 841 beati
822 788 965 841 Petri
996 791 1046 840 et
1071 790 1304 839 nostram
1341 783 1588 854 perdetiS,
1630 786 1681 835 et
1717 798 1812 834 nos
1850 781 2068 834 ulterius
2105 781 2246 834 nullo

305 884 458 936 modo
502 885 764 953 patiemur
802 884 1023 951 inultos,
1073 882 1188 950 sed,
1231 881 1364 934 sicut
1401 879 1618 946 dignum
1663 877 1849 945 fuerit,
1897 877 2068 944 gladio
2108 876 2248 930 beati

303 977 449 1032 Petri
487 984 841 1050 contemptum
890 983 1125 1032 nostrum
1174 975 1568 1030 vindicabimus.
1643 971 1786 1026 Data
1822 971 2017 1026 Romae
2057 974 2088 1025 2
2127 971 2248 1024 Idus

305 1074 499 1143 Martii,
538 1075 820 1129 indictione
861 1077 909 1128 2.

307 1245 384 1308 VI
411 1250 511 1307 27.
546 1252 820 1304 Monackis
846 1249 1163 1304 Dolensibus
1189 1247 1384 1311 scribit,
1400 1243 1687 1300 'Gualterio
1716 1246 1932 1309 demoto,
1975 1244 2248 1296 Wormun-

546 1349 669 1399 dum
707 1347 1153 1415 archiepiscopum
1189 1343 1524 1396 Viennensem
1553 1362 1585 1393 a
1611 1360 1664 1393 se
1690 1341 1924 1393 abbatem
1953 1342 2251 1392 ordinatum

532 1460 663 1509 esse.
741 1441 1128 1493 Inobedientiae
1175 1439 1392 1490 luendae
1440 1456 1599 1489 causa
1644 1455 1696 1489 se
1745 1437 2036 1489 Valentiam
2075 1436 2248 1504 confe-

546 1548 669 1589 rant
707 1539 777 1589 ad
814 1537 1090 1606 Huqonem
1130 1536 1428 1605 episcopum
1466 1534 1732 1586 Dieneem.

451 1646 731 1715 Gregorius
761 1646 1034 1716 episcopus
1062 1661 1241 1698 servus
1269 1660 1539 1697 servorum
1563 1642 1665 1701 Dei
1688 1641 1955 1695 monachis
1982 1638 2253 1695 Dolensis¹
2314 1650 2427 1692 1079

302 1743 622 1796 monasterii.
2280 1710 2388 1746 Mart.
2408 1710 2457 1746 20

451 1838 740 1906 Noveritis,
796 1835 1145 1903 Gualterium,
1195 1851 1349 1904 quem
1386 1833 1532 1887 vobis
1569 1834 1626 1887 in
1664 1833 1905 1887 abbatem
1943 1837 2125 1886 contra
2162 1850 2252 1887 ex-

306 1934 829 1988 communicationem
878 1931 1193 2002 apostolicae
1251 1930 1388 1984 sedis
1445 1929 1814 1998 constituistiS,
1873 1929 2252 1983 collaudatione

305 2030 528 2084 Romani
567 2029 771 2083 concilii
800 2045 831 2081 a
853 2027 1005 2081 nobis
1032 2025 1515 2096 inrecuperabiliter
1546 2042 1659 2079 esse
1685 2026 1981 2095 depositum
2008 2029 2077 2094 et,
2117 2026 2162 2078 si
2189 2025 2252 2079 de

307 2126 756 2180 administratione
797 2125 1036 2178 abbatiae
1073 2127 1278 2176 vestrae
1317 2139 1371 2176 se
1408 2121 1644 2191 ulteriUS,
1686 2121 1907 2189 cognitis
1938 2121 2019 2174 his
2045 2121 2252 2190 litteriS,

304 2222 674 2290 intromiserit,
716 2221 926 2274 omnino
956 2218 1535 2273 excommunicandum.
1602 2217 1930 2287 Quapropter
1968 2217 2256 2288 apostolica

305 2317 452 2371 vobis
493 2318 802 2371 auctoritate
841 2315 1219 2386 praecipimus:
1260 2318 1320 2367 ut
1358 2314 1673 2367 confratrem
1711 2317 1950 2366 nostrum
1975 2312 2254 2367 Wormun-

306 2413 430 2466 dum
470 2413 814 2467 Viennensem
855 2412 1329 2482 archiepiscopum,
1379 2427 1534 2481 quem
1571 2409 1719 2463 vobis
1767 2409 1824 2462 in
1863 2409 2101 2463 abbatem
2141 2409 2252 2463 Deo

309 2512 566 2562 annuente
606 2510 976 2577 ordinavimuS,
1017 2508 1128 2561 sine
1169 2507 1312 2561 omni
1342 2506 1749 2560 contradictione
1781 2505 2079 2576 suscipiatis
2118 2509 2169 2558 et
2207 2506 2255 2559 ei

308 2603 442 2656 sicut
477 2604 618 2672 patri
666 2609 717 2658 et
765 2604 941 2658 abbati
985 2621 1080 2674 per
1127 2603 1303 2657 omnia
1350 2607 1461 2656 toto
1513 2602 1683 2655 cordis
1725 2600 1910 2656 affectu
1949 2601 2252 2656 oboediatis.

307 2698 379 2752 Et
417 2699 539 2767 quia
585 2717 689 2752 non
736 2700 999 2753 modicum
1046 2717 1140 2769 pro
1188 2699 1575 2753 inoboedientia
1611 2701 1787 2752 vestra
1832 2698 2126 2752 incurristis
2165 2698 2254 2752 de-

307 2794 507 2863 lictum,
546 2795 896 2865 praecipimus
926 2795 1098 2849 vobis:
1138 2799 1198 2847 ut
1237 2795 1498 2849 dominica
1532 2794 1705 2864 prima
1729 2798 1849 2864 post
1872 2790 2253 2864 pentecosten²,

309 2890 506 2944 scilicet
543 2891 600 2943 in
639 2892 852 2958 octaviS,
893 2907 1070 2944 coram
1106 2891 1300 2944 vicario
1340 2894 1518 2944 nostro
1545 2890 1764 2958 Hugone
1790 2890 1974 2943 Diensi
2009 2890 2252 2960 episcopo

308 2986 641 3055 satisfacturi,
682 2987 955 3040 Valent-iae
979 2986 1222 3039 videlicet
1249 2986 1384 3055 urbi,
1424 3003 1516 3039 vos
1555 2986 1958 3056 repraesentetis
1999 2991 2077 3054 et,
2118 2985 2255 3054 quod

307 3081 420 3152 ipse
446 3082 594 3136 vobis
620 3082 960 3153 praeceperit,
991 3082 1322 3135 oboedienter
1347 3083 1585 3136 teneatis
1637 3081 1830 3145 Quodsi
1857 3081 2048 3151 spiritu
2074 3098 2253 3150 super-

308 3178 392 3232 bie
418 3178 500 3231 his
527 3179 721 3232 nostris
748 3178 936 3231 litteris
962 3177 1352 3231 inoboedientes
1382 3178 1605 3245 fueritiS,
1646 3177 2251 3244 excommunicationem,

310 3290 341 3326 a
377 3275 610 3344 praefato
651 3275 845 3327 vicario
885 3279 1063 3328 nostro
1097 3290 1252 3344 super
1276 3290 1368 3326 vos
1406 3273 1617 3341 factam,
1659 3273 1722 3326 ab
1759 3273 1850 3325 illo
1891 3272 1973 3325 die
2010 3289 2106 3326 nos
2133 3289 2253 3325 con-

308 3368 560 3439 firmasse,
586 3370 943 3425 indubitanter
959 3370 1162 3423 sciatis,
1293 3369 1433 3422 Data
1456 3368 1619 3422 Rome
1649 3370 1715 3421 13
1742 3367 2006 3422 Kalendas
2030 3367 2250 3438 Aprilis,

307 3464 589 3519 indictione
628 3468 677 3520 2.

429 3573 469 3617 1.
502 3586 538 3618 s.
559 3574 913 3631 Burgidolensis,
947 3573 990 3618 d.
1013 3573 1321 3618 Bituricensis.
1500 3573 1542 3616 2.
1574 3571 1677 3616 Mai.
1702 3572 1772 3616 19.
