2722 4172
860 261 1134 301 GREGORII
1169 263 1248 300 vn
1283 261 1545 301 REGIs‘rRI
1579 261 1602 298 1
1627 259 1663 297 6.
2157 243 2224 298 15

294 383 446 434 tenus
493 383 546 434 et
589 378 731 432 illius
780 379 1007 432 animam
1056 380 1122 433 ad
1168 379 1357 448 gaudia
1401 382 1640 432 aeternae
1677 375 2014 430 beatitudinis
2053 379 2225 429 trans-

295 476 431 530 ferat
474 479 526 530 et
560 474 711 529 nobis
752 475 818 529 ad
854 476 1124 530 ferendum
1163 493 1292 530 onus
1331 474 1635 545 impositum
1675 471 1927 526 auxilium
1966 488 2089 525 suae
2128 489 2226 524 mi-

296 572 570 627 serationis
609 572 892 642 impendat.

442 667 575 732 Quia
610 686 734 723 vero
772 668 910 722 hunc
935 668 1249 722 confratrem
1272 668 1526 733 nostrum,
1565 664 1808 718 videlicet
1831 663 2064 732 Ugonem
2093 663 2227 717 Can-

296 764 500 834 didum,
544 765 602 818 in
637 770 813 835 partes
851 765 969 818 illas
1009 763 1166 832 dirigi
1202 766 1408 832 tempus
1448 764 1499 814 et
1535 777 1712 814 rerum
1750 761 2099 831 competentia
2133 777 2228 831 po-

297 861 518 916 stulasse
555 861 851 930 videbatur,
898 860 1230 932 prudentiam
1267 861 1496 912 vestram
1544 857 1754 910 omnino
1803 861 2071 910 exoratam
2116 873 2229 910 esse

295 958 560 1027 volumus,
611 962 863 1027 quatenus
910 956 1184 1025 Hugonem
1230 954 1624 1008 Cluniacensem
1674 953 1914 1007 abbatem
1965 958 2016 1006 et
2062 957 2229 1006 totam

297 1055 748 1124 congregationem
784 1054 1005 1108 fratrum
1042 1053 1119 1105 ita
1157 1051 1223 1104 ad
1246 1067 1431 1121 pacem
1457 1055 1509 1104 et
1534 1051 1791 1118 integram
1816 1049 1969 1102 huius
1997 1049 2230 1103 dilectio-

296 1168 418 1206 nem
453 1150 658 1205 flectere
698 1154 750 1204 et
787 1150 1098 1217 coniungere
1136 1147 1405 1216 studeam,
1444 1151 1504 1200 ut
1541 1146 1824 1200 auxiliante
1855 1145 1966 1199 Deo
2005 1145 2138 1198 nihil
2174 1145 2231 1198 in

295 1248 503 1302 illorum
542 1247 827 1315 mentibuS‚
880 1245 1016 1315 quod
1054 1245 1283 1298 invisum
1331 1248 1420 1297 aut
1458 1243 1795 1296 dissensionis
1846 1242 1983 1295 nube
2034 1243 2102 1295 sit
2140 1241 2230 1296 ob-

296 1347 507 1412 tectum,
546 1343 868 1412 relinquatis,
934 1342 1066 1396 Nam
1108 1345 1160 1395 et
1195 1341 1295 1409 hic,
1337 1340 1535 1394 abiecto
1576 1339 1718 1393 omni
1759 1339 1972 1393 arbitrio
2012 1356 2124 1407 su0‚
2165 1338 2232 1391 ad

297 1457 386 1495 cor
421 1444 658 1494 nostrum
694 1443 977 1508 nostraque
1015 1437 1232 1491 consilia
1268 1438 1491 1506 rediens,
1530 1437 1588 1490 in
1627 1437 1806 1491 eodem
1846 1453 2000 1490 sensu
2026 1435 2230 1489 eadem-

297 1554 396 1607 que
431 1536 697 1591 voluntate
737 1552 797 1589 ac
822 1535 993 1589 studio
1019 1534 1169 1588 nobis
1200 1539 1280 1589 est
1303 1551 1582 1588 connexus
1631 1533 1702 1587 Et
1737 1550 1814 1602 ea„
1855 1550 1986 1603 quae
2014 1532 2232 1586 antehac

297 1633 398 1688 sibi
433 1633 681 1704 imposita
718 1640 839 1686 sunt
874 1632 1081 1685 vivente
1122 1630 1288 1684 adhuc
1326 1630 1534 1684 domino
1572 1635 1778 1684 nostro⁸
1803 1646 1959 1701 papa,
2001 1646 2065 1683 ex
2105 1628 2232 1682 alio-

295 1747 413 1784 rum
449 1730 616 1798 magis
656 1746 812 1799 quam
850 1729 960 1782 eius
999 1727 1152 1798 culpa
1189 1726 1425 1797 prodisse
1463 1728 1814 1795 cognovimus

443 1825 659 1880 Praeter
707 1825 835 1878 haec
880 1824 1182 1878 meminisse
1232 1823 1447 1891 debetis,
1507 1823 1644 1893 quod
1695 1824 1750 1876 in
1796 1823 1985 1876 litteris
2036 1822 2234 1875 domini

299 1924 468 1977 nostri
514 1922 697 1977 beatae
743 1921 1025 1975 memoriae
1063 1920 1351 1974 Alexandri
1400 1923 1451 1973 et
1496 1923 1676 1973 nostra
1727 1936 1929 1989 quoque
1974 1918 2234 1986 legatione

300 2020 434 2073 orati
485 2023 537 2074 et
583 2018 886 2073 commoniti
934 2017 1133 2085 fuistis,
1187 2020 1441 2086 quatenus
1481 2033 1666 2070 causae
1704 2012 1890 2070 Evuli¹
1927 2015 2131 2070 comitis
2171 2014 2234 2068 de

299 2111 517 2169 Roceio²
544 2132 638 2186 per
663 2132 755 2169 vos
795 2119 846 2168 et
882 2132 977 2185 per
1016 2113 1335 2167 antedictum
1374 2113 1615 2167 abbatem
1653 2113 1887 2166 favorem
1927 2112 2117 2166 addere
2153 2112 2234 2164 in-

302 2212 583 2278 sisteretis3
626 2216 678 2265 et
715 2212 922 2279 cognita
958 2211 1215 2281 pactione,
1256 2227 1412 2279 quam
1450 2210 1722 2263 nobiscum
1761 2209 1824 2263 de
1863 2213 2003 2263 terra
2029 2208 2236 2280 Hyspa-

297 2309 416 2362 niae
461 2303 692 2379 pepigit³
730 2307 785 2360 in
825 2308 1046 2378 script0,
1099 2299 1236 2376 quod
1274 2307 1374 2360 sibi
1413 2306 1674 2375 dedimUS,
1722 2323 1828 2360 una
1865 2323 1984 2360 cum
2021 2305 2235 2360 consilio

301 2405 502 2460 abbatis
550 2405 680 2459 tales
718 2404 842 2458 illuc
878 2420 1129 2475 personas
1169 2403 1325 2471 dirigi
1360 2404 1736 2474 procuraretis:
1789 2403 1877 2472 qui
1917 2407 1969 2456 et
2007 2419 2238 2456 errorem

303 2501 703 2555 christianorum
742 2501 831 2570 qui
868 2501 943 2555 ibi
979 2500 1349 2571 repperiuntur
1386 2499 1442 2552 in
1483 2499 1842 2570 spiritualibus
1869 2500 2127 2567 corrigere
2155 2516 2236 2552 sa-

300 2601 501 2668 perent,
543 2602 594 2652 et
629 2598 686 2651 in
724 2597 1057 2667 exquirendis
1098 2596 1266 2651 causis
1307 2596 1472 2650 sancti
1501 2595 1646 2650 Petri
1682 2597 1831 2650 iuxta
1869 2600 2104 2650 tenorem
2142 2613 2237 2667 pa-

306 2693 520 2762 ctionis,
561 2694 606 2746 si
641 2711 725 2748 res
763 2694 894 2748 bene
931 2694 1259 2764 procederet,
1299 2698 1381 2746 sat
1416 2693 1592 2747 idonei
1627 2694 1814 2748 forent.
1894 2693 2042 2757 Quod
2081 2693 2126 2746 si
2163 2693 2239 2746 ita

304 2790 499 2844 factum
545 2794 649 2859 est,
697 2790 847 2844 nobis
883 2790 1106 2844 multum
1143 2790 1339 2861 placet3
1389 2791 1468 2843 sin
1508 2807 1630 2844 vero
1672 2790 1840 2844 adhuc
1877 2790 2053 2860 aliqua
2091 2807 2237 2844 occa-

302 2887 447 2941 sione
485 2886 913 2958 praetermissum
952 2890 1046 2956 est,
1088 2892 1177 2940 aut
1215 2887 1371 2940 etiam
1411 2887 1457 2940 si
1495 2887 1678 2940 eadem
1717 2888 1988 2940 conventio
2031 2886 2094 2940 ab
2123 2886 2237 2940 aliis

301 2983 610 3053 quibusdam
648 2983 988 3053 principibUS‚
1031 2999 1159 3052 quos
1196 2983 1252 3036 in
1291 2983 1473 3037 eadem
1509 2988 1659 3054 parte
1698 3000 1934 3037 seorsum
1973 2983 2037 3036 ab
2072 2983 2237 3037 Evolo

303 3080 411 3133 suis
438 3080 613 3150 ‚copiis
651 3080 817 3133 ituros
855 3078 1224 3148 intelleximuS‚
1263 3080 1495 3133 nondum
1534 3081 1795 3149 exquisita
1834 3084 1928 3148 est,
1970 3079 2236 3133 volumus:

301 3180 360 3230 ut
406 3193 525 3230 cum
562 3180 735 3231 vestro
784 3175 998 3230 consilio
1049 3179 1101 3229 et
1149 3175 1351 3229 abbatis
1389 3177 1540 3245 Hugo
1579 3176 1857 3230 cardinalis
1898 3175 2022 3229 illuc
2060 3176 2241 3229 tendat

303 3277 356 3327 et
393 3290 613 3343 aequam
651 3273 714 3327 ab
755 3273 993 3327 omnibus
1042 3289 1107 3326 ex
1152 3276 1303 3342 parte
1342 3274 1509 3327 sancti
1546 3273 1689 3327 Petri
1726 3272 2021 3343 pactionem
2061 3276 2113 3326 et
2151 3273 2238 3327 de-

418 3446 451 3473 a.
485 3435 695 3473 Alexandro
722 3437 908 3474 excidisse
933 3436 1088 3472 videtur.

421 3523 462 3566 1.
493 3522 558 3580 11,
600 3523 678 3579 qui
714 3521 800 3566 fuit
836 3535 976 3578 gener
1013 3520 1199 3565 Roberti
1237 3520 1487 3566 Guiscardi.
1534 3522 1590 3567 V.
1621 3521 1915 3566 Guillermum
1944 3520 2239 3579 Apuliensem

302 3595 354 3638 L.
375 3595 442 3640 IV
472 3596 542 3652 13,
572 3596 690 3640 Mon.
717 3594 866 3640 Germ.
893 3594 971 3640 SS.
995 3595 1061 3639 IX
1083 3595 1183 3639 279.
1333 3596 1374 3638 2.
1407 3596 1577 3653 Roucy,
1601 3608 1628 3639 a
1648 3596 1801 3640 Remis
1821 3595 1938 3639 inter
1958 3595 2239 3640 occidentem

304 3671 350 3712 et
379 3670 735 3725 septemtriones.
914 3670 955 3713 3.
990 3668 1057 3714 Cf.
1089 3681 1159 3725 ep.
1184 3669 1208 3712 7
1240 3667 1367 3712 infra.

2273 380 2387 424 1073

2186 472 2196 482 .
2256 441 2347 488 Apr.
2366 441 2414 478 30
