2730 4198
560 321 667 376 548
865 337 1139 375 GREGORII
1176 338 1254 374 VII
1292 335 1601 373 EPISTOLAE
1641 336 1983 374 COLLECTAE.
2023 338 2196 374 21—23.

385 457 499 502 1077
558 453 824 521 religiose3
866 457 918 507 et
955 453 1029 507 sic
1065 469 1157 506 vos
1197 451 1495 505 obedientes
1522 451 1634 505 Deo
1675 455 1727 505 et
1764 456 1941 505 sancto
1968 452 2124 506 Petro
2162 454 2219 506 in
2257 454 2496 508 omnibus

351 515 444 564 (Μ’
466 516 529 565 28)
560 549 814 617 exhibete,
856 549 1117 618 quatinuS,
1157 548 1272 617 ipso
1302 547 1656 616 apostolorum
1682 547 1919 618 principe
1946 549 2340 617 interveniente,
2367 550 2497 603 utri-

557 661 722 713 usque
758 644 896 698 vitae
933 643 1154 711 gloriam
1194 646 1246 696 et
1282 642 1584 696 felicitatem
1624 643 1871 711 consequi
1908 644 2230 698 mereamini.

562 817 662 874 22.
702 821 1051 891 Hildolphum
1090 820 1536 890 arehiepiscopum
1564 817 1915 874 Coloniensem
1953 822 2207 886 hortatur,
2248 831 2305 874 ut
2342 821 2497 873 eccle-

703 919 812 968 sia-e
848 916 1273 968 Brunwilarensi
1309 915 1539 968 ablatum
1578 913 1783 968 Cloteno
1815 918 2099 987 praedium
2136 918 2414 969 restituaffl.

353 1027 467 1071 1077
706 1066 864 1078 .....
905 1024 1024 1078 Non
1062 1028 1194 1092 eget,
1235 1041 1263 1077 o
1303 1023 1394 1093 fili,
1434 1024 1592 1093 Deus,
1635 1025 1809 1079 offerri
1849 1026 2126 1095 quicquam
2154 1043 2219 1078 ex
2243 1025 2501 1078 iniustitia

301 1085 527 1134 (Im-Im)
558 1121 682 1187 sibi3
725 1122 862 1189 quia,
901 1125 961 1174 ut
997 1120 1218 1188 legimus
1238 1117 1265 1188 ¹,
1307 1121 1381 1174 sic
1409 1121 1455 1174 ei
1481 1120 1612 1174 fiunt
1637 1122 1880 1175 victimae
1907 1140 1971 1176 ex
1997 1122 2200 1192 rapina,
2242 1120 2498 1190 quomodo

558 1216 601 1269 si
648 1220 841 1269 mactet
879 1216 994 1285 quis
1033 1214 1199 1268 filium
1236 1216 1293 1268 in
1332 1217 1496 1286 patris
1536 1219 1847 1287 praesentia.
1925 1217 2251 1271 Patratorem
2291 1216 2500 1286 quidem

554 1311 843 1386 vmultorum
880 1311 1135 1364 bonorum
1177 1312 1483 1378 agnovimus
1522 1312 1737 1365 fratrem
1765 1318 2003 1366 nostrum
2028 1313 2306 1366 Annonem
2333 1311 2500 1365 archi-

557 1407 874 1476 episcopum.
955 1406 1058 1460 Sed
1107 1411 1284 1460 tamen
1329 1407 1386 1459 in
1432 1407 1530 1460 hac
1567 1412 1717 1477 parte
1756 1409 1971 1462 minime
2011 1393 2364 1462 defendendus
2403 1410 2499 1476 est,

555 1519 660 1554 non
702 1518 928 1555 errasse:
971 1502 1112 1570 dum,
1155 1502 1293 1571 quod
1329 1502 1481 1555 beato
1507 1502 1721 1556 Nicolao
1761 1505 2068 1574 praeripuit,
2110 1508 2320 1557 sanctae
2355 1503 2501 1571 geni-

555 1598 674 1651 trici
710 1597 811 1650 Dei
860 1600 1068 1664 gratum
1114 1597 1476 1650 holocaustum
1525 1599 1843 1666 aestimavit3
1895 1600 2097 1653 dicente
2135 1599 2361 1652 Domino
2405 1616 2500 1668 per

554 1692 891 1762 prophetam:
936 1693 1076 1760 Quia
1115 1712 1205 1763 eqo
1233 1694 1496 1746 Dominus
1529 1695 1750 1765 diliqens
1776 1698 2046 1761 iudicium,
2090 1706 2136 1748 et
2162 1698 2280 1748 odio
2308 1695 2499 1747 habens

553 1792 802 1862 rapinam
839 1791 897 1841 in
935 1790 1231 1842 holocausto
1244 1785 1277 1841 ².
1336 1789 1445 1842 Nec
1482 1789 1561 1842 fas
1603 1793 1696 1858 est,
1738 1807 1768 1842 a
1804 1789 2044 1843 fidelibus
2080 1790 2236 1856 credi,
2277 1787 2500 1844 matrem

556 1884 853 1954 discrepare
912 1901 942 1938 a
989 1884 1256 1938 voluntate
1302 1883 1423 1952 filii;
1484 1885 1604 1938 dum
1653 1886 1708 1938 id
1753 1902 1967 1955 prorsus
2018 1889 2219 1938 constet
2265 1886 2501 1954 utrisque

555 1981 828 2049 proprium
868 1983 1023 2050 atque
1061 1997 1352 2049 commune,
1393 1981 1573 2034 eadem
1613 1980 1746 2034 velle
1786 1985 1838 2033 et
1876 1981 2058 2034 eadem
2095 1980 2249 2034 nolle.
2314 1981 2389 2034 At
2425 1985 2500 2050 tu,

554 2092 620 2129 ne
660 2075 981 2129 defendendo
1021 2077 1332 2130 iniustitiam
1371 2077 1597 2138 videaris
1638 2075 1898 2129 offendere
1924 2076 2111 2144 Deum,
2151 2076 2276 2130 tolle
2303 2077 2502 2130 deme-
2549 2130 2551 2132 ,

556 2171 670 2239 die,
722 2171 886 2240 quod,
929 2172 1057 2225 alias
1094 2171 1219 2226 licet
1255 2172 1447 2241 bonus,
1487 2172 1572 2225 hic
1609 2171 1746 2225 male
1786 2172 2051 2226 consultus
2091 2172 2353 2226 commisit
2391 2172 2501 2242 epi-

555 2283 741 2337 scopus
780 2266 962 2334 Ann03
1010 2285 1076 2320 ne
1128 2271 1180 2321 et
1225 2268 1366 2321 illius
1415 2268 1786 2321 detrimentum
1826 2268 1895 2320 sit
1933 2285 2151 2321 coronae
2192 2273 2243 2321 et
2281 2267 2376 2321 tibi
2415 2283 2499 2320 oc-

554 2363 693 2416 casio
734 2362 917 2433 culpae
922 2403 1080 2416 .....

559 2536 659 2593 23.
706 2538 1160 2609 Archiepiscopoe,
1193 2540 1477 2609 episcopm,
1508 2539 1713 2591 abbates
1746 2537 1957 2593 Galliae
1981 2538 2327 2609 reprehendit,
2359 2539 2501 2607 quod

702 2635 805 2686 sibi
828 2636 1072 2686 maximis
1099 2634 1492 2703 dffficultatz'bus
1520 2636 1808 2704 conflictato
1829 2653 1936 2686 non
1956 2637 2061 2687 sint
2079 2634 2296 2686 auxilio·
2337 2633 2498 2686 Man—

703 2731 809 2794 dat,
852 2731 924 2782 ad
960 2731 1217 2799 synodum
1241 2732 1452 2783 veniant
1474 2731 1642 2782 medio
1669 2749 1839 2782 mense
1864 2730 2151 2796 Novembri
2171 2726 2496 2799 yerendamb.

410 2845 523 2889 1078
703 2837 1026 2907 G(regorius)
1076 2840 1377 2910 episcopus⁰
1417 2857 1597 2893 servus
1648 2857 1917 2894 servorum
1954 2840 2055 2893 Dei
2093 2838 2498 2909 archiepiscopis

557 2934 814 3004 episcopis
854 2935 1127 2989 abbatibus
1166 2937 1223 2989 in
1262 2934 1434 2988 Gallia
1472 2937 1785 3005 constitutis,
1827 2937 1916 3005 qui
1953 2936 2010 2988 in
2048 2935 2245 3003 gremio
2285 2936 2498 2987 sanctae

554 3029 817 3084 Romanae
857 3031 1104 3085 ecclesiae
1140 3048 1448 3102 permanere
1487 3031 1754 3100 videntur,
1806 3031 2028 3085 salutem
2068 3034 2120 3083 et
2158 3029 2498 3100 apostolicam

555 3125 982 3180 benedictionem.

702 3221 932 3285 Quantas
970 3221 1367 3276 tribulationum
1408 3222 1675 3290 angustias
1716 3226 1767 3276 et
1791 3222 2211 3292 persecutionum
2239 3219 2495 3290 procellas

556 3333 616 3371 ac
651 3318 885 3388 pondera
921 3317 1271 3387 periculorum
1308 3318 1618 3372 universalis
1656 3321 1824 3371 mater
1863 3321 2042 3371 sancta
2065 3316 2299 3369 Romana
2334 3315 2495 3370 eccle-

671 3453 704 3479 θ..
739 3444 857 3479 Huius
885 3443 1064 3490 epistolae
1089 3445 1338 3492 fragmentum
1366 3443 1468 3479 istud
1494 3445 1657 3480 servavit
1685 3442 1882 3480 Comedus
1919 3443 1956 3478 in
1987 3443 2066 3478 vita
2097 3442 2322 3487 Wolfbelmi
2347 3441 2495 3478 abbatis

555 3509 864 3546 Brunmilarensis
901 3522 962 3557 ap.
991 3509 1183 3545 Mobillon
1218 3509 1320 3544 Acta
1355 3509 1422 3545 SS.
1450 3508 1530 3545 ord.
1560 3510 1647 3545 Ben.
1679 3509 1738 3546 VI
1766 3510 1811 3544 P.
1827 3509 1870 3543 ll
1900 3506 1976 3543 684
2009 3514 2043 3542 et
2076 3508 2113 3542 in
2149 3510 2255 3544 Mon.
2282 3509 2400 3544 Germ.
2427 3507 2495 3545 SS-

554 3574 640 3610 XII
664 3574 751 3619 187,
779 3588 933 3623 eamque
962 3574 1122 3611 tradidit
1146 3573 1187 3610 in
1205 3572 1413 3610 confinibus
1431 3572 1583 3621 Alpium
1607 3574 1739 3610 datam
1757 3586 1847 3610 esse.
1951 3571 1988 3608 b.
2014 3573 2169 3622 Legitur
2197 3586 2258 3621 ap.
2275 3572 2495 3610 Udalricum

555 3639 797 3688 Babenberg„
824 3641 995 3676 Eccardz·
1020 3643 1130 3688 Corp.
1151 3641 1234 3677 hist.
1263 3643 1303 3677 II
1330 3640 1417 3677 157.
1573 3650 1604 3675 c.
1633 3639 1832 3686 episcopus
1861 3637 2010 3674 addidi.

674 3709 714 3752 1.
748 3708 814 3753 Of.
837 3710 975 3754 Eccli.
998 3711 1068 3767 34,
1092 3711 1162 3753 24.
1313 3712 1354 3754 2.
1386 3710 1492 3753 Isai.
1515 3711 1584 3765 61,
1607 3710 1648 3753 8.
