2730 4198
541 297 651 351 404
1044 309 1316 348 Gna-Gonu
1355 310 1433 346 vn
1470 307 1732 346 nnels'rm
1769 309 1848 345 vn
1882 307 1931 345 14
1940 318 1973 344 a.

383 431 497 475 1080
542 429 788 481 iurabunt
824 430 885 480 de
922 428 1072 495 reqni
1106 427 1471 488 dominatione,
1514 444 1547 476 a
1572 426 1854 476 iuramenti
1868 427 2219 494 promissione
2245 425 2471 478 absolvo.

360 490 467 528 Mart.
489 492 511 529 ⁷
542 523 662 592 Ipse
700 533 867 574 aute-m
891 522 1170 573 Heinricus
1210 538 1324 572 cum
1361 521 1467 572 suis
1493 519 1800 586 fautoribus
1837 521 1894 571 in
1936 522 2080 572 omni
2117 521 2476 588 conqressione

541 618 663 669 belli
696 617 867 668 nullas
905 618 1038 667 vires
1076 615 1376 684 nullamque
1409 616 1464 666 in
1491 617 1596 666 vita
1624 632 1720 666 sua
1746 615 2016 666 victoriam
2043 616 2286 683 optineat.
2413 613 2478 666 Ut

540 723 708 764 autem
748 710 1010 780 Rodulfus
1048 729 1262 779 reynum
1308 709 1704 762 Teutonicorum
1742 718 1889 777 reqat
1926 718 1973 760 et
2009 708 2278 776 defendat,
2327 726 2476 777 quem

546 806 815 860 Teutonici
860 806 1116 875 eleyerunt
1160 806 1263 857 sibi
1309 807 1366 856 in
1413 822 1607 874 reyem,
1662 804 1734 855 ad
1781 811 2034 855 vestram⁰
2060 803 2369 870 fidelitatem
2415 823 2476 857 ex

530 912 686 971 parte
727 912 896 954 vestra
943 902 1078 953 dono
1129 898 1359 969 larqiorb
1405 910 1451 951 et
1495 899 1742 959 concedo;
1801 899 2064 950 omnibusc
2110 898 2214 951 sibi
2246 899 2477 966 fideliter

539 995 929 1048 adhaerentibus
978 995 1349 1047 absolutionem
1396 996 1623 1046 omnium
1654 1003 1987 1063 peccatorum
2030 1004 2352 1063 vestramque
2390 994 2475 1047 be-

536 1092 873 1143 nedictionem
929 1092 987 1142 in
1041 1091 1139 1142 hac
1187 1092 1294 1142 vita
1346 1100 1392 1142 et
1438 1092 1494 1141 in
1536 1089 1760 1158 futura,
1820 1099 1990 1141 vestra
2030 1089 2208 1158 fretus
2251 1090 2473 1157 fiducia,

538 1186 751 1255 larqior.
820 1184 970 1238 Sicut
1015 1187 1150 1237 enim
1187 1185 1467 1237 Heinricus
1508 1203 1613 1254 pro
1661 1203 1757 1236 sua
1805 1185 2050 1254 superbia
2096 1185 2477 1238 inoboedientia

538 1291 585 1334 et
614 1280 856 1349 falsitate
905 1300 938 1332 a
984 1283 1135 1350 reqni
1177 1281 1428 1349 diqnitate
1481 1281 1611 1332 iuste
1657 1280 1908 1345 abicitur,
1969 1282 2045 1333 ita
2095 1280 2329 1349 Rodulfo
2368 1298 2474 1350 pro

536 1394 632 1427 sua
680 1375 965 1426 humilitate
1014 1374 1334 1427 oboedientia
1381 1385 1428 1427 et
1462 1377 1674 1428 veritate
1703 1385 1935 1445 potestas
1975 1386 2022 1429 et
2058 1377 2288 1446 diqnitas
2326 1378 2479 1446 reqni

538 1471 843 1522 conceditur.

682 1564 839 1634 Aque
875 1584 1013 1616 nunc
1052 1582 1224 1634 queso,
1262 1575 1439 1634 patres
1479 1575 1526 1617 et
1553 1567 1825 1635 principes
1852 1569 2185 1632 sanctissimi,
2227 1577 2284 1619 ut
2309 1568 2475 1619 omnis

535 1661 757 1712 mundus
795 1660 1053 1729 intelliqat
1090 1670 1135 1712 et
1173 1671 1474 1730 coqnoscat,
1519 1663 1661 1729 quia,
1704 1663 1753 1713 si
1779 1664 1997 1732 potestis
2036 1665 2093 1714 in
2133 1663 2270 1715 coelo
2311 1662 2477 1732 liqare

537 1766 583 1808 et
628 1756 845 1821 solvere,
891 1757 1108 1825 potestis
1155 1757 1212 1807 in
1252 1766 1391 1808 terra
1429 1758 1653 1826 imperia
1690 1775 1853 1826 reyna
1883 1760 2222 1828 principatus
2260 1759 2476 1810 ducatus

535 1851 794 1903 marchias
836 1853 1102 1903 comitatus
1143 1861 1189 1903 et
1228 1853 1457 1903 omnium
1495 1852 1761 1904 hominum
1778 1855 2131 1923 possessiones
2154 1871 2254 1923 pro
2279 1854 2477 1906 mem‘tis

535 1947 710 1999 tollere
756 1945 1062 2016 unicuique‘¹
1102 1957 1148 1999 et
1196 1948 1510 1999 concedere’.
1581 1947 1680 2000 Vos
1734 1947 1899 2000 enimd
1928 1950 2324 2019 patriarchatus
2358 1950 2476 2019 pri-

534 2040 727 2095 matus‘
765 2042 1237 2112 archiepiscopatus
1287 2045 1611 2112 episcopatus
1634 2043 1942 2113 frequenter
1986 2045 2174 2098 tulistis
2204 2047 2393 2115 pravis
2432 2054 2480 2097 et

534 2139 794 2208 indiynis,
846 2148 893 2191 et
939 2138 1198 2207 reliyiosis
1237 2140 1365 2190 viris
1401 2139 1634 2191 dedistis.
1716 2138 1784 2193 Si
1820 2142 1955 2192 enim
1993 2141 2297 2210 spiritualia
2334 2141 2475 2192 iudi-

537 2235 681 2298 catis,
725 2235 855 2303 quid
892 2235 954 2285 de
991 2233 1343 2285 saecularibus
1382 2240 1504 2286 vos⁸
1526 2253 1678 2304 posse
1717 2237 2024 2287 credendum
2059 2237 2162 2288 est!
2210 2236 2282 2288 Et
2306 2237 2356 2288 si
2378 2254 2474 2287 an-

533 2329 692 2398 yelos,
727 2331 1049 2381 dominantes
1078 2329 1312 2380 omnibus
1338 2329 1572 2398 superbis
1590 2331 1942 2400 principibus,
1970 2330 2269 2383 iudicabitis
2281 2328 2318 2396 ¹¹,
2348 2330 2478 2400 quid

537 2425 600 2476 de
636 2424 847 2476 illorum
882 2426 1042 2476 servis
1053 2424 1240 2493 facere
1257 2425 1507 2494 potestis!
1558 2424 1855 2478 Addiscant
1877 2445 2016 2478 nunc
2042 2425 2204 2496 reyes*
2233 2435 2279 2478 et
2305 2442 2476 2478 omnes

537 2519 734 2571 saeculi
755 2521 1039 2589 principes,
1083 2521 1269 2589 quanti
1291 2538 1380 2572 vos
1409 2522 1544 2585 estis,
1587 2522 1717 2589 quid
1732 2523 1977 2591 potestis‚·
2017 2532 2063 2574 et
2087 2523 2299 2573 timeant
2314 2522 2480 2590 parvi

534 2616 758 2684 pendere
807 2617 1086 2667 iussionem
1133 2615 1371 2667 ecclesiae
1416 2625 1627 2668 vestrae.
1704 2617 1778 2669 Et
1821 2619 1878 2668 in
1908 2618 2184 2687 praedicto
2225 2616 2476 2668 Heinrico

537 2708 677 2762 tamk
704 2712 802 2763 cito
842 2712 1096 2762 iudicium
1132 2721 1355 2763 vestrum
1394 2721 1629 2776 emercete,
1671 2722 1729 2764 ut
1766 2729 1938 2764 omnes
1976 2714 2161 2777 sciant,
2203 2714 2331 2782 quia
2366 2729 2474 2764 non

522 2805 778 2874 fortuitu¹
798 2807 888 2858 sed
906 2816 1075 2858 vestra
1096 2816 1344 2877 potestate
1365 2808 1524 2859 cadet.
1566 2805 1987 2875 Confundetui·¹¹¹,·
2014 2810 2216 2862 utinam
2235 2808 2307 2860 acl
2316 2809 2474 2878 peni-

538 2903 765 2966 tentiam,
806 2911 863 2955 ut
899 2903 1116 2972 spiritus
1154 2904 1224 2954 sit
1257 2902 1431 2954 salvus
1470 2905 1527 2954 in
1565 2904 1649 2954 die
1686 2902 1924 2956 Domini.

683 2994 848 3049 Aeta¹¹
886 2994 1046 3049 Rome
1083 2994 1247 3049 Nonis
1285 2995 1480 3065 Martii,
1519 2996 1804 3051 indictione
1843 3000 1892 3052 3.

651 3138 684 3163 a.
710 3128 877 3164 nostram
903 3127 941 3163 4.
1043 3125 1080 3164 b.
1106 3127 1244 3174 largior
1270 3142 1339 3165 om.
1358 3130 1394 3165 2.
1499 3139 1531 3165 e.
1560 3128 1807 3176 omnibusque
1834 3130 1870 3166 3.
1889 3129 1926 3167 4.
2029 3129 2065 3166 d.
2094 3142 2162 3165 om.
2184 3129 2221 3164 3.
2325 3138 2358 3164 e.
2384 3137 2473 3175 pos-

536 3192 725 3229 sessiones
758 3192 891 3229 tollere
925 3193 963 3228 et
996 3192 1140 3229 meritis
1168 3193 1372 3231 concedere
1405 3195 1442 3231 4.
1574 3194 1601 3231 f.
1636 3195 1820 3242 primatus
1847 3209 1916 3232 om.
1937 3195 1972 3231 2.
2100 3204 2136 3240 g.
2167 3193 2329 3241 potestis
2356 3194 2379 3229 3
2401 3206 2474 3240 pro

535 3268 602 3294 vos
636 3277 675 3282 -
708 3260 777 3295 est.
894 3257 934 3294 h.
961 3273 1031 3295 om.
1051 3259 1086 3303 3,
1114 3258 1290 3295 iudicatis
1317 3259 1353 3295 4.
1470 3260 1497 3296 i.
1524 3261 1645 3297 terrae
1673 3261 1767 3297 add.
1787 3261 1823 3297 3.
1939 3259 1976 3296 k.
2002 3260 2079 3296 tam
2106 3272 2174 3295 om.
2195 3259 2230 3295 2.
2345 3257 2371 3295 1.
2397 3257 2473 3295 for-

535 3323 629 3359 tuito
659 3325 693 3360 2.
710 3325 745 3360 4.
855 3335 903 3360 m.
933 3323 1187 3361 Confundatur
1214 3325 1249 3370 2,
1277 3325 1315 3361 et
1342 3324 1591 3362 confundetur
1617 3326 1653 3362 3.
1672 3325 1709 3363 4.
1819 3337 1856 3362 n.
1883 3325 2019 3362 Actum
2045 3325 2081 3370 2,
2108 3323 2206 3361 Data
2232 3325 2276 3369 33
2302 3323 2397 3361 Acta
2428 3342 2469 3349 —

534 3387 612 3424 ind.
632 3389 654 3424 3
683 3403 753 3426 om.
770 3389 807 3426 4.
