2722 4172
359 394 474 439 1075

343 1447 458 1491 1075

325 1508 433 1545 Mart.
451 1509 476 1545 4

509 259 612 312 176
986 271 1262 311 GREGoRn
1299 271 1380 308 vn
1415 269 1682 308 REGIsrm
1716 270 1761 307 11
1787 269 1836 308 55
1847 281 1880 307 a.
1909 271 1972 308 56.

653 389 801 453 Quod
844 389 983 442 illius
1031 391 1308 458 praecepto
1358 390 1409 440 et
1454 385 1667 439 licentia
1711 386 1955 440 subiectis
1992 387 2148 441 liceat
2187 402 2445 441 accusare.

652 484 799 548 Quod
846 484 1039 552 absque
1088 482 1326 553 synodali
1375 486 1634 535 conventu
1672 483 1841 552 possit
1879 483 2149 554 episcopos
2189 482 2448 553 deponere

505 586 558 635 et
593 580 942 634 reconciliare.

653 675 800 739 Quod
838 674 1120 728 catholicus
1158 691 1263 728 non
1301 675 1568 743 habeatur,
1613 673 1702 742 qui
1739 689 1843 726 non
1881 674 2159 728 concordat
2182 675 2448 730 Romanae

506 771 768 825 ecclesiae.
1517 765 1520 767 ’
1825 843 1827 845 ¹

652 865 799 929 Quod
839 883 870 919 a
906 864 1155 919 fidelitate
1193 866 1492 935 iniquorum
1532 865 1791 919 subiectos
1831 868 2004 935 potest
2043 865 2324 920 absolvere.

503 1036 554 1097 ΙΙ
590 1041 689 1097 56.
725 1044 1024 1095 Manassem
1051 1043 1090 1094 I
1120 1044 1568 1114 archiepiscopum
1597 1044 1898 1095 Remensem
1928 1043 2271 1113 neyliyentiae
2296 1063 2447 1097 accu-

725 1150 821 1191 sat.
883 1139 1167 1208 Roqerz'um
1194 1139 1297 1191 III
1328 1142 1626 1209 episcopum
1665 1137 2107 1204 Catalaunensem,
2151 1158 2300 1209 quem
2339 1142 2448 1193 dei-

727 1236 963 1287 ciendum
1003 1238 1270 1300 censuerit,
1320 1237 1522 1287 moneri
1556 1235 1681 1300 vult,
1722 1245 1781 1287 ut
1818 1235 1954 1287 bona
1993 1236 2192 1288 clericis·
2230 1237 2449 1298 reddam

728 1331 799 1382 ad
836 1349 989 1400 seque
1025 1333 1214 1384 veniat.

653 1438 933 1507 Gregorius
974 1441 1248 1510 episcopus
1280 1457 1460 1493 servus
1488 1456 1757 1493 servorum
1783 1439 1883 1493 Dei
1908 1437 2179 1494 Manasse¹
2204 1441 2450 1496 Remensi

506 1535 893 1605 archiepiscopo
932 1536 1152 1589 salutem
1192 1535 1244 1589 e't
1283 1535 1622 1606 apostolicam
1660 1535 2088 1589 benedictionem.

655 1629 711 1683 Si
767 1635 819 1683 te
869 1631 1149 1700 pastoralis
1197 1631 1468 1699 regiminis
1517 1647 1642 1684 cura
1687 1635 1845 1700 prout
1893 1632 2125 1702 oportuit
2170 1632 2449 1686 sollicitum

501 1726 758 1794 redderet,
799 1726 1099 1779 clericorum
1131 1726 1526 1780 Catalaunensis
1555 1727 1802 1780 ecclesiae
1832 1743 2004 1795 causa,
2044 1728 2234 1781 totiens
2262 1729 2328 1781 ad
2352 1745 2448 1782 nos

501 1822 683 1890 relata,
722 1823 830 1875 iam
869 1822 1064 1875 dudum
1105 1827 1485 1893 competentem
1514 1823 1797 1876 terminum
1824 1824 2122 1892 accepisset.
2184 1823 2286 1877 Sed
2324 1840 2450 1893 quo-

500 1918 645 1971 niam
669 1917 988 1986 negligentia
1013 1922 1105 1971 tua
1131 1923 1183 1972 et
1208 1919 1440 1989 episcopi
1464 1919 1761 1989 praedictae
1788 1916 2044 1972 civitatis²
2063 1919 2451 1973 inoboedientia

501 2014 603 2068 huc
640 2031 804 2083 usque
842 2018 1107 2084 protracta
1147 2018 1242 2083 est,
1282 2032 1493 2069 necesse
1522 2015 1672 2069 nobis
1701 2015 1816 2083 fuit,
1857 2015 2057 2068 clericis
2096 2016 2279 2069 tandiu
2319 2015 2450 2069 affli-

502 2110 599 2164 ctis
649 2126 948 2164 succurrere
994 2115 1046 2164 et
1082 2111 1461 2164 inoboedientis
1501 2111 1880 2164 contumaciam
1921 2111 2235 2181 apostolicae
2274 2116 2449 2166 aucto-

500 2206 672 2259 ritatis
711 2207 887 2274 vigore
927 2207 1258 2260 contundere.
1317 2207 1496 2260 Multis
1536 2207 1675 2261 enim
1712 2208 1879 2260 modis
1913 2208 2179 2276 praefatus
2207 2207 2448 2261 Catalau-

503 2302 678 2355 nensis
719 2303 992 2372 episcopus
1028 2307 1237 2356 nostrae
1263 2303 1482 2356 iussioni
1507 2320 1692 2372 parere
1719 2303 2045 2373 contempsit.
2104 2302 2281 2356 Primo
2309 2303 2448 2356 enim

501 2403 714 2451 vocatus
762 2398 827 2450 ad
866 2399 1120 2468 synodum
1159 2399 1337 2452 venire
1376 2398 1631 2466 neglexit3
1682 2398 1744 2451 de
1785 2415 1872 2452 ore
1910 2403 2089 2452 nostro
2129 2399 2448 2468 praesentia-

502 2493 623 2547 liter
663 2493 725 2546 de
757 2494 1085 2547 restitutione
1112 2493 1478 2548 beneficiorum
1505 2494 1809 2547 elericorum
1837 2499 2116 2565 praecepta
2143 2495 2446 2565 suscipienS‚

504 2589 751 2642 obaudire
791 2589 1054 2659 despexit3
1094 2590 1283 2644 litteris
1315 2591 1500 2644 deinde
1525 2591 1719 2643 nostris
1747 2591 2057 2659 admonitUS,
2097 2591 2290 2644 iterum
2316 2608 2448 2660 quae

502 2686 864 2755 praecepimus
902 2686 1187 2756 adimplere
1227 2687 1438 2756 sprevit.
1499 2685 1665 2749 Quam
1693 2687 1757 2740 ob
1783 2704 1894 2740 rem
1922 2691 2137 2757 propter
2162 2691 2270 2740 tam
2298 2703 2448 2740 enor-

502 2798 641 2835 mem
678 2781 1060 2835 inobedientiae
1098 2782 1447 2835 temeritatem
1486 2783 1771 2852 apostolica
1798 2783 2106 2836 auctoritate
2133 2784 2273 2836 omni
2301 2791 2447 2836 eum³

505 2877 788 2948 episcopali
816 2877 982 2931 officio
1009 2878 1320 2948 privandum
1348 2879 1669 2945 censuimus3
1711 2883 1779 2947 et,
1817 2879 1945 2932 haec
1981 2895 2075 2948 per
2113 2883 2164 2931 te
2203 2882 2446 2931 strennue

504 2974 754 3043 compleri
789 2973 931 3026 omni
956 2990 1104 3026 mora
1128 2974 1439 3044 postposita,
1481 2975 1773 3028 statuimus.
1834 2975 2018 3028 Denuo
2046 2975 2203 3027 etiam
2227 2973 2446 3027 firmiter

502 3070 869 3139 praecipimus,
909 3074 968 3122 ut
1007 3070 1053 3122 ei
1092 3069 1428 3122 nihilominus
1468 3070 1710 3138 iniungas
1752 3088 1816 3124 ex
1854 3074 2034 3122 nostra
2072 3073 2123 3122 et
2152 3073 2244 3122 tua
2267 3073 2442 3138 parte:

505 3170 758 3234 quatenus
805 3166 1086 3235 praedictis
1135 3166 1334 3219 clericis
1375 3172 1555 3236 erepta
1592 3167 1729 3220 bona
1767 3170 1818 3219 et
1855 3164 2126 3232 beneficia,
2175 3166 2317 3216 omni
2356 3182 2445 3217 ex-

504 3262 769 3315 cusatione
803 3261 1111 3331 postposita,
1153 3261 1444 3330 ubicunque
1483 3279 1694 3315 manere
1732 3261 2007 3327 voluerint,
2047 3260 2311 3326 restituat3
2355 3260 2445 3313 ad-

502 3356 678 3410 iuncto
719 3362 771 3410 et
807 3362 1116 3425 restaurate,
1158 3358 1294 3426 quod
1334 3358 1396 3410 de
1434 3357 1613 3410 usibus
1649 3373 1825 3409 rerum
1852 3372 2062 3408 suarum
2088 3355 2442 3425 perdiderunt,

505 3468 570 3505 ex
619 3470 719 3522 quo
767 3453 893 3506 nosb
935 3454 982 3507 ei
1031 3454 1438 3523 praecepimus0.
1504 3453 1615 3506 Hac
1653 3452 1764 3505 vice
1812 3451 1857 3503 si
1903 3450 2022 3503 huic
2069 3454 2245 3504 nostro
2292 3469 2444 3522 prae-

620 3587 653 3613 a.
673 3589 756 3613 eum
775 3579 924 3615 addidi.
1009 3578 1045 3614 b.
1072 3577 1342 3615 beneficiorum
1358 3578 1634 3615 restitutionem
1651 3576 1836 3612 excidisse
1857 3575 2009 3612 videtur.
2096 3586 2127 3612 c.
2145 3569 2396 3624 praecipimus
2412 3592 2444 3615 c.

623 3657 665 3699 1.
695 3656 730 3699 I.
880 3657 920 3699 2.
953 3656 1136 3712 Rogerii
1164 3657 1244 3699 ΠΙ.
