2722 4172
836 322 1109 361 GREGORII
1145 324 1224 360 vn
1260 322 1522 361 REG1s'rRI
1557 321 1579 358 1
1607 321 1667 358 19.
2144 305 2213 357 33

283 433 310 494 Ι
347 437 445 495 19.
494 441 727 511 Roduffo
786 443 909 495 duci
957 442 1177 496 Sueviae
1230 443 1292 494 de
1338 441 1587 493 Heinrico
1636 437 1729 492 IV
1765 455 1883 508 φερε
1927 438 2215 507 respondet.

483 537 758 604 Hortatur,
798 549 856 592 ut
893 541 964 592 ad
1000 558 1105 591 sese
1142 539 1365 591 accedat.

430 631 710 702 Gregorius
751 635 1023 705 episcopus
1070 650 1248 688 servus
1295 648 1562 685 servorum
1600 629 1701 684 Dei
1737 628 1958 683 Rodulfo
2001 626 2220 682 Sueviae

283 729 402 783 duci
440 730 660 784 salutem
699 736 751 785 et
788 730 1127 802 apostolicam
1162 727 1591 783 benedictionem.

427 825 576 881 Licet
602 845 664 881 ex
690 828 987 898 praeteritis
1011 825 1298 880 nobilitatis
1323 828 1444 877 tuae
1473 822 1656 876 studiis
1685 822 1893 890 clareat,
1933 826 1985 876 te
2012 825 2220 876 sanctae

280 921 544 977 Romanae
583 924 829 978 ecclesiae
866 924 1115 977 honorem
1153 921 1382 989 diligere,
1421 936 1560 972 nunc
1597 923 1790 986 tamen,
1832 923 2024 988 quanto
2055 918 2220 988 ipsius

282 1035 458 1073 amore
515 1020 715 1074 ferveas
765 1025 1115 1090 quantumque
1163 1022 1359 1071 ceteros
1416 1016 1624 1069 illarum
1671 1015 1902 1086 partium
1957 1015 2220 1086 principes

282 1115 512 1170 eiusdem
540 1117 729 1170 amoris
755 1115 1110 1184 magnitudine
1135 1112 1490 1182 transcendaS‚
1511 1112 1715 1167 litterae
1734 1115 1856 1165 tuae
1875 1110 2024 1164 nobis
2051 1116 2221 1165 trans-

282 1213 472 1266 missae
499 1213 762 1266 evidenter
789 1216 1069 1282 exponunt.
1129 1210 1270 1274 Quae
1295 1209 1544 1262 nimirum
1570 1209 1707 1262 inter
1734 1211 1906 1261 cetera
1933 1207 2220 1262 dulcedinis

283 1325 406 1363 suae
442 1309 602 1363 verba
638 1308 768 1361 illud
804 1307 954 1361 nobis
991 1307 1302 1361 videbantur
1339 1305 1624 1372 consulere,
1664 1321 1759 1375 per
1790 1304 1927 1374 quod
1966 1310 2018 1359 et
2056 1309 2220 1359 status

280 1405 488 1476 imperii
533 1405 808 1473 gloriosius
855 1404 1054 1472 regitur
1108 1409 1159 1457 et
1205 1407 1413 1456 sanctae
1461 1401 1706 1456 ecclesiae
1744 1401 1892 1469 vigor
1941 1401 2218 1455 solidatur:

280 1501 521 1555 videlicet
557 1506 616 1555 ut
652 1501 1000 1555 sacerdotium
1039 1505 1091 1554 et
1126 1500 1406 1570 imperium
1441 1499 1498 1551 in
1532 1498 1731 1552 unitate
1757 1498 2061 1552 concordiae
2100 1515 2220 1552 con-

279 1597 574 1666 iungantur.
633 1598 795 1651 Nam⁸
822 1597 956 1651 sicut
982 1597 1180 1651 duobus
1220 1596 1381 1649 oculis
1416 1595 1703 1648 humanum
1729 1610 1917 1666 corpus
1944 1594 2221 1665 temporali

278 1693 474 1748 lumine
510 1695 725 1763 regitur,
763 1695 839 1748 ita
874 1694 956 1747 his
995 1692 1194 1746 duabus
1222 1691 1559 1761 dignitatibus
1585 1691 1641 1744 in
1667 1708 1800 1761 pura
1823 1691 2073 1760 religione
2099 1708 2220 1745 con-

280 1791 612 1845 cordantibus
652 1808 839 1862 corpus
879 1789 1125 1844 ecclesiae
1164 1788 1424 1859 spirituali
1460 1787 1656 1841 lumine
1694 1789 1806 1856 regi
1845 1793 1897 1842 et
1934 1788 2220 1842 illuminari

280 1887 545 1958 probatur.
697 1887 844 1941 Unde
891 1886 1215 1940 nobilitatem
1260 1891 1405 1939 tuam
1459 1885 1589 1937 scire
1635 1884 1898 1953 volumuS‚
1947 1885 2069 1954 quia
2115 1902 2219 1937 non

284 1983 452 2037 solum
491 1984 629 2037 circa
666 2001 840 2052 regem
876 1983 1178 2037 Heinricum
1206 2013 1271 2018 —
1307 1981 1390 2035 cui
1428 1980 1686 2034 debitores
1726 1981 1997 2034 existimus
2037 1998 2102 2035 ex
2141 1998 2218 2050 ec,

285 2081 420 2151 quod
460 2081 634 2152 ipsum
670 2081 727 2133 in
755 2097 930 2148 regem
959 2079 1226 2147 elegimUS‚
1267 2084 1319 2133 et
1355 2083 1504 2149 pater
1544 2079 1653 2132 eius
1691 2077 1982 2131 laudandae
2020 2094 2217 2131 memo-

279 2178 390 2231 riae
427 2177 680 2231 Henricus
718 2178 1002 2247 imperator
1049 2177 1185 2229 inter
1233 2192 1411 2228 omnes
1449 2175 1654 2229 Italicos
1692 2176 1748 2227 in
1787 2175 1930 2228 curia
1968 2191 2063 2227 sua
2101 2191 2218 2244 spe-

281 2274 401 2328 ciali
436 2274 632 2327 honore
671 2291 753 2327 me
791 2273 1050 2341 tractavit,
1091 2254 1329 2341 quodque
1369 2272 1527 2326 etiam
1563 2272 1676 2341 ipse
1702 2271 1929 2324 moriens
1954 2270 2218 2324 Romanae

282 2370 527 2425 ecclesiae
564 2387 659 2441 per
695 2370 1020 2424 venerandae
1058 2369 1340 2422 memoriae
1377 2386 1571 2439 papam
1596 2368 1857 2421 Victorem
1894 2367 2219 2438 praedictum

282 2465 447 2520 filium
494 2484 644 2521 suum
683 2464 1065 2520 commendavit
1092 2497 1160 2502 —
1188 2466 1415 2535 aliquam
1451 2465 1863 2518 malivolentiam
1900 2481 2005 2517 non
2044 2463 2219 2517 obser-

280 2580 480 2632 vamuS,
521 2563 612 2617 sed
648 2581 815 2632 neque
855 2563 1080 2634 aliquem
1118 2563 1458 2617 christianum
1493 2562 1757 2623 hominem
1782 2561 1894 2614 Deo
1935 2560 2218 2615 auxiliante

283 2659 435 2713 hodio
473 2659 662 2714 habere
686 2660 948 2727 volumus3
991 2677 1109 2714 cum
1149 2659 1413 2731 apostolus
1441 2659 1603 2713 dicat:
1648 2659 1714 2714 Sz·
1737 2660 2002 2712 tradidero
2030 2677 2217 2730 corpus

281 2775 449 2810 meum
485 2759 560 2810 ita
596 2768 654 2810 ut
689 2759 918 2823 ardeam,
961 2769 1006 2811 et
1042 2761 1091 2810 si
1114 2759 1299 2811 dedero
1328 2776 1497 2810 omnes
1521 2757 1806 2826 facultates
1830 2775 1970 2808 ‘meas
1995 2758 2054 2808 in
2080 2756 2217 2808 eibos

272 2872 587 2924 pauperum,
629 2856 892 2906 caritatem
928 2873 1032 2906 non
1071 2855 1277 2920 habene,
1317 2854 1453 2906 nihil
1488 2872 1602 2905 sum
1618 2848 1644 2904 ¹.
1706 2850 1808 2905 Sed
1848 2851 1970 2921 quia
2007 2867 2217 2905 concor-

281 2949 422 3002 diam
458 2949 630 3018 istam‚
672 2948 869 3002 scilicet
906 2950 1179 3004 sacerdotii
1218 2955 1270 3004 et
1304 2949 1528 3020 imperii,
1569 2948 1700 3002 nihil
1735 2948 1911 3002 fictum
1945 2947 2076 3000 nihil
2113 2947 2217 3000 nisi

279 3063 470 3117 purum
507 3046 654 3099 decet
689 3045 895 3113 habere,
935 3046 1138 3100 videtur
1175 3046 1323 3099 nobis
1363 3046 1571 3099 omnino
1601 3045 1745 3113 utile,
1785 3049 1845 3098 ut
1871 3045 2016 3114 prius
2044 3049 2217 3098 tecum

281 3147 434 3213 atque
472 3142 676 3210 Agnete
712 3142 1044 3212 imperatrice
1083 3146 1135 3195 et
1172 3158 1289 3196 cum
1326 3142 1590 3196 comitissa
1614 3141 1850 3195 Beatrice
1889 3145 1940 3194 et
1962 3139 2215 3193 Rainaldo

281 3240 521 3310 episcopo
562 3238 792 3293 Cumano
833 3243 884 3292 et
922 3255 1039 3292 cum
1079 3237 1193 3291 aliis
1228 3237 1397 3291 Deum
1434 3238 1736 3292 timentibus
1776 3237 1839 3291 de
1876 3237 1956 3289 his
1997 3236 2214 3304 diligen-

279 3335 383 3390 tius
421 3340 728 3390 tractemus:
749 3319 1039 3405 *quatenuS,
1079 3334 1345 3388 voluntate
1382 3339 1563 3388 nostra
1599 3335 1730 3387 bene
1762 3350 1793 3387 a
1817 3333 1964 3387 vobis
1991 3333 2212 3400 cognita,

281 3432 325 3485 si
349 3433 576 3486 rationes
602 3437 807 3486 nostras
833 3433 996 3486 iustas
1023 3448 1135 3485 esse
1159 3431 1520 3501 probaveritis,
1554 3430 1825 3484 nobiscum
1850 3430 2211 3495 consentiatis;

282 3529 328 3583 si
364 3546 486 3584 vero
524 3529 717 3583 rationi
753 3533 962 3582 nostrae
1002 3527 1197 3597 aliquid
1237 3527 1530 3580 addendum
1561 3526 1643 3580 vel
1670 3526 2073 3580 subtrahendum
2101 3542 2213 3580 esse

394 3665 427 3691 a.
444 3654 540 3691 Nam
558 3674 598 3679 -
615 3653 806 3702 probatur,
825 3657 861 3691 in
877 3656 1044 3705 margine
1061 3655 1229 3699 inferiore
1249 3653 1332 3690 cod.
1345 3655 1485 3700 posita,
1499 3654 1607 3703 signo
1626 3653 1695 3689 hoc
1759 3653 1894 3690 addito
1913 3652 1983 3689 huc
2000 3655 2213 3698 referuntur.

397 3734 437 3777 1.
470 3732 538 3778 Of.
566 3735 591 3777 1
614 3733 713 3778 Cor.
738 3734 806 3790 13,
828 3734 869 3777 3.

351 3812 480 3855 ame,
507 3816 741 3851 Bibliotheca
767 3816 812 3850 11.
1833 3813 1861 3856 3

2268 631 2382 675 1073

2254 691 2357 740 Sept.
2378 693 2399 729 1

2251 2083 2363 2127 1053
2373 2083 2395 2126 ’ἓ

2251 2276 2364 2320 1056

2247 2337 2327 2374 Oct.
2346 2337 2369 2374 5
