2730 4198
878 292 1152 332 GREGORII
1188 295 1267 331 vn
1304 294 1569 333 REGISTRI
1605 296 1665 333 v1
1691 295 1752 331 11.
1781 296 1843 332 12.
2227 284 2330 335 341

389 412 646 478 fecerunt,
697 427 1026 464 communem
1072 411 1468 482 regularemque
1516 412 1676 466 vitam
1730 413 2003 467 duceretis.
2083 411 2186 466 Sed
2223 430 2332 482 vos,
2388 420 2503 464 1078

390 524 522 577 quae
558 510 734 560 vestra
773 511 895 561 sunt
932 511 1240 576 quaerentes
1275 525 1382 562 non
1409 525 1540 577 quae
1566 508 1684 562 Iesu
1710 508 1904 562 Christi
1921 505 1949 577 ¹,
1989 512 2196 562 nostras
2225 526 2334 562 am·
2362 479 2456 518 ΝΜ
2480 483 2527 519 ²8

387 603 699 656 monitiones
725 602 1047 671 neglexistis,
1108 603 1339 673 Cumque
1366 634 1435 640 —
1463 607 1641 658 tantae
1668 605 2014 672 negligentiae
2045 607 2097 658 et
2121 604 2334 659 inoboe-

385 699 629 768 dientiae,
672 716 802 768 quae
829 699 996 754 scelus
1022 700 1296 754 idolatriae
1324 716 1355 753 a
1380 699 1574 753 sanctis
1600 700 1839 770 patribus
1870 700 2059 754 dicitur
2070 696 2105 769 ²,
2145 700 2333 754 merito

387 825 455 831 —
495 795 608 850 iure
646 813 738 850 vos
778 797 1038 850 sententia
1082 795 1342 850 iudicialis
1387 795 1544 848 ferire
1594 795 1828 863 deberet,
1878 795 2110 866 episcopi
2156 800 2334 850 tamen

383 888 574 945 vestri³
595 895 647 945 et
673 893 1016 961 quorumdam
1040 893 1262 947 fratrum
1287 895 1578 945 vestrorum
1605 891 1847 961 precibus
1875 891 2161 961 apostolica
2184 909 2334 946 man-

384 988 603 1042 suetudo
653 988 806 1043 solita
852 990 1050 1059 pietate
1097 993 1156 1043 ut
1200 987 1336 1041 filios
1385 1003 1550 1056 usque
1599 987 1665 1040 ad
1710 987 2051 1041 festivitatem
2098 989 2332 1042 omnium

383 1089 681 1139 sanctorum
693 1082 726 1154 ⁴,
767 1085 952 1139 deinde
991 1084 1150 1139 etiam
1187 1084 1486 1137 interventu
1524 1083 1758 1137 eiusdem
1796 1084 2030 1154 episcopi
2058 1102 2223 1155 usque
2265 1085 2330 1139 ad

383 1177 664 1251 synodum⁵
692 1181 972 1235 clementer
997 1197 1088 1234 vos
1116 1180 1380 1233 sustinuit.
1435 1179 1522 1232 Ad
1561 1196 1718 1249 quam
1756 1180 2121 1251 praecepimus
2151 1185 2210 1234 ut
2237 1181 2330 1235 ali-

382 1294 509 1346 quos
547 1276 825 1330 mitteretis
865 1276 928 1329 de
966 1275 1130 1345 vobiS,
1173 1277 1262 1345 qui
1288 1275 1351 1329 de
1378 1279 1553 1329 vestra
1577 1275 1728 1330 nobis
1756 1276 2086 1331 oboedientia
2112 1294 2330 1348 respon-

380 1372 576 1426 derent.
635 1371 781 1435 Quod
823 1372 945 1441 quia
981 1372 1196 1425 minime
1233 1372 1429 1426 factum
1469 1376 1591 1441 est⁸,
1630 1377 1691 1426 ut
1728 1373 1996 1443 decuerat,
2046 1375 2152 1427 iam
2191 1390 2331 1427 nunc

379 1468 655 1537 aequitatis
680 1485 785 1521 non
808 1485 1088 1538 possumus
1117 1466 1325 1523 differre
1353 1485 1643 1523 censuram.
1776 1469 2003 1525 Proinde
2029 1488 2124 1542 per
2150 1488 2329 1524 veram

376 1563 757 1618 oboedientiam
795 1581 1008 1618 moneo:
1048 1569 1108 1619 ut
1145 1581 1474 1620 communem
1507 1566 1673 1620 vitam
1698 1566 1906 1636 vivatiS‚
1946 1567 2082 1621 sicut
2119 1571 2328 1620 sanctus

373 1660 479 1715 Leo
519 1677 659 1731 papa
698 1660 943 1715 ecclesiae
982 1665 1186 1715 vestrae
1224 1662 1452 1715 instituit
1491 1666 1543 1716 et
1581 1663 1714 1716 sicut
1739 1663 1975 1716 Romana
2003 1663 2221 1717 ecclesia
2246 1663 2327 1717 in-

373 1756 562 1826 telligit
589 1788 656 1795 —
684 1757 739 1811 id
766 1761 860 1826 est,
882 1761 941 1810 ut
967 1758 1142 1811 omnia
1169 1758 1416 1812 ecclesiae
1442 1758 1580 1813 bona
1606 1759 1662 1812 in
1689 1776 2017 1813 communem
2043 1760 2328 1814 utilitatem

372 1854 676 1922 redigantur
703 1858 755 1908 et
780 1855 1141 1924 communiter,
1171 1855 1305 1908 sicut
1331 1872 1492 1925 supra
1518 1856 1715 1909 dictum
1743 1860 1837 1924 est,
1866 1857 2229 1926 expendantur
2255 1887 2323 1893 ——

374 1954 488 2019 aut,
539 1951 583 2004 si
621 1951 678 2004 id
714 1951 886 2005 facere
924 1951 1204 2020 recusatiS‚
1245 1951 1492 2005 ecclesiae
1530 1952 1884 2023 praebendam
1922 1953 1977 2006 in
2015 1970 2176 2006 manu
2216 1953 2325 2024 epi-

374 2046 518 2117 scopi
557 2047 624 2100 ad
661 2047 908 2102 ecclesiae
946 2047 1230 2101 utilitatem
1276 2047 1523 2101 reddatis.
1603 2048 1799 2112 Quodsi
1835 2053 2081 2103 neutrum
2118 2050 2323 2119 horum,

373 2143 511 2212 quod
550 2143 710 2213 absit,
762 2143 932 2198 facere
972 2144 1166 2198 curatis
1178 2143 1214 2212 ¹³,
1268 2160 1333 2197 ex
1373 2144 1682 2199 auctoritate
1720 2145 1821 2199 Dei
1860 2146 2232 2216 omnipotentis
2273 2150 2326 2200 et

371 2244 669 2293 sanctorum
717 2239 1072 2310 apostolorum
1109 2239 1254 2294 Petri
1293 2243 1344 2293 et
1380 2239 1532 2293 Pauli
1579 2242 1811 2295 omnium
1859 2242 2196 2296 ecclesiarum
2243 2243 2322 2296 in-

369 2336 585 2389 troitum
630 2335 778 2390 vobis
826 2353 991 2406 usque
1041 2336 1108 2390 ad
1156 2336 1570 2390 emendationem
1629 2354 1914 2407 congruam
1969 2339 2320 2410 prohibemus

368 2430 509 2484 Data
545 2430 708 2486 Rome
746 2434 780 2486 4
819 2432 1081 2488 Kalendas
1119 2432 1442 2502 DecembriS,
1483 2433 1769 2490 indictione
1809 2437 1859 2490 2.

369 2600 448 2664 VI
477 2606 574 2663 12.
600 2610 874 2664 ‘Ecclesiae
897 2612 1132 2665 Pisanae
1158 2612 1295 2665 bona
1321 2613 1605 2682 confirmat.
1664 2613 1997 2684 Landuffum
2024 2617 2322 2685 episcopum

610 2717 658 2760 et
695 2709 801 2759 eius
841 2726 1151 2761 successores
1190 2711 1415 2763 vicarios
1454 2729 1573 2764 suos
1611 2713 1669 2764 in
1709 2710 1920 2764 Corsica
1959 2713 2238 2764 constituit.

519 2815 799 2884 Gregorius
839 2818 1111 2889 episcopus
1152 2837 1332 2874 servus
1371 2837 1641 2875 servorum
1667 2821 1767 2876 Dei
1806 2821 1994 2875 dilecto
2027 2822 2085 2875 in
2111 2821 2317 2876 Christo
2376 2837 2490 2881 1078

366 2913 517 2967 fratri
554 2912 812 2967 Landulfo
850 2911 1040 2966 Pisano
1080 2915 1322 2986 episcopo
1362 2917 1573 2987 suisque
1612 2918 2012 2972 successoribus,
2347 2897 2442 2935 Nov.
2465 2899 2514 2935 3⁰

516 3009 784 3080 Supernae
822 3010 1174 3064 miserationis
1211 3017 1454 3082 respectu
1493 3014 1558 3067 ad
1594 3014 1693 3067 hoc
1729 3014 2040 3068 universalis
2068 3013 2317 3067 ecclesiae

366 3124 545 3161 curam
583 3106 904 3177 suscepimus
946 3110 998 3160 et
1037 3107 1309 3177 apostolici
1337 3109 1709 3163 moderaminis
1737 3110 2141 3164 sollicitudinem
2180 3110 2316 3177 geri-

365 3220 498 3272 muS,
538 3207 598 3257 ut
633 3203 786 3256 iustis
815 3204 1144 3273 precantium
1170 3205 1304 3258 votis
1346 3209 1546 3259 attenta
1579 3206 1900 3274 benignitate
1937 3206 2222 3274 faveamUS,
2265 3210 2316 3259 et

364 3298 639 3353 libramine
679 3299 957 3369 aequitatis
992 3300 1232 3354 omnibus
1258 3301 1314 3353 in
1340 3302 1651 3355 necessitate
1676 3302 1879 3372 positiS,
1922 3305 2175 3370 quantum
2201 3301 2312 3355 Deo

367 3394 592 3449 donante
639 3413 946 3466 possumus,
997 3396 1273 3451 subvenire
1312 3397 1609 3452 debeamus,
1673 3397 1848 3467 Unde,
1897 3397 2196 3468 postulante
2242 3402 2311 3466 te,

484 3553 516 3579 a.
553 3544 611 3580 est
639 3544 789 3581 addidi.
943 3544 980 3581 b.
1008 3545 1192 3582 recusatis
1220 3559 1249 3582 c.

484 3622 524 3664 1.
556 3621 745 3678 Philipp.
769 3624 810 3678 2,
832 3624 902 3666 21.
995 3624 1035 3667 2.
1070 3622 1136 3667 Cf.
1163 3625 1186 3666 1
1205 3624 1316 3679 Reg.
1342 3623 1411 3680 15,
1434 3624 1505 3668 23.
1597 3625 1639 3671 3.
1665 3622 1870 3668 Anselmi
1890 3624 1947 3668 H.
2067 3625 2110 3669 4.
2134 3625 2249 3671 Nov.
2269 3626 2310 3670 1.

365 3693 407 3737 5.
440 3693 511 3736 die
544 3695 599 3737 19
630 3695 744 3739 Nov.
775 3695 990 3741 habitam.
1037 3697 1095 3742 V.
1128 3710 1264 3754 supra
1292 3711 1335 3754 p.
1359 3698 1461 3741 330.
