2730 4198
384 425 500 470 1074

390 485 499 523 Man.

379 1479 494 1522 1074

386 1539 495 1576 Mart.

528 288 639 343 524
867 303 1140 342 GREGORII
1177 304 1255 340 vn
1291 302 1599 340 EP1s'r0LAE
1638 301 1981 340 COLLECTAE.
2013 302 2048 338 3.
2073 302 2109 339 4.

530 424 756 474 strarum
792 420 952 473 immo
992 422 1289 473 sanctorum
1328 422 1537 488 patrum
1576 418 2019 486 constitutionum,
2058 417 2281 488 populus
2317 418 2460 473 nullo

528 516 682 569 modo
730 533 908 570 eorum
957 513 1128 568 officia
1174 513 1417 583 recipiat3
1466 518 1551 581 ut,
1603 513 1692 581 qui
1728 529 1824 582 pro
1864 530 2039 567 amore
2076 513 2178 567 Dei
2215 517 2268 567 et
2305 513 2462 568 officii

529 611 779 679 dignitate
817 627 923 663 non
961 610 1306 678 corriguntur,
1345 608 1658 663 verecundia
1695 607 1855 662 seculi
1893 612 1946 662 et
1983 608 2342 677 obiurgatione
2367 625 2462 679 po-

526 707 638 777 puli
684 706 1009 776 resipiscant.
1165 704 1382 759 Studeat
1416 705 1575 773 igitur
1612 704 1913 758 fraternitas
1951 707 2044 758 tua
2081 705 2155 758 sic
2194 721 2249 758 se
2285 705 2342 757 in
2379 703 2460 758 his

526 803 680 856 rebus
718 802 867 855 nobis
907 802 1311 871 cooperatricem
1350 801 1611 868 exhibere,
1653 800 1728 853 sic
1766 800 1988 853 crimina
2024 800 2128 853 ista
2165 800 2229 854 de
2268 799 2461 855 aeccle-

527 898 618 951 siis
656 899 759 951 tuis
797 898 1044 950 radicitus
1085 897 1321 965 evellere,
1363 897 1604 966 quatinus
1642 896 1766 949 boni
1803 895 2028 965 pastoris
2054 895 2298 950 meritum
2323 895 2463 966 apud

525 992 697 1046 Deum
734 993 910 1046 valeas
951 993 1184 1046 obtinere
1225 996 1276 1046 et
1313 992 1547 1046 Romana
1587 991 1837 1046 aecclesia
1874 991 1937 1045 de
1967 995 2018 1044 te
2045 991 2179 1045 sicut
2204 991 2267 1045 de
2291 991 2461 1045 karis-

527 1088 658 1141 simo
696 1088 857 1142 fratre
897 1092 948 1142 et
986 1088 1216 1141 studioso
1256 1092 1590 1158 cooperatore
1629 1087 1814 1141 debeat
1850 1087 2089 1155 gaudere.

527 1263 586 1319 4.
638 1265 890 1317 Wezelino
932 1266 1319 1335 archiepiscopo
1358 1265 1802 1335 Maydeburqensi
1836 1264 2120 1334 siqnificat,
2167 1266 2224 1316 in
2261 1264 2460 1334 synodo

636 1362 699 1412 de
735 1362 1034 1412 simoniacis
1074 1371 1120 1412 et
1140 1361 1560 1429 fornicatoribus
1600 1362 1731 1430 quid
1766 1370 2012 1413 statutum
2048 1362 2158 1413 siff.

674 1467 954 1536 Gregorius
994 1469 1268 1539 episcopus
1308 1487 1488 1523 servus
1529 1487 1796 1523 servorum
1821 1468 1922 1523 Dei
1947 1469 2347 1536 Madeburgensi
2378 1485 2461 1522 ar-

524 1561 884 1635 chiepiscopo1
921 1564 1143 1618 salutem
1182 1568 1234 1618 et
1273 1565 1611 1634 apostolicam
1648 1565 2079 1619 benedictionem.

671 1658 829 1727 Cum,
880 1660 1165 1730 apostolica
1202 1660 1509 1713 auctoritate
1548 1664 1601 1714 et
1637 1661 1878 1714 veridicis
1917 1664 2214 1714 sanctorum
2249 1663 2459 1730 patrum

525 1755 797 1809 sententiis
835 1755 1056 1824 incitati,
1098 1756 1162 1809 ad
1202 1755 1569 1809 eliminandam
1612 1756 1965 1826 symoniacam
2002 1756 2228 1809 heresim
2267 1759 2319 1809 et
2341 1772 2461 1825 pre-

523 1851 818 1921 cipiendam
866 1850 1172 1904 clericorum
1221 1851 1514 1905 castitatem
1560 1868 1656 1921 pro
1695 1851 1863 1905 nostri
1901 1850 2058 1904 officii
2096 1851 2270 1905 debito
2309 1868 2461 1905 exar-

522 1947 711 2015 simuS‚
751 1946 873 2016 tibi,
915 1947 997 2000 cui
1037 1951 1117 2001 est
1154 1946 1321 2000 clerus
1362 1950 1414 2000 et
1450 1947 1674 2017 populus
1716 1947 2036 2018 amplissime
2075 1947 2338 2016 dilatatuS,
2377 1947 2462 2001 cui

518 2046 761 2114 preterea
796 2043 973 2113 plures
1014 2047 1066 2097 et
1100 2042 1206 2096 late
1245 2043 1467 2114 dispersi
1506 2042 1820 2112 suffraganei
1857 2047 1995 2113 sunt,
2033 2044 2131 2097 hoc
2169 2042 2461 2097 obedientie

520 2156 708 2192 munus
754 2139 1026 2207 iniungere
1065 2139 1412 2194 decrevimus:
1460 2143 1519 2193 ut
1555 2144 1663 2194 tam
1701 2157 1796 2210 per
1833 2144 1884 2194 te
1924 2157 2080 2209 quam
2118 2157 2213 2210 per
2250 2139 2459 2193 coadiu-

519 2239 659 2289 tores
697 2239 815 2289 tuos
853 2235 951 2289 hoc
983 2235 1214 2289 Romane
1254 2236 1468 2289 ecclesie
1505 2237 1769 2290 decretum
1806 2237 2050 2289 universo
2088 2236 2223 2289 clero
2263 2235 2459 2288 studio-

520 2331 627 2384 sius
675 2331 963 2384 inculcares
1012 2336 1065 2385 et
1106 2331 1479 2385 inviolabiliter
1515 2332 1796 2384 tenendum
1834 2347 2166 2401 proponeres.
2245 2330 2357 2394 Qua
2395 2330 2459 2383 dc

518 2444 575 2480 re
625 2427 783 2479 etiam
832 2427 930 2480 tibi
979 2427 1229 2497 speciales
1276 2427 1478 2481 litteras
1529 2427 1716 2480 cudere
1763 2427 1904 2480 bulla
1951 2430 2132 2479 nostra
2175 2426 2458 2496 impressas

519 2522 778 2589 collibuit;
810 2539 1029 2591 quarum
1053 2523 1215 2576 fultus
1243 2523 1567 2591 auctoritate,
1595 2523 1758 2576 tutius
1785 2523 2171 2591 animosiusque
2198 2522 2457 2591 preceptis

517 2618 710 2672 nostris
750 2618 1138 2688 obtemperares
1178 2622 1230 2672 et
1267 2619 1331 2672 de
1369 2619 1664 2672 sanctuario
1691 2619 1905 2672 Domini
1931 2617 2284 2688 symoniacam
2310 2617 2458 2671 here-

518 2714 617 2767 sim
657 2718 709 2767 et
745 2714 919 2768 fedam
957 2714 1234 2768 libidinose
1273 2715 1594 2783 contagionis
1633 2714 1976 2784 pollutionem
2015 2713 2262 2784 expellas.

663 2809 813 2864 Unde
850 2827 956 2864 non
996 2810 1060 2864 ab
1097 2828 1154 2864 re
1193 2811 1290 2864 tibi
1329 2811 1660 2864 scribendum
1696 2811 1808 2864 fore
1848 2810 2089 2864 arbitrati
2127 2826 2322 2877 sumne,
2360 2824 2456 2862 nos

514 2906 663 2960 iuxta
712 2907 1074 2960 auctoritatem
1120 2911 1418 2960 sanctorum
1455 2911 1665 2977 patrum
1701 2907 1756 2959 in
1795 2910 1978 2960 nostra
2015 2906 2211 2977 synodo
2250 2908 2456 2959 senten-

514 3003 645 3056 tiam
684 3002 912 3056 dedisse:
952 3007 1012 3056 ut
1048 3003 1119 3071 hi,
1160 3003 1249 3072 qui
1286 3020 1381 3073 per
1420 3003 1760 3056 simoniacam
1786 3003 2028 3070 heresim,
2067 3002 2164 3055 hoc
2191 3005 2270 3055 est
2293 3001 2455 3053 inter-

515 3102 674 3152 ventu
711 3099 889 3168 precii,
931 3099 997 3152 ad
1028 3099 1253 3168 aliquem
1281 3102 1578 3152 sanctorum
1607 3099 1847 3152 ordinum
1874 3098 2093 3165 gradum
2119 3096 2202 3150 vel
2227 3094 2454 3149 officium

514 3195 742 3264 promoti
781 3199 918 3264 sunt,
957 3195 1159 3248 nullum
1195 3195 1252 3248 in
1291 3199 1472 3248 sancta
1511 3194 1729 3248 ecclesia
1765 3194 1984 3247 ulterius
2021 3191 2354 3246 ministrandi
2377 3191 2454 3244 lo-

515 3307 632 3359 cum
669 3291 920 3358 habeant3
960 3291 1040 3344 illi
1078 3307 1298 3360 quoque,
1340 3291 1429 3359 qui
1456 3291 1698 3344 ecclesias
1726 3291 1932 3343 datione
1957 3288 2174 3359 pecunie
2201 3287 2452 3355 obtinent,

515 3387 726 3440 omnino
767 3404 853 3441 eas
893 3387 1131 3457 perdant,
1171 3404 1238 3440 ne
1266 3387 1509 3457 deinceps
1536 3387 1760 3440 vendere
1787 3385 1868 3439 vel
1895 3400 2065 3439 emere
2092 3383 2248 3437 alicui
2273 3383 2450 3450 liceat3

515 3482 607 3535 sed
643 3499 739 3536 nec
775 3483 871 3551 illi,
911 3483 1000 3552 qui
1035 3484 1092 3536 in
1131 3484 1346 3536 crimine
1371 3483 1728 3536 fornicationis
1753 3482 1940 3549 iacent,
1978 3480 2165 3533 missas
2192 3478 2453 3533 celebrare

633 3617 666 3643 a.
701 3608 763 3643 Ex
790 3608 874 3644 cod.
895 3608 1135 3644 bibliothecae
1162 3610 1416 3652 Monacensis,
1444 3611 1612 3658 Tegerns.
1633 3607 1730 3644 1411
1757 3606 1828 3652 fol.
1850 3605 1937 3642 254.

632 3685 671 3728 1.
704 3684 948 3729 Wezclino.
