2722 4172
777 257 1050 297 GREGORII
1085 258 1164 294 VII
1201 254 1464 294 REGISTRI
1501 254 1522 290 I
1549 251 1609 289 52.
1636 251 1697 289 53.
2137 237 2204 289 ’73

272 379 576 434 auctoritate
622 394 918 445 monemus,
980 379 1233 446 quatenus
1294 389 1385 426 suo
1444 370 1658 425 consilio
1706 373 1758 422 et
1805 383 2058 422 consensu
2112 384 2207 437 per
2267 372 2382 416 1074

271 477 574 531 electionem
600 473 1013 542 congregationis
1041 471 1323 525 secundum
1349 467 1583 535 regulam
1610 465 1775 519 sancti
1801 464 2070 518 Benedicti
2096 464 2207 517 ido-

270 589 425 626 neum
462 571 537 625 ibi
572 575 829 624 rectorem
866 569 976 622 Deo
1016 567 1328 621 concedente
1373 564 1672 617 constituas.
1740 561 1841 615 Pro
1890 565 2029 614 certo
2069 562 2208 614 enim

269 668 493 736 noveriS‚
535 668 779 737 quoniam
816 667 892 719 ita
929 681 1050 718 cara
1087 663 1187 716 erit
1222 661 1370 714 nobis
1397 660 1537 712 illius
1574 658 1877 711 monasterii
1903 657 2121 711 honesta
2158 661 2210 710 et

269 764 522 834 regularis
570 763 838 832 regiminis
887 739 1169 826 ordinatio,
1221 773 1281 810 ac
1328 757 1373 809 si
1422 759 1558 809 esset
1594 755 1652 807 in
1689 754 2003 807 monasterio
2043 754 2210 808 sancti

269 861 422 915 Pauli
437 858 463 914 ¹.
518 861 656 914 Data
692 861 748 914 in
787 858 982 930 synodo
1022 857 1054 910 2
1093 854 1213 908 Idus
1252 852 1444 922 Martii,
1484 851 1767 904 indictione
1811 851 1892 904 12.

271 1033 296 1094 Ι
331 1037 430 1095 53.
473 1040 796 1092 Herimanno
825 1031 1310 1106 episcopo'Metensi
1333 1031 1605 1101 siqnificat,
1636 1031 1699 1082 de
1737 1029 2002 1083 Wlkelmo
2031 1031 2211 1084 abbate

475 1138 604 1206 qaid
640 1135 923 1187 Manassae
960 1131 999 1183 I
1028 1130 1416 1200 archiepiscopo
1459 1128 1703 1180 Remensi
1737 1129 2018 1198 scripserit.

420 1245 698 1314 Gregorius
726 1243 997 1313 episcopus
1024 1257 1203 1293 servus
1231 1255 1500 1292 servorum
1526 1238 1626 1292 Dei
1644 1238 1965 1292 Herimanno
1991 1237 2212 1292 Metensi

273 1344 514 1414 episcopo
553 1341 774 1410 salutem
813 1343 864 1393 et
903 1337 1242 1408 apostolicam
1280 1335 1708 1389 benedictionem.

416 1438 642 1491 Litteras
682 1436 972 1490 dilectionis
1010 1438 1131 1487 tuae
1177 1437 1445 1502 gratanter
1495 1433 1816 1503 accepimuS‚
1866 1431 1990 1501 quia
2035 1432 2092 1484 in
2139 1431 2212 1485 eis

272 1535 642 1590 abundantiam
689 1532 978 1587 devotionis
1026 1535 1146 1585 tuae
1195 1547 1319 1598 erga
1365 1546 1461 1583 nos
1518 1529 1802 1583 exuberare
1859 1529 2209 1597 cognovimus,

270 1631 376 1685 Nos
415 1631 622 1701 quidem
662 1629 901 1683 omnibus
940 1628 1172 1682 debitum
1211 1626 1574 1681 sollicitudinis
1613 1630 1823 1679 nostrae
1870 1625 2114 1679 exhibere
2162 1630 2213 1679 et

270 1728 508 1782 volumus
547 1732 599 1781 et
646 1727 916 1794 (1611611108,
969 1725 1214 1795 quoniam
1261 1724 1494 1777 omnium
1540 1739 1719 1776 curam
1765 1723 2111 1793 suscepimus3
2163 1726 2214 1776 et

273 1825 505 1878 omnium
544 1824 764 1878 salutem
800 1823 1037 1893 cupimus
1068 1826 1120 1875 et
1145 1825 1402 1892 optamus,
1445 1820 1582 1889 quia,
1621 1819 1743 1873 licet
1766 1819 1968 1887 indigni
1992 1819 2210 1888 meritis,

271 1923 504 1991 regimen
540 1919 850 1975 universalis
889 1918 1135 1973 ecclesiae
1172 1918 1455 1986 regendum
1497 1917 1817 1987 accepimus;
1864 1915 2211 1969 ministerium

273 2018 692 2088 euangelizandi‘·
733 2005 1051 2088 accepimuS‚
1090 2031 1153 2069 ve
1190 2015 1366 2084 nobiS‚
1409 2015 1453 2068 si
1490 2031 1594 2067 non
1634 2009 2210 2082 euangelizaverimus².

2234 432 2342 469 Mart.
2363 434 2412 470 14

2273 1245 2387 1288 1074

2240 1306 2348 1343 Mart.
2370 1306 2418 1342 14

269 2116 342 2170 Et
375 2116 497 2170 licet
535 2114 774 2168 omnibus
813 2113 1072 2167 debitores
1120 2107 1328 2180 simus³,
1377 2111 1655 2182 praecipue
1694 2115 1870 2163 tamen
1916 2109 2213 2163 domesticis
2267 2104 2270 2106 ’

270 2210 419 2267 fidei⁴
456 2229 633 2267 curam
670 2215 881 2264 nostrae
920 2208 1283 2263 sollicitudinis
1324 2207 1568 2261 exhibere
1618 2207 1864 2261 condecet
1903 2210 1954 2261 et
1993 2210 2211 2277 oportet.

271 2310 420 2364 Unde
467 2309 671 2363 noverit
713 2307 1014 2361 fraternitas
1052 2310 1252 2375 vestra,
1305 2305 1550 2374 quoniam
1598 2304 1662 2357 de
1709 2303 1857 2357 vobis
1906 2303 2215 2374 propensior

274 2411 354 2461 est
388 2406 538 2460 nobis
577 2422 702 2460 cura
740 2408 792 2458 et
828 2405 884 2457 in
909 2403 1055 2458 vobis
1084 2403 1348 2457 ardentior
1386 2418 1549 2470 amor,
1589 2417 1684 2471 pro
1725 2417 1784 2454 eo
1824 2400 2036 2469 scilicet,
2078 2400 2214 2470 quod

275 2504 461 2571 dignae
496 2501 993 2572 recompensationis
1031 2517 1220 2554 munus
1261 2517 1291 2553 a
1319 2503 1525 2553 vestrae
1564 2498 1854 2551 sanctitatis
1895 2497 2214 2552 orationibus

276 2603 624 2669 expectamus.
685 2597 854 2652 Grave
894 2598 1032 2651 enim
1069 2597 1273 2668 pondus
1313 2596 1597 2665 gerendum
1635 2595 1958 2665 suscepimus
1998 2598 2073 2663 61,
2112 2595 2216 2649 11181

274 2696 463 2750 vestris
514 2699 565 2748 et
610 2695 769 2748 totius
819 2694 1215 2748 christianitatis
1263 2692 1492 2747 fidelium
1550 2692 1870 2746 orationibus
1919 2691 2212 2760 fulciamur,

273 2794 410 2846 ferre
447 2791 741 2845 nullatenus
767 2807 1059 2860 possumus,
1120 2790 1448 2861 Quapropter
1472 2806 1733 2858 rogamUS‚
1772 2794 1831 2843 ut
1860 2794 2068 2843 sanctae
2094 2806 2214 2843 con-

275 2889 590 2958 gregationis
615 2890 819 2941 vestrae
847 2887 1067 2940 assiduis
1096 2888 1414 2942 orationibus
1443 2886 1704 2941 sublevari
1729 2904 2039 2940 mereamur.
2096 2885 2213 2939 Non

276 2986 439 3040 solum
491 2985 630 3038 enim
676 2988 787 3037 tam
827 2987 1034 3037 sanctae
1073 2985 1486 3052 congregationis
1526 2984 1785 3037 orationes
1825 2983 2066 3036 ardenter
2106 2982 2214 3035 exi-

275 3083 461 3151 gimuS‚
500 3066 684 3135 verum
721 3082 882 3135 totius
921 3079 1103 3151 populi
1129 3081 1423 3150 quaerimus
1452 3084 1504 3134 et
1529 3084 1786 3151 optamus
1937 3078 2215 3132 Praeterea

276 3178 434 3233 abbas
483 3178 662 3232 Sancti
707 3175 959 3246 Arnulfi⁵‚
1017 3176 1099 3230 vir
1144 3180 1203 3229 ut
1248 3177 1397 3231 nobis
1443 3177 1650 3231 videtur
1696 3176 1968 3244 religiosus
2020 3179 2071 3228 et
2116 3174 2214 3228 tibi

274 3275 457 3345 fidelis,
496 3275 645 3329 nobis
684 3274 926 3343 innotuit,
969 3273 1105 3342 quod
1141 3273 1268 3326 velit
1302 3273 1397 3327 sub
1424 3277 1512 3326 tuo
1538 3273 1790 3340 regimine
1814 3289 2014 3342 pauper
2038 3272 2214 3325 vivere

275 3371 478 3442 potiusb
519 3389 674 3442 quam
713 3360 838 3425 alibi
875 3371 1020 3424 dives
1060 3373 1112 3423 et
1148 3372 1348 3440 potens.
1427 3369 1552 3423 Vult
1590 3369 1754 3437 enim,
1795 3368 1841 3422 si
1877 3368 1974 3422 tibi
2009 3368 2214 3422 videtur

393 3524 424 3549 a.
454 3512 783 3559 euangelizandum
810 3528 840 3549 c.
997 3510 1033 3547 b.
1059 3510 1185 3558 potius
1215 3509 1364 3546 addidi.

395 3600 434 3643 1.
455 3599 673 3643 Romano.
783 3600 824 3642 2.
850 3599 873 3643 1
893 3589 1090 3643 Corinth.
1110 3598 1149 3654 9,
1169 3597 1238 3640 16.
1317 3629 1320 3632 -
1343 3596 1384 3640 3.
1407 3596 1534 3640 Rom.
1555 3597 1594 3652 1,
1613 3595 1682 3640 14.
1787 3595 1829 3640 4.
1855 3596 1879 3639 1
1896 3594 2092 3640 Timoth.
2111 3595 2152 3652 5,
2168 3595 2209 3638 8.

277 3672 319 3716 5.
350 3671 629 3718 Wilhelmus.
