2782 4198
841 298 1116 337 GREGORII
1153 300 1231 336 vn
1267 298 1533 337 REGISTRI
1568 299 1632 336 111
1658 299 1720 335 21.
2146 285 2251 337 237

308 417 474 471 mines
521 415 635 470 vult
683 415 852 470 salvos
891 413 1091 470 facere¹
1129 421 1181 470 et
1217 416 1481 470 neminem
1518 416 1713 486 perire,
1761 413 1923 468 nichil
1961 416 2065 482 est,
2117 414 2254 482 quod
2286 420 2400 464 1076

309 513 365 566 in
401 513 550 567 nobis
588 513 755 581 magis
796 512 1067 583 approbet,
1109 530 1265 581 quam
1302 517 1362 566 ut
1397 512 1550 565 homo
1590 515 1711 582 post
1748 511 2076 564 dilectionem
2105 526 2254 562 suam

309 609 574 663 hominem
621 609 806 677 diligat
851 614 927 678 et,
979 609 1115 678 quod
1156 609 1256 662 sibi
1293 625 1398 661 non
1435 607 1549 661 vult
1586 606 1723 675 fieri,
1775 607 1864 660 alii
1901 623 2008 659 non
2045 603 2250 658 faciat².

309 704 458 759 Hanc
494 705 670 775 itaque
709 706 980 759 caritatem
1019 722 1113 758 nos
1154 709 1205 758 et
1241 721 1332 757 vos
1373 703 1648 773 specialius
1675 703 1823 756 nobis
1852 719 2008 770 quam
2035 701 2254 755 caeteris

309 801 549 870 gentibus
588 801 852 870 debemus,
905 802 994 871 qui
1030 818 1194 854 unum
1231 800 1419 867 Deum,
1466 799 1588 852 licet
1627 799 1831 852 diverso
1870 798 2042 866 mod0,
2089 797 2255 851 credi-

309 915 426 951 mus
466 902 518 952 et
556 897 885 967 confitemur,
933 898 1021 967 qui
1061 914 1179 950 eum
1218 899 1506 949 creatorem
1545 892 1867 947 saeculorum
1908 898 1960 947 et
1998 894 2254 961 guberna-

309 998 476 1048 torem
514 994 667 1047 huius
706 994 887 1048 mundi
926 993 1113 1047 cotidie
1151 991 1423 1045 laudamus
1465 994 1516 1044 et
1554 996 1880 1043 veneramur.
1945 989 2083 1043 Nam
2122 990 2256 1044 sicut

311 1090 576 1161 apostolus
624 1090 772 1143 dicit:
821 1091 943 1161 Ipse
988 1100 1060 1142 est
1089 1109 1205 1160 pam
1241 1098 1446 1153 nostra,
1499 1089 1594 1157 qui
1614 1087 1753 1156 fecit
1788 1084 2009 1156 utraque
2045 1082 2251 1139 unum3.

460 1185 562 1240 Sed
606 1186 740 1240 hanc
788 1186 884 1240 tibi
931 1186 1154 1254 gratiam
1204 1202 1234 1237 a
1271 1183 1383 1237 Deo
1431 1199 1730 1236 concessam
1777 1182 1953 1252 plures
1999 1182 2254 1236 nobilium

309 1281 657 1335 Romanorum
709 1299 802 1351 per
847 1299 941 1335 nos
990 1284 1385 1349 cognoscenteS,
1431 1279 1720 1333 bonitatem
1771 1282 1823 1332 et
1867 1279 2088 1332 virtutes
2137 1283 2253 1333 tuas

311 1378 518 1431 omnino
578 1377 901 1430 admirantur
958 1381 1009 1430 et
1065 1377 1387 1447 praedicant.
1455 1376 1597 1429 Inter
1644 1392 1772 1444 quos
1821 1375 1922 1427 duo
1969 1374 2254 1429 familiares

270 1470 274 1473 ’
308 1474 490 1541 nostri,
529 1472 803 1527 Albericus
832 1477 883 1526 et
910 1473 1118 1527 Cincius
1129 1470 1162 1542 ⁴,
1205 1477 1257 1527 et
1283 1472 1346 1526 ab
1384 1473 1502 1543 ipsa
1538 1489 1671 1543 pene
1699 1471 2048 1525 adolescentia
2072 1473 2128 1525 in
2153 1471 2255 1526 Ro-

307 1585 461 1622 mano
498 1569 693 1639 palatio
732 1569 1004 1623 nobiscum
1043 1570 1258 1623 enutriti
1286 1600 1353 1605 —
1381 1569 1608 1622 multum
1647 1567 2001 1621 desiderantes
2039 1568 2095 1620 in
2126 1569 2256 1621 ami-

273 1665 485 1721 ,citiam
536 1669 588 1719 et
636 1682 866 1719 amorem
915 1670 1064 1719 tuum
1111 1666 1353 1719 devenire
1402 1669 1454 1719 et
1492 1665 1556 1718 de
1594 1663 1701 1733 his,
1753 1681 1884 1734 quae
1923 1665 1979 1717 in
2016 1665 2254 1734 partibus

306 1761 498 1815 nostris
538 1761 794 1832 placuerit
831 1762 944 1830 tibi,
984 1762 1206 1816 libenter
1245 1762 1441 1815 servire
1469 1791 1538 1797 —
1569 1761 1787 1814 mittunt
1826 1760 1890 1813 ad
1929 1765 1979 1814 te
2018 1760 2255 1815 homines

309 1875 454 1911 suos:
506 1862 564 1911 ut
610 1875 704 1928 per
744 1875 831 1911 eos
869 1858 1158 1926 intelligaS,
1210 1862 1463 1927 quantum
1499 1862 1552 1912 te
1590 1858 1900 1929 prudentem
1940 1861 1992 1910 et
2027 1857 2255 1911 nobilem

307 1953 549 2022 habeant,
591 1958 642 2008 et
680 1958 931 2023 quantum
970 1954 1068 2007 tibi
1107 1954 1302 2008 servire
1334 1955 1498 2008 velint
1525 1959 1575 2008 et
1604 1954 1827 2007 valeant.
1889 1952 2027 2016 Quos
2053 1953 2256 2021 magni-

306 2048 545 2104 ficentiae
583 2054 704 2104 tuae
744 2051 1182 2118 commendanteS,
1223 2051 1595 2119 rogamus:'ut
1623 2068 1737 2104 eam
1767 2050 2056 2118 caritatem,
2098 2067 2254 2119 quam

307 2146 406 2199 tibi
450 2146 656 2216 tuisque
704 2147 944 2200 omnibus
994 2153 1200 2217 semper
1246 2147 1550 2217 impendere
1601 2147 1984 2214 desideramuS,
2035 2147 2108 2199 eis
2157 2163 2254 2216 pro

309 2258 484 2295 amore
531 2247 709 2296 nostro
758 2247 810 2296 et
855 2243 1338 2313 recompensatione
1386 2242 1652 2297 fidelitatis
1690 2243 2080 2314 praedictorum
2117 2242 2255 2295 viro-

307 2355 424 2391 rum
462 2339 763 2409 impendere
803 2339 1028 2392 studeaS.
1091 2339 1200 2393 Scit
1239 2340 1379 2393 enim
1405 2339 1564 2407 DeUS,
1606 2339 1729 2409 quia
1754 2356 1885 2410 pure
1914 2339 1980 2392 ad
2005 2338 2256 2392 honorem

307 2433 407 2487 Dei
444 2439 496 2488 te
534 2434 798 2502 diligimus
850 2439 901 2488 et
948 2435 1171 2489 salutem
1219 2439 1271 2489 et
1315 2435 1563 2489 honorem
1616 2440 1765 2489 tuum
1808 2436 1864 2488 in
1901 2435 2166 2505 praesenti
2205 2438 2257 2488 et

308 2530 364 2582 in
399 2530 576 2584 futura
613 2531 722 2585 vita
756 2531 1126 2585 desideramus
1185 2532 1360 2602 Atque
1398 2536 1458 2585 ut
1495 2533 1608 2602 ipse
1645 2532 1789 2586 Deus
1828 2532 1885 2584 in
1924 2531 2097 2585 sinum
2135 2530 2257 2585 bea-

308 2625 547 2679 titudinis
587 2627 903 2680 sanctissimi
940 2629 1266 2698 patriarchae
1305 2628 1516 2682 Abrahe
1564 2632 1686 2699 post
1732 2628 1889 2696 longa
1926 2627 2080 2680 huius
2120 2627 2256 2681 vitae

312 2721 491 2791 spacia
528 2726 579 2775 te
618 2723 883 2792 perducat,
924 2724 1078 2778 corde
1118 2729 1170 2778 et
1207 2741 1296 2779 ore
1334 2741 1594 2793 rogamus,

429 2838 469 2880 1.
505 2837 527 2880 1
550 2837 745 2882 Timoth.
769 2839 809 2894 2,
830 2838 872 2881 4.
1003 2840 1044 2883 2.
1076 2839 1233 2884 Matth.
1257 2841 1297 2897 7,
1321 2842 1391 2884 12.
1521 2841 1563 2885 3.
1595 2839 1762 2897 Ephes.
1786 2841 1826 2896 2,
1851 2839 1922 2883 14.
2052 2838 2095 2882 4.
2127 2851 2255 2895 prae-

307 2908 454 2954 fectus
487 2909 633 2967 Urbis,
664 2909 782 2955 filius
810 2911 1022 2956 Iohannis
1052 2912 1282 2969 praefecti.

951 3077 1178 3111 EXPLICIT
1206 3079 1354 3112 LIBER
1382 3078 1606 3113 TERTIUS.
